{"host":"sa7ebub27cgn5wai","time":1608553745,"event":{"mods":["BaseMod","Colored Map","Minty Spire (QoL Compilation)","SuperFastMode"],"gold_per_floor":[119,133,149,6,24,24,24,44,44,44,56,56,69,83,83,179,179,190,203,215,235,245,272,272,187,187,220,237,237,247,125,125,226,226,238,248,123,123,143,178,178,28,28,28,44,44,54,66,66,66],"floor_reached":51,"playtime":2417,"items_purged":["Strike_P","Strike_P","Swivel","LessonLearned"],"score":756,"play_id":"25c8abf0-348d-45eb-87dc-c1ae3dec7f7e","local_time":"20201221212905","is_ascension_mode":true,"campfire_choices":[{"data":"Eruption","floor":7,"key":"SMITH"},{"data":"ClearTheMind","floor":10,"key":"SMITH"},{"data":"MentalFortress","floor":12,"key":"SMITH"},{"data":"Scrawl","floor":15,"key":"SMITH"},{"data":"Adaptation","floor":24,"key":"SMITH"},{"floor":29,"key":"REST"},{"data":"Study","floor":32,"key":"SMITH"},{"data":"Adaptation","floor":41,"key":"SMITH"},{"data":"ClearTheMind","floor":44,"key":"SMITH"},{"data":"DevaForm","floor":46,"key":"SMITH"},{"data":"MentalFortress","floor":49,"key":"SMITH"}],"circlet_count":0,"master_deck":["Eruption+1","Vigilance","CutThroughFate","FlurryOfBlows","FlurryOfBlows","MentalFortress+1","Adaptation+1","ClearTheMind+1","ClearTheMind+1","Vengeance","Scrawl+1","Study+1","Adaptation+1","EmptyBody+1","FlurryOfBlows","DevaForm+1","Adaptation+1","Halt","ConjureBlade","SashWhip","InnerPeace+1","Vengeance","FollowUp+1","EmptyBody","Crescendo+1","SashWhip","FearNoEvil","MentalFortress+1"],"relics":["PureWater","NeowsBlessing","HornCleat","VioletLotus","Tiny Chest","Matryoshka","Orichalcum","Meat on the Bone","Red Mask","Pandora\u0027s Box","Centennial Puzzle","Mercury Hourglass","Mummified Hand","Prayer Wheel"],"acts_visited":["Exordium","TheCity","TheBeyond"],"potions_floor_usage":[21,23,23,28,45,50,50,50],"damage_taken":[{"damage":0,"enemies":"Cultist","floor":1,"turns":1},{"damage":0,"enemies":"Small Slimes","floor":2,"turns":1},{"damage":0,"enemies":"Jaw Worm","floor":3,"turns":1},{"damage":16,"enemies":"Lots of Slimes","floor":5,"turns":7},{"damage":0,"enemies":"2 Fungi Beasts","floor":8,"turns":2},{"damage":0,"enemies":"Blue Slaver","floor":11,"turns":4},{"damage":0,"enemies":"Looter","floor":13,"turns":3},{"damage":0,"enemies":"Large Slime","floor":14,"turns":4},{"damage":30,"enemies":"The Guardian","floor":16,"turns":9},{"damage":0,"enemies":"2 Thieves","floor":18,"turns":3},{"damage":0,"enemies":"Chosen","floor":19,"turns":3},{"damage":6,"enemies":"Snake Plant","floor":20,"turns":4},{"damage":5,"enemies":"Shelled Parasite and Fungi","floor":21,"turns":4},{"damage":17,"enemies":"Centurion and Healer","floor":22,"turns":7},{"damage":19,"enemies":"Slavers","floor":23,"turns":5},{"damage":2,"enemies":"Masked Bandits","floor":27,"turns":4},{"damage":24,"enemies":"Snake Plant","floor":28,"turns":5},{"damage":10,"enemies":"Snecko","floor":30,"turns":8},{"damage":38,"enemies":"Champ","floor":33,"turns":11},{"damage":1,"enemies":"Orb Walker","floor":35,"turns":4},{"damage":6,"enemies":"3 Shapes","floor":36,"turns":4},{"damage":12,"enemies":"Spire Growth","floor":39,"turns":4},{"damage":8,"enemies":"Giant Head","floor":40,"turns":5},{"damage":9,"enemies":"Jaw Worm Horde","floor":45,"turns":2},{"damage":5,"enemies":"4 Shapes","floor":47,"turns":3},{"damage":0,"enemies":"Transient","floor":48,"turns":5},{"damage":10,"enemies":"Awakened One","floor":50,"turns":6}],"seed_played":"8685975499632908204","potions_obtained":[{"floor":5,"key":"GamblersBrew"},{"floor":8,"key":"Ancient Potion"},{"floor":13,"key":"Regen Potion"},{"floor":16,"key":"DuplicationPotion"},{"floor":19,"key":"Fire Potion"},{"floor":21,"key":"ColorlessPotion"},{"floor":28,"key":"PowerPotion"},{"floor":33,"key":"Swift Potion"},{"floor":35,"key":"StancePotion"},{"floor":45,"key":"Strength Potion"}],"is_trial":false,"path_per_floor":["M","M","M","$","M","?","R","M","T","R","M","R","M","M","R","B",null,"M","M","M","M","M","E","R","?","T","?","M","R","M","$","R","B",null,"M","M","$","T","M","E","R","$","T","R","M","R","M","M","R","B",null],"character_chosen":"WATCHER","items_purchased":["MentalFortress","FlurryOfBlows"],"campfire_rested":1,"item_purchase_floors":[4,31],"current_hp_per_floor":[72,72,72,72,56,56,56,56,56,56,56,56,56,56,56,26,72,72,72,66,61,44,39,39,39,39,37,25,46,48,48,48,22,72,71,65,65,65,53,45,45,45,45,45,48,48,43,43,43,45],"gold":66,"neow_bonus":"THREE_ENEMY_KILL","is_daily":false,"chose_seed":false,"campfire_upgraded":10,"win_rate":0.0,"timestamp":1608553745,"path_taken":["M","M","M","$","M","?","R","M","T","R","M","R","M","M","R","BOSS","M","M","M","M","M","E","R","?","T","?","M","R","?","$","R","BOSS","M","M","$","?","M","E","R","$","T","R","M","R","M","M","R","BOSS"],"items_purchased_type":["Card","Card"],"build_version":"2020-12-13","purchased_purges":4,"victory":true,"max_hp_per_floor":[72,72,72,72,72,72,72,72,72,72,72,72,72,72,72,72,72,72,72,72,72,72,72,72,72,72,72,72,72,72,72,72,72,72,72,72,72,72,72,72,72,72,72,72,72,72,72,72,72,72],"card_choices":[{"not_picked":["FlyingSleeves","Nirvana"],"picked":"CutThroughFate","floor":1},{"not_picked":["EmptyBody","Study"],"picked":"FlurryOfBlows","floor":2},{"not_picked":["Nirvana","Wallop"],"picked":"FlurryOfBlows","floor":3},{"not_picked":["EmptyMind","ClearTheMind"],"picked":"Adaptation","floor":5},{"not_picked":["Study","Evaluate"],"picked":"ClearTheMind","floor":8},{"not_picked":["ForeignInfluence","WaveOfTheHand"],"picked":"ClearTheMind","floor":11},{"not_picked":["CutThroughFate","ThirdEye"],"picked":"Vengeance","floor":13},{"not_picked":["WindmillStrike","SashWhip"],"picked":"Scrawl","floor":14},{"not_picked":["CarveReality","CutThroughFate","ThirdEye+1"],"picked":"SKIP","floor":18},{"not_picked":["JustLucky+1","WaveOfTheHand+1","Prostrate"],"picked":"SKIP","floor":19},{"not_picked":["Halt","SandsOfTime"],"picked":"Study","floor":20},{"not_picked":["Blasphemy","ThirdEye","Protect"],"picked":"SKIP","floor":21},{"not_picked":["EmptyBody","CutThroughFate","JustLucky"],"picked":"SKIP","floor":22},{"not_picked":["Prostrate","Evaluate"],"picked":"Adaptation","floor":23},{"not_picked":["CutThroughFate","Prostrate"],"picked":"EmptyBody+1","floor":28},{"not_picked":["FlyingSleeves","Halt+1","CutThroughFate"],"picked":"SKIP","floor":30},{"not_picked":["Omniscience","LessonLearned"],"picked":"DevaForm","floor":33},{"not_picked":["Protect","FlurryOfBlows"],"picked":"InnerPeace+1","floor":35},{"not_picked":["SignatureMove","ClearTheMind"],"picked":"Vengeance","floor":36},{"not_picked":["DeceiveReality","CarveReality"],"picked":"FollowUp+1","floor":39},{"not_picked":["Wireheading","ReachHeaven"],"picked":"EmptyBody","floor":40},{"not_picked":["WindmillStrike","Vengeance"],"picked":"Crescendo+1","floor":45},{"not_picked":["EmptyMind+1","SashWhip+1","ReachHeaven+1"],"picked":"SKIP","floor":45},{"not_picked":["Nirvana+1","Consecrate"],"picked":"SashWhip","floor":47},{"not_picked":["Devotion","ThirdEye+1"],"picked":"FearNoEvil","floor":47},{"not_picked":["Prostrate","JustLucky"],"picked":"MentalFortress","floor":48},{"not_picked":["Prostrate+1","FlurryOfBlows","Collect"],"picked":"SKIP","floor":48}],"player_experience":248552,"relics_obtained":[{"floor":9,"key":"HornCleat"},{"floor":23,"key":"Tiny Chest"},{"floor":26,"key":"Orichalcum"},{"floor":26,"key":"Meat on the Bone"},{"floor":27,"key":"Red Mask"},{"floor":38,"key":"Centennial Puzzle"},{"floor":38,"key":"Mercury Hourglass"},{"floor":40,"key":"Mummified Hand"},{"floor":43,"key":"Prayer Wheel"}],"event_choices":[{"damage_healed":0,"gold_gain":0,"player_choice":"Forge","damage_taken":0,"max_hp_gain":0,"max_hp_loss":0,"event_name":"Accursed Blacksmith","floor":6,"gold_loss":0,"cards_upgraded":["Adaptation"]},{"damage_healed":0,"gold_gain":0,"player_choice":"Obtained Relic","damage_taken":0,"relics_obtained":["Matryoshka"],"max_hp_gain":0,"max_hp_loss":0,"event_name":"Addict","floor":25,"gold_loss":85},{"damage_healed":0,"gold_gain":0,"player_choice":"Fought Bandits","damage_taken":0,"max_hp_gain":0,"max_hp_loss":0,"event_name":"Masked Bandits","floor":27,"gold_loss":0}],"is_beta":false,"boss_relics":[{"not_picked":["HolyWater","Empty Cage"],"picked":"VioletLotus"},{"not_picked":["Runic Dome","Snecko Eye"],"picked":"Pandora\u0027s Box"}],"items_purged_floors":[4,31,37,42],"is_endless":false,"potions_floor_spawned":[5,8,13,16,19,21,28,33,35,40,45,47,48],"ascension_level":1}}