{"host":"nptej036rrbiurf5","time":1608533778,"event":{"mods":["BaseMod","Colored Map","Colored Powertips","DeckTracker","Minty Spire (QoL Compilation)","StSLib","SuperFastMode"],"gold_per_floor":[112,112,128,128,40,73,73,100,100,116,132,132,148,73,73,147,147,164,175,208,208,51,51,65,96,96,296,330,353,365,365],"floor_reached":30,"playtime":891,"items_purged":["Strike_B","Strike_B"],"score":576,"play_id":"e0791933-b3c6-42ac-a7fa-931c04fdc0cb","local_time":"20201221155618","is_ascension_mode":true,"campfire_choices":[{"data":"Zap","floor":7.0,"key":"SMITH"},{"data":"Capacitor","floor":12.0,"key":"SMITH"},{"data":"Sunder","floor":15.0,"key":"SMITH"},{"data":"Defragment","floor":23.0,"key":"SMITH"}],"circlet_count":0,"master_deck":["AscendersBane","Strike_B","Defend_B","Defend_B","Defend_B","Defend_B","Zap+1","Dualcast","Compile Driver","Sunder+1","Capacitor+1","Ball Lightning","Beam Cell","Glacier","Seek","Recycle","Defragment+1","Coolheaded","Barrage","Defragment","Force Field"],"relics":["FrozenCore","NeowsBlessing","White Beast Statue","Bag of Preparation","Shuriken","Red Mask","Molten Egg 2","HornCleat","MawBank"],"acts_visited":["Exordium","TheCity"],"potions_floor_usage":[],"damage_taken":[{"damage":0.0,"enemies":"Small Slimes","floor":1.0,"turns":1.0},{"damage":0.0,"enemies":"Jaw Worm","floor":3.0,"turns":1.0},{"damage":0.0,"enemies":"Gremlin Nob","floor":6.0,"turns":1.0},{"damage":25.0,"enemies":"Lagavulin","floor":8.0,"turns":6.0},{"damage":0.0,"enemies":"2 Louse","floor":10.0,"turns":2.0},{"damage":2.0,"enemies":"2 Fungi Beasts","floor":11.0,"turns":2.0},{"damage":8.0,"enemies":"Blue Slaver","floor":13.0,"turns":2.0},{"damage":3.0,"enemies":"Hexaghost","floor":16.0,"turns":7.0},{"damage":0.0,"enemies":"2 Thieves","floor":18.0,"turns":3.0},{"damage":4.0,"enemies":"Spheric Guardian","floor":19.0,"turns":5.0},{"damage":34.0,"enemies":"Masked Bandits","floor":20.0,"turns":6.0},{"damage":2.0,"enemies":"Chosen and Byrds","floor":24.0,"turns":7.0},{"damage":10.0,"enemies":"Book of Stabbing","floor":25.0,"turns":7.0},{"damage":27.0,"enemies":"Gremlin Leader","floor":28.0,"turns":8.0},{"damage":2,"enemies":"Cultist and Chosen","floor":29,"turns":9},{"damage":25,"enemies":"Book of Stabbing","floor":30,"turns":7}],"seed_played":"-4575870620609920001","potions_obtained":[{"floor":1.0,"key":"SkillPotion"},{"floor":6.0,"key":"Energy Potion"},{"floor":8.0,"key":"FairyPotion"},{"floor":10.0,"key":"Regen Potion"},{"floor":13.0,"key":"EssenceOfDarkness"},{"floor":16.0,"key":"Fruit Juice"},{"floor":18.0,"key":"EntropicBrew"},{"floor":19.0,"key":"DistilledChaos"},{"floor":20.0,"key":"DuplicationPotion"},{"floor":24.0,"key":"SteroidPotion"},{"floor":28.0,"key":"PowerPotion"},{"floor":29,"key":"FearPotion"}],"is_trial":false,"path_per_floor":["M","?","M","?","$","E","R","E","T","M","M","R","M","$","R","B",null,"M","M","?","?","$","R","M","E","T","?","E","M","E"],"character_chosen":"DEFECT","items_purchased":["Capacitor","Barrage"],"campfire_rested":0,"item_purchase_floors":[5,22],"current_hp_per_floor":[64,57,57,62,62,62,62,37,37,37,35,35,27,27,27,29,68,68,64,30,30,30,30,28,18,18,18,24,22,0,0],"gold":365,"neow_bonus":"THREE_ENEMY_KILL","is_daily":false,"chose_seed":false,"campfire_upgraded":4,"win_rate":0.0,"timestamp":1608533778,"path_taken":["M","?","M","?","?","E","R","E","T","M","M","R","M","$","R","BOSS","M","M","?","?","$","R","M","E","T","?","E","M","E"],"items_purchased_type":["Card","Card"],"build_version":"2020-12-13","purchased_purges":2,"victory":false,"max_hp_per_floor":[71,71,71,76,76,76,76,76,76,76,76,76,76,76,76,81,81,81,81,81,81,81,81,81,81,81,81,81,81,81,81],"card_choices":[{"not_picked":["BootSequence","Rebound"],"picked":"Compile Driver","floor":1.0},{"not_picked":["Reinforced Body","Glacier"],"picked":"Sunder","floor":3.0},{"not_picked":["Skim","Beam Cell"],"picked":"Ball Lightning","floor":6.0},{"not_picked":["FTL","Sweeping Beam"],"picked":"Beam Cell","floor":8.0},{"not_picked":["Scrape","Rebound","Cold Snap"],"picked":"SKIP","floor":10.0},{"not_picked":["Steam Power","Turbo","Cold Snap"],"picked":"SKIP","floor":11.0},{"not_picked":["Leap","Echo Form"],"picked":"Glacier","floor":13.0},{"not_picked":["Fission","Thunder Strike"],"picked":"Seek","floor":16.0},{"not_picked":["Gash","Redo"],"picked":"Recycle","floor":18.0},{"not_picked":["Doom and Gloom","Tempest"],"picked":"Defragment","floor":19.0},{"not_picked":["Gash","Doom and Gloom"],"picked":"Coolheaded","floor":20.0},{"not_picked":["Ball Lightning+1","Leap"],"picked":"Defragment","floor":24.0},{"not_picked":["Streamline+1","Rip and Tear+1","Defragment"],"picked":"SKIP","floor":25.0},{"not_picked":["Machine Learning","Hello World","BootSequence"],"picked":"SKIP","floor":28.0},{"not_picked":["Leap","Gash+1"],"picked":"Force Field","floor":29}],"player_experience":838832,"relics_obtained":[{"floor":6.0,"key":"White Beast Statue"},{"floor":8.0,"key":"Bag of Preparation"},{"floor":9.0,"key":"Shuriken"},{"floor":20.0,"key":"Red Mask"},{"floor":25.0,"key":"Molten Egg 2"},{"floor":26.0,"key":"HornCleat"},{"floor":28.0,"key":"MawBank"}],"event_choices":[{"cards_removed":["Strike_B"],"damage_healed":0.0,"max_hp_gain":0.0,"max_hp_loss":0.0,"gold_gain":0.0,"event_name":"Golden Wing","player_choice":"Card Removal","floor":2.0,"gold_loss":0.0,"damage_taken":7.0},{"damage_healed":0.0,"max_hp_gain":5.0,"max_hp_loss":0.0,"gold_gain":0.0,"event_name":"Big Fish","player_choice":"Donut","floor":4.0,"gold_loss":0.0,"damage_taken":0.0},{"damage_healed":0.0,"max_hp_gain":0.0,"max_hp_loss":0.0,"gold_gain":0.0,"event_name":"Masked Bandits","player_choice":"Fought Bandits","floor":20.0,"gold_loss":0.0,"damage_taken":0.0},{"damage_healed":0.0,"max_hp_gain":0.0,"max_hp_loss":0.0,"gold_gain":0.0,"event_name":"Ghosts","player_choice":"Ignored","floor":21.0,"gold_loss":0.0,"damage_taken":0.0},{"damage_healed":0.0,"max_hp_gain":0.0,"max_hp_loss":0.0,"gold_gain":250.0,"event_name":"The Joust","player_choice":"Bet on Owner","floor":27.0,"gold_loss":50.0,"damage_taken":0.0}],"is_beta":false,"boss_relics":[{"not_picked":["Sozu","Busted Crown"],"picked":"FrozenCore"}],"items_purged_floors":[14,22],"is_endless":false,"potions_floor_spawned":[1,6,8,10,11,13,16,18,19,20,24,25,28,29],"killed_by":"Book of Stabbing","ascension_level":18}}