{"host":"3jjxuhjpio8e4zkv","time":1608582738,"event":{"mods":["BaseMod","Colored Map","Minty Spire (QoL Compilation)","Permanent Neow","Relic Stats","StSLib"],"gold_per_floor":[17,33,33,108,120,120,154,154,233,261,261,22,32,44,44,117,117,137,37,37,37,55,84,104,104,104,115,146,165,165,194,194,266,266,282,157,167,185,231,231,231],"floor_reached":40,"playtime":1982,"items_purged":["Strike_G","Accuracy","Escape Plan"],"score":1212,"play_id":"62019e2a-dfdf-452f-8b68-4c922fd10976","local_time":"20201221153218","is_ascension_mode":true,"campfire_choices":[{"data":"Skewer","floor":6,"key":"SMITH"},{"floor":8,"key":"REST"},{"data":"Dagger Spray","floor":11,"key":"SMITH"},{"data":"Phantasmal Killer","floor":15,"key":"SMITH"},{"floor":25,"key":"REST"},{"data":"Glass Knife","floor":30,"key":"SMITH"},{"data":"Burst","floor":32,"key":"SMITH"}],"circlet_count":0,"master_deck":["AscendersBane","Survivor","Neutralize","Quick Slash","Predator+1","Skewer+1","Footwork","Dagger Spray+1","Glass Knife+1","Terror","Phantasmal Killer+1","Grand Finale","Unload","Dagger Throw","Backstab","Sucker Punch","Underhanded Strike","Burst+1","Blur+1","Adrenaline","Dodge and Roll","PiercingWail+1","Crippling Poison","Wraith Form v2","Dodge and Roll+1"],"relics":["Ring of the Snake","Torii","Ancient Tea Set","Paper Crane","Akabeko","Pandora\u0027s Box","Regal Pillow","Gremlin Horn","Snake Skull","HoveringKite","Gambling Chip"],"acts_visited":["Exordium","TheCity","TheBeyond"],"potions_floor_usage":[10,18,23,31,33,38,39],"damage_taken":[{"damage":1,"enemies":"2 Louse","floor":1,"turns":3},{"damage":2,"enemies":"Jaw Worm","floor":2,"turns":6},{"damage":1,"enemies":"Cultist","floor":5,"turns":3},{"damage":39,"enemies":"Lagavulin","floor":7,"turns":7},{"damage":13,"enemies":"3 Sentries","floor":10,"turns":8},{"damage":4,"enemies":"Gremlin Gang","floor":13,"turns":4},{"damage":1,"enemies":"3 Louse","floor":14,"turns":3},{"damage":0,"enemies":"Slime Boss","floor":16,"turns":3},{"damage":1,"enemies":"Shell Parasite","floor":18,"turns":2},{"damage":12,"enemies":"3 Byrds","floor":22,"turns":3},{"damage":26,"enemies":"Book of Stabbing","floor":23,"turns":3},{"damage":15,"enemies":"Shelled Parasite and Fungi","floor":24,"turns":6},{"damage":0,"enemies":"Cultist and Chosen","floor":27,"turns":3},{"damage":0,"enemies":"Gremlin Leader","floor":28,"turns":3},{"damage":3,"enemies":"Snake Plant","floor":29,"turns":2},{"damage":0,"enemies":"Slavers","floor":31,"turns":1},{"damage":0,"enemies":"Automaton","floor":33,"turns":6},{"damage":3,"enemies":"3 Shapes","floor":35,"turns":4},{"damage":0,"enemies":"Orb Walker","floor":37,"turns":3},{"damage":1,"enemies":"Spire Growth","floor":38,"turns":3},{"damage":13,"enemies":"2 Orb Walkers","floor":39,"turns":5},{"damage":63,"enemies":"Giant Head","floor":40,"turns":7}],"seed_played":"-4801478250305893083","potions_obtained":[{"floor":7,"key":"Regen Potion"},{"floor":10,"key":"SteroidPotion"},{"floor":14,"key":"FearPotion"},{"floor":16,"key":"DistilledChaos"},{"floor":23,"key":"DistilledChaos"},{"floor":28,"key":"CunningPotion"},{"floor":29,"key":"SteroidPotion"},{"floor":33,"key":"SneckoOil"},{"floor":38,"key":"Fire Potion"}],"is_trial":false,"path_per_floor":["M","M","?","?","M","R","E","R","T","E","R","$","M","M","R","B",null,"M","$","?","?","M","E","M","R","T","M","E","M","R","E","R","B",null,"M","$","M","M","?","E"],"character_chosen":"THE_SILENT","items_purchased":["Glass Knife"],"campfire_rested":2,"item_purchase_floors":[12],"current_hp_per_floor":[58,56,56,45,44,44,5,24,24,26,26,26,22,21,21,21,55,54,54,54,76,64,38,23,60,60,60,60,57,57,57,57,57,71,68,68,68,67,54,0,0],"gold":231,"neow_bonus":"ONE_RARE_RELIC","is_daily":false,"chose_seed":false,"campfire_upgraded":5,"win_rate":0.0,"timestamp":1608582738,"path_taken":["M","M","?","?","M","R","E","R","T","E","R","$","M","M","R","BOSS","M","$","?","?","M","E","M","R","T","M","E","M","R","E","R","BOSS","M","$","?","?","?","E"],"items_purchased_type":["Card"],"build_version":"2020-12-13","purchased_purges":3,"victory":false,"max_hp_per_floor":[66,66,66,66,66,66,66,66,66,66,66,66,66,66,66,66,66,66,66,66,76,76,76,76,76,76,76,76,76,76,76,76,76,76,76,76,76,76,76,76,76],"relic_stats":{"Regal Pillow":15,"Torii":65,"Gremlin Horn":[7,7],"counters":[22,88],"Gambling Chip":[3],"HoveringKite":[9],"Pandora\u0027s Box":["Phantasmal Killer","Unload","Dagger Throw","Backstab","Sucker Punch","Escape Plan","Underhanded Strike","Accuracy","Burst"],"Snake Skull":[4],"obtain_stats":[{"Regal Pillow":23,"Torii":0,"Gremlin Horn":28,"Gambling Chip":39,"HoveringKite":34,"Pandora\u0027s Box":17,"Snake Skull":31,"Paper Crane":9,"Ancient Tea Set":7,"Akabeko":10,"Ring of the Snake":0},{"Regal Pillow":11,"Torii":0,"Gremlin Horn":14,"Gambling Chip":21,"HoveringKite":17,"Pandora\u0027s Box":8,"Snake Skull":16,"Paper Crane":4,"Ancient Tea Set":4,"Akabeko":5,"Ring of the Snake":0},{"Regal Pillow":45,"Torii":0,"Gremlin Horn":57,"Gambling Chip":81,"HoveringKite":66,"Pandora\u0027s Box":37,"Snake Skull":60,"Paper Crane":19,"Ancient Tea Set":19,"Akabeko":27,"Ring of the Snake":0}],"Ring of the Snake":[44]},"card_choices":[{"not_picked":["Acrobatics","PiercingWail"],"picked":"Quick Slash","floor":1},{"not_picked":["Blade Dance","Backstab"],"picked":"Predator","floor":2},{"not_picked":["Cloak And Dagger","Deadly Poison"],"picked":"Skewer","floor":5},{"not_picked":["Backflip","Choke"],"picked":"Footwork","floor":7},{"not_picked":["Flying Knee","Deadly Poison"],"picked":"Dagger Spray","floor":10},{"not_picked":["Blade Dance","Finisher"],"picked":"Terror","floor":13},{"not_picked":["Underhanded Strike","PiercingWail"],"picked":"Phantasmal Killer","floor":14},{"not_picked":["Wraith Form v2","Night Terror"],"picked":"Grand Finale","floor":16},{"not_picked":["Blade Dance","Dagger Throw"],"picked":"Blur+1","floor":18},{"not_picked":["Deadly Poison","Slice","Skewer"],"picked":"SKIP","floor":22},{"not_picked":["Deadly Poison","Slice","Skewer"],"picked":"SKIP","floor":22},{"not_picked":["Noxious Fumes","Sucker Punch"],"picked":"Adrenaline","floor":23},{"not_picked":["Poisoned Stab","Dagger Throw"],"picked":"Dodge and Roll","floor":24},{"not_picked":["Choke","Sucker Punch","Outmaneuver"],"picked":"SKIP","floor":27},{"not_picked":["All Out Attack","Escape Plan","Doppelganger"],"picked":"SKIP","floor":28},{"not_picked":["Cloak And Dagger+1","Tactician"],"picked":"PiercingWail+1","floor":29},{"not_picked":["Finisher","Sucker Punch"],"picked":"Crippling Poison","floor":31},{"not_picked":["Burst","Doppelganger"],"picked":"Wraith Form v2","floor":33},{"not_picked":["Dash","Outmaneuver","Endless Agony"],"picked":"SKIP","floor":35},{"not_picked":["Deadly Poison","Crippling Poison","PiercingWail"],"picked":"SKIP","floor":37},{"not_picked":["Dagger Throw","Slice","Masterful Stab+1"],"picked":"SKIP","floor":38},{"not_picked":["Dagger Throw","Slice"],"picked":"Dodge and Roll+1","floor":39}],"player_experience":1075194,"relics_obtained":[{"floor":7,"key":"Ancient Tea Set"},{"floor":9,"key":"Paper Crane"},{"floor":10,"key":"Akabeko"},{"floor":23,"key":"Regal Pillow"},{"floor":28,"key":"Gremlin Horn"},{"floor":31,"key":"Snake Skull"},{"floor":39,"key":"Gambling Chip"}],"event_choices":[{"damage_healed":0,"gold_gain":0,"player_choice":"Grow","damage_taken":0,"max_hp_gain":0,"max_hp_loss":0,"event_name":"Living Wall","floor":3,"gold_loss":0,"cards_upgraded":["Predator"]},{"damage_healed":0,"gold_gain":75,"player_choice":"Gather Gold","damage_taken":11,"max_hp_gain":0,"max_hp_loss":0,"event_name":"World of Goop","floor":4,"gold_loss":0},{"damage_healed":0,"gold_gain":0,"player_choice":"Ignored","damage_taken":0,"max_hp_gain":0,"max_hp_loss":0,"event_name":"The Mausoleum","floor":20,"gold_loss":0},{"cards_removed":["Phantasmal Killer"],"damage_healed":12,"gold_gain":0,"player_choice":"Offered Rare","damage_taken":0,"max_hp_gain":10,"max_hp_loss":0,"event_name":"Bonfire Elementals","floor":21,"gold_loss":0},{"damage_healed":0,"gold_gain":0,"player_choice":"Fight","damage_taken":0,"max_hp_gain":0,"max_hp_loss":0,"event_name":"Mysterious Sphere","floor":39,"gold_loss":0}],"is_beta":false,"boss_relics":[{"not_picked":["Runic Dome","SlaversCollar"],"picked":"Pandora\u0027s Box"},{"not_picked":["Ring of the Serpent","Astrolabe"],"picked":"HoveringKite"}],"items_purged_floors":[12,19,36],"is_endless":false,"potions_floor_spawned":[7,10,14,16,23,28,29,33,38],"killed_by":"Giant Head","ascension_level":20}}