{"host":"hgkb2zpbo2dcws21","time":1608558236,"event":{"mods":["AchievementEnabler","BaseMod","Colored Map","Colored Powertips","Custom Start","DeckTracker","KOR Keyword Fix","Minty Spire (QoL Compilation)","Relic Stats","StSLib","SuperFastMode"],"gold_per_floor":[111,111,130,140,159,159,185,185,185,110,110,143,143,172,172,246,246,259,259,80,90,90,90,90,40,40,50,50,79,91,91,91,168,168,184,509,99,99,49,76,93,93,141,166,177,127,162,180,180,180],"floor_reached":51,"playtime":1228,"items_purged":["Strike_G","Strike_G","Defend_G","Doppelganger","Defend_G","Defend_G"],"score":1749,"play_id":"5f7ccd3a-4799-408e-a694-37489fb3c944","local_time":"20201221224356","is_ascension_mode":true,"campfire_choices":[{"data":"Blade Dance","floor":6,"key":"SMITH"},{"floor":8,"key":"REST"},{"data":"Prepared","floor":11,"key":"SMITH"},{"data":"Acrobatics","floor":13,"key":"SMITH"},{"data":"Accuracy","floor":15,"key":"SMITH"},{"data":"Adrenaline","floor":23,"key":"SMITH"},{"data":"Footwork","floor":28,"key":"SMITH"},{"data":"Blade Dance","floor":32,"key":"SMITH"},{"data":"Well Laid Plans","floor":42,"key":"SMITH"},{"data":"Neutralize","floor":49,"key":"SMITH"}],"circlet_count":0,"master_deck":["AscendersBane","Defend_G+1","Survivor","Neutralize+1","Backstab","Reflex+1","Accuracy+1","Blade Dance+1","Prepared+1","Acrobatics+1","Blade Dance+1","Adrenaline+1","Footwork+1","PiercingWail+1","Choke","Eviscerate","Wraith Form v2","Adrenaline","Well Laid Plans+1","Accuracy","Backflip+1","Adrenaline"],"relics":["Ring of the Snake","Regal Pillow","Dead Branch","StrikeDummy","Mummified Hand","War Paint","WristBlade","Smiling Mask","InkBottle","Nunchaku","Busted Crown","Old Coin","Kunai","Ancient Tea Set","Akabeko","Paper Crane","Bronze Scales"],"acts_visited":["Exordium","TheCity","TheBeyond"],"potions_floor_usage":[14],"damage_taken":[{"damage":2.0,"enemies":"2 Louse","floor":1.0,"turns":3.0},{"damage":0.0,"enemies":"Cultist","floor":3.0,"turns":3.0},{"damage":6.0,"enemies":"Jaw Worm","floor":4.0,"turns":6.0},{"damage":11.0,"enemies":"Blue Slaver","floor":5.0,"turns":8.0},{"damage":12,"enemies":"3 Sentries","floor":7,"turns":9},{"damage":3,"enemies":"Gremlin Nob","floor":12,"turns":3},{"damage":0,"enemies":"Lagavulin","floor":14,"turns":2},{"damage":5,"enemies":"Hexaghost","floor":16,"turns":7},{"damage":5,"enemies":"Spheric Guardian","floor":18,"turns":4},{"damage":4,"enemies":"Shell Parasite","floor":21,"turns":2},{"damage":0,"enemies":"Shelled Parasite and Fungi","floor":27,"turns":1},{"damage":2,"enemies":"Book of Stabbing","floor":29,"turns":3},{"damage":0,"enemies":"Snecko","floor":30,"turns":2},{"damage":0,"enemies":"Collector","floor":33,"turns":2},{"damage":0,"enemies":"3 Darklings","floor":35,"turns":1},{"damage":0,"enemies":"Mind Bloom Boss Battle","floor":36,"turns":1},{"damage":0,"enemies":"Giant Head","floor":40,"turns":1},{"damage":2,"enemies":"Orb Walker","floor":41,"turns":2},{"damage":0,"enemies":"Nemesis","floor":44,"turns":3},{"damage":0,"enemies":"Jaw Worm Horde","floor":45,"turns":1},{"damage":0,"enemies":"Reptomancer","floor":47,"turns":2},{"damage":0,"enemies":"Sphere and 2 Shapes","floor":48,"turns":1},{"damage":1,"enemies":"Time Eater","floor":50,"turns":4}],"seed_played":"-5166822663081167482","potions_obtained":[{"floor":4.0,"key":"EssenceOfSteel"},{"floor":7,"key":"FearPotion"},{"floor":14,"key":"Poison Potion"},{"floor":47,"key":"FairyPotion"}],"is_trial":false,"path_per_floor":["M","?","M","M","M","R","E","R","T","$","R","E","R","E","R","B",null,"M","?","$","M","?","R","T","$","T","M","R","E","M","?","R","B",null,"M","?","$","?","$","E","M","R","T","E","M","$","E","M","R","B",null],"character_chosen":"THE_SILENT","items_purchased":["Footwork","Kunai","Accuracy"],"campfire_rested":1,"item_purchase_floors":[20,37,37],"current_hp_per_floor":[57,57,57,51,40,40,28,62,62,62,62,59,59,59,59,54,63,58,58,58,54,54,54,54,54,54,54,54,52,52,52,52,52,63,63,63,63,63,63,63,61,61,61,61,61,61,61,61,61,60],"gold":180,"neow_bonus":"RANDOM_COMMON_RELIC","is_daily":false,"chose_seed":false,"campfire_upgraded":9,"win_rate":0.0,"timestamp":1608558236,"path_taken":["M","?","?","M","M","R","E","R","T","$","R","E","R","E","R","BOSS","M","?","$","M","?","R","?","?","T","M","R","E","M","?","R","BOSS","M","?","$","?","?","E","?","R","T","E","M","$","E","M","R","BOSS"],"items_purchased_type":["Card","Relic","Card"],"build_version":"2020-12-13","purchased_purges":6,"victory":true,"max_hp_per_floor":[66,66,66,66,66,66,66,66,66,66,66,66,66,66,66,66,66,66,66,66,66,66,66,66,66,66,66,66,66,66,66,66,66,66,66,66,66,66,66,66,66,66,66,66,66,66,66,66,66,66],"relic_stats":{"Regal Pillow":15,"counters":[23,71],"Dead Branch":[168],"War Paint":["Defend_G","Reflex"],"Smiling Mask":450,"Nunchaku":[12],"Busted Crown":16,"Mummified Hand":[72],"Bronze Scales":[12],"Kunai":[25],"obtain_stats":[{"Regal Pillow":0,"Dead Branch":7,"War Paint":14,"Paper Crane":44,"Smiling Mask":24,"Ancient Tea Set":40,"Akabeko":43,"Old Coin":36,"Nunchaku":29,"Busted Crown":34,"WristBlade":17,"Mummified Hand":12,"Bronze Scales":47,"Kunai":37,"StrikeDummy":9,"InkBottle":26,"Ring of the Snake":0},{"Regal Pillow":0,"Dead Branch":5,"War Paint":7,"Paper Crane":19,"Smiling Mask":10,"Ancient Tea Set":17,"Akabeko":18,"Old Coin":16,"Nunchaku":12,"Busted Crown":14,"WristBlade":8,"Mummified Hand":6,"Bronze Scales":21,"Kunai":16,"StrikeDummy":5,"InkBottle":10,"Ring of the Snake":0},{"Regal Pillow":0,"Dead Branch":29,"War Paint":34,"Paper Crane":63,"Smiling Mask":47,"Ancient Tea Set":58,"Akabeko":60,"Old Coin":57,"Nunchaku":51,"Busted Crown":55,"WristBlade":41,"Mummified Hand":32,"Bronze Scales":66,"Kunai":57,"StrikeDummy":29,"InkBottle":47,"Ring of the Snake":0}],"InkBottle":[26],"Ring of the Snake":[46]},"card_choices":[{"not_picked":["Blade Dance","Quick Slash"],"picked":"Backstab","floor":1.0},{"not_picked":["Prepared","Underhanded Strike"],"picked":"Reflex","floor":3.0},{"not_picked":["Cloak And Dagger","Predator"],"picked":"Accuracy","floor":4.0},{"not_picked":["Deadly Poison","Acrobatics"],"picked":"Blade Dance","floor":5},{"not_picked":["Reflex","Corpse Explosion"],"picked":"Prepared","floor":7},{"not_picked":["Prepared","Venomology"],"picked":"Acrobatics","floor":12},{"not_picked":["Deflect","Dash"],"picked":"Blade Dance","floor":14},{"not_picked":["Glass Knife","Storm of Steel"],"picked":"Adrenaline","floor":16},{"not_picked":["Slice","Escape Plan"],"picked":"Distraction+1","floor":18},{"not_picked":["Leg Sweep","Sucker Punch"],"picked":"PiercingWail+1","floor":21},{"not_picked":["Flechettes","Deadly Poison"],"picked":"Choke","floor":27},{"not_picked":["Noxious Fumes","Flechettes"],"picked":"Eviscerate","floor":29},{"not_picked":["Poisoned Stab","Dagger Throw","Dagger Spray"],"picked":"SKIP","floor":30},{"not_picked":["Unload","Burst"],"picked":"Adrenaline","floor":33},{"not_picked":[],"picked":"Well Laid Plans","floor":35},{"not_picked":["Slice"],"picked":"SKIP","floor":40},{"not_picked":[],"picked":"Backflip+1","floor":41},{"not_picked":["Masterful Stab"],"picked":"SKIP","floor":44},{"not_picked":["Dagger Spray+1"],"picked":"SKIP","floor":45},{"not_picked":[],"picked":"Adrenaline","floor":47},{"not_picked":["Leg Sweep"],"picked":"SKIP","floor":48}],"player_experience":1095542,"relics_obtained":[{"floor":7,"key":"Dead Branch"},{"floor":9,"key":"StrikeDummy"},{"floor":12,"key":"Mummified Hand"},{"floor":14,"key":"War Paint"},{"floor":24,"key":"Smiling Mask"},{"floor":26,"key":"InkBottle"},{"floor":29,"key":"Nunchaku"},{"floor":36,"key":"Old Coin"},{"floor":40,"key":"Ancient Tea Set"},{"floor":43,"key":"Akabeko"},{"floor":44,"key":"Paper Crane"},{"floor":47,"key":"Bronze Scales"}],"event_choices":[{"cards_removed":["Strike_G"],"damage_healed":0.0,"max_hp_gain":0.0,"max_hp_loss":0.0,"gold_gain":0.0,"event_name":"Bonfire Elementals","player_choice":"Offered Basic","floor":2.0,"gold_loss":0.0,"damage_taken":0.0},{"damage_healed":0,"gold_gain":0,"player_choice":"Ignored","damage_taken":0,"max_hp_gain":0,"max_hp_loss":0,"event_name":"Ghosts","floor":19,"gold_loss":0},{"cards_removed":["Defend_G"],"damage_healed":0,"gold_gain":0,"player_choice":"Elegance","damage_taken":0,"max_hp_gain":0,"max_hp_loss":0,"event_name":"Back to Basics","floor":22,"gold_loss":0},{"damage_healed":0,"gold_gain":0,"cards_transformed":["Strike_G","Strike_G"],"player_choice":"Became Test Subject","damage_taken":0,"max_hp_gain":0,"max_hp_loss":0,"event_name":"Drug Dealer","floor":31,"gold_loss":0,"cards_obtained":["Doppelganger","Wraith Form v2"]},{"damage_healed":0,"gold_gain":0,"player_choice":"Fight","damage_taken":0,"max_hp_gain":0,"max_hp_loss":0,"event_name":"MindBloom","floor":36,"gold_loss":0},{"cards_removed":["Distraction"],"damage_healed":0,"gold_gain":0,"player_choice":"Removed Skill","damage_taken":0,"max_hp_gain":0,"max_hp_loss":0,"event_name":"Falling","floor":38,"gold_loss":0}],"is_beta":false,"boss_relics":[{"not_picked":["Ring of the Serpent","Cursed Key"],"picked":"WristBlade"},{"not_picked":["Runic Dome","Empty Cage"],"picked":"Busted Crown"}],"items_purged_floors":[10,20,25,37,39,46],"is_endless":false,"potions_floor_spawned":[4,7,14,16,29,33,40,44,47],"ascension_level":18}}