{"host":"8l1xuphorofpdxlv","time":1608563130,"event":{"mods":["AchievementEnabler","BaseMod","DeckTracker","Minty Spire (QoL Compilation)","Quick Restart","SuperFastMode"],"gold_per_floor":[110,32,32,49,69,101,101,114,114,114,114,74,74,74,74,193,193,211,232,157,157,173,173,188,227,227,47,47,66,66,106,106,231,231,252,585,585,167,180,180,205,234,246,258,270,504,549,132,132,132],"floor_reached":51,"playtime":1477,"items_purged":["Strike_B","Strike_B","Strike_B","Pain"],"score":980,"play_id":"368d9414-0cd2-46e9-ab6c-fc5910de177a","local_time":"20201222000530","is_ascension_mode":true,"campfire_choices":[{"data":"Dualcast","floor":7,"key":"SMITH"},{"data":"Defragment","floor":11,"key":"SMITH"},{"data":"Defragment","floor":13,"key":"SMITH"},{"data":"Chaos","floor":15,"key":"SMITH"},{"data":"Defragment","floor":23,"key":"SMITH"},{"data":"Darkness","floor":28,"key":"SMITH"},{"data":"Chaos","floor":30,"key":"SMITH"},{"data":"Coolheaded","floor":32,"key":"SMITH"},{"floor":40,"key":"REST"},{"floor":45,"key":"REST"},{"floor":49,"key":"REST"}],"circlet_count":0,"master_deck":["Strike_B","Defend_B","Defend_B","Defend_B","Defend_B","Zap","Dualcast+1","Cold Snap","Defragment+1","Glacier","Chill","Hologram","Chaos+1","Defragment+1","Rainbow","Compile Driver","Cold Snap+1","Defragment+1","Turbo","Ball Lightning","Skim","FTL+1","Ball Lightning+1","Decay","Coolheaded+1","Darkness+1","Core Surge","Chaos+1","Coolheaded","Conserve Battery+1","Defragment+1","Defragment+1","Flash of Steel","Deep Breath","Chaos+1"],"relics":["Cracked Core","NeowsBlessing","Meat on the Bone","Prayer Wheel","Turnip","Vajra","Cursed Key","Art of War","Red Mask","WingedGreaves","Bottled Lightning","Fusion Hammer","Lantern","DollysMirror","Bag of Preparation","MawBank","Pocketwatch","Frozen Eye"],"acts_visited":["TheCity","TheBeyond"],"potions_floor_usage":[25,25,25,47,47,50,50,50],"damage_taken":[{"damage":0,"enemies":"2 Louse","floor":1,"turns":1},{"damage":0,"enemies":"Cultist","floor":4,"turns":1},{"damage":0,"enemies":"Jaw Worm","floor":5,"turns":1},{"damage":5,"enemies":"3 Sentries","floor":6,"turns":10},{"damage":3,"enemies":"Exordium Thugs","floor":8,"turns":6},{"damage":2,"enemies":"Hexaghost","floor":16,"turns":10},{"damage":17,"enemies":"2 Thieves","floor":18,"turns":4},{"damage":0,"enemies":"3 Byrds","floor":19,"turns":5},{"damage":2,"enemies":"Cultist and Chosen","floor":22,"turns":6},{"damage":15,"enemies":"Centurion and Healer","floor":24,"turns":8},{"damage":0,"enemies":"Masked Bandits","floor":25,"turns":2},{"damage":0,"enemies":"3 Cultists","floor":29,"turns":5},{"damage":0,"enemies":"Book of Stabbing","floor":31,"turns":5},{"damage":1,"enemies":"Automaton","floor":33,"turns":9},{"damage":0,"enemies":"3 Shapes","floor":35,"turns":4},{"damage":0,"enemies":"3 Darklings","floor":39,"turns":6},{"damage":9,"enemies":"Nemesis","floor":42,"turns":5},{"damage":9,"enemies":"Giant Head","floor":47,"turns":8},{"damage":48,"enemies":"Donu and Deca","floor":50,"turns":13}],"seed_played":"-1337752313440621524","potions_obtained":[{"floor":1,"key":"Weak Potion"},{"floor":5,"key":"DistilledChaos"},{"floor":8,"key":"ColorlessPotion"},{"floor":18,"key":"SpeedPotion"},{"floor":22,"key":"SkillPotion"},{"floor":33,"key":"Block Potion"},{"floor":35,"key":"GamblersBrew"},{"floor":39,"key":"Swift Potion"}],"is_trial":false,"path_per_floor":["M","$","?","M","M","E","R","M","T","?","R","$","R","?","R","B",null,"M","M","$","?","M","R","M","?","T","$","R","M","R","E","R","B",null,"M","?","?","$","M","R","T","E","T","?","R","?","E","$","R","B",null],"character_chosen":"DEFECT","items_purchased":["Defragment","Defragment","Coolheaded","Darkness","Lantern","DollysMirror","Swift Potion","Frozen Eye","EssenceOfSteel"],"campfire_rested":3,"item_purchase_floors":[2,12,27,27,38,38,48,48,48],"current_hp_per_floor":[75,75,75,75,75,70,70,67,67,49,49,49,49,42,42,40,75,58,58,58,58,56,56,41,41,41,41,41,41,41,41,41,40,75,75,75,75,75,75,75,75,66,66,56,75,75,66,66,75,39],"gold":132,"neow_bonus":"THREE_ENEMY_KILL","is_daily":false,"chose_seed":false,"campfire_upgraded":8,"win_rate":0.0,"timestamp":1608563130,"path_taken":["M","$","?","M","?","E","R","M","T","?","R","?","R","?","R","BOSS","M","M","$","?","M","R","M","?","T","?","R","M","R","E","R","BOSS","M","?","?","$","?","R","?","E","T","?","R","?","E","?","R","BOSS"],"items_purchased_type":["Card","Card","Card","Card","Relic","Relic","Potion","Relic","Potion"],"build_version":"2020-12-13","purchased_purges":4,"victory":true,"max_hp_per_floor":[75,75,75,75,75,75,75,75,75,75,75,75,75,75,75,75,75,75,75,75,75,75,75,75,75,75,75,75,75,75,75,75,75,75,75,75,75,75,75,75,75,75,75,75,75,75,75,75,75,75],"card_choices":[{"not_picked":["Doom and Gloom","Go for the Eyes"],"picked":"Cold Snap","floor":1},{"not_picked":["Tempest","Go for the Eyes"],"picked":"Glacier","floor":4},{"not_picked":["Chill","Barrage","Doom and Gloom"],"picked":"SKIP","floor":5},{"not_picked":["Barrage","Doom and Gloom"],"picked":"Chill","floor":5},{"not_picked":["Meteor Strike","Aggregate"],"picked":"Hologram","floor":6},{"not_picked":["Beam Cell","Sunder"],"picked":"Chaos","floor":8},{"not_picked":["Doom and Gloom","Force Field","Go for the Eyes"],"picked":"SKIP","floor":8},{"not_picked":["Fission","Meteor Strike"],"picked":"Rainbow","floor":16},{"not_picked":["Doom and Gloom","BootSequence+1"],"picked":"Compile Driver","floor":18},{"not_picked":["Recycle+1","Sunder"],"picked":"Cold Snap+1","floor":18},{"not_picked":["Double Energy","Chill+1"],"picked":"Defragment","floor":19},{"not_picked":["Heatsinks+1","Aggregate"],"picked":"Turbo","floor":19},{"not_picked":["Streamline","Aggregate"],"picked":"Ball Lightning","floor":22},{"not_picked":["Steam+1","Barrage+1"],"picked":"Skim","floor":22},{"not_picked":["Fusion+1","Beam Cell"],"picked":"FTL+1","floor":24},{"not_picked":["Static Discharge","Streamline"],"picked":"Ball Lightning+1","floor":24},{"not_picked":["Leap","FTL+1"],"picked":"Core Surge","floor":29},{"not_picked":["Steam","Leap+1"],"picked":"Chaos","floor":29},{"not_picked":["Beam Cell+1","Consume"],"picked":"Coolheaded","floor":31},{"not_picked":["Skim+1","Coolheaded+1"],"picked":"Conserve Battery+1","floor":35},{"not_picked":["Force Field+1","Recycle+1","Rebound"],"picked":"SKIP","floor":35},{"not_picked":["Turbo","Heatsinks","White Noise"],"picked":"SKIP","floor":39},{"not_picked":["Scrape","Leap","Compile Driver+1"],"picked":"SKIP","floor":39},{"not_picked":["Lockon+1","Hyperbeam","Skim"],"picked":"SKIP","floor":42},{"not_picked":["Finesse","Trip"],"picked":"Flash of Steel","floor":44},{"not_picked":["Jack Of All Trades","Good Instincts"],"picked":"Deep Breath","floor":44},{"not_picked":["Reprogram","Reinforced Body"],"picked":"Chaos+1","floor":47}],"player_experience":83059,"relics_obtained":[{"floor":6,"key":"Prayer Wheel"},{"floor":9,"key":"Turnip"},{"floor":25,"key":"Red Mask"},{"floor":26,"key":"WingedGreaves"},{"floor":31,"key":"Bottled Lightning"},{"floor":41,"key":"Bag of Preparation"},{"floor":42,"key":"MawBank"},{"floor":47,"key":"Pocketwatch"}],"event_choices":[{"damage_healed":0,"gold_gain":0,"player_choice":"Gave Potion","damage_taken":0,"relics_obtained":["Meat on the Bone"],"max_hp_gain":0,"max_hp_loss":0,"event_name":"WeMeetAgain","floor":3,"gold_loss":0},{"damage_healed":0,"gold_gain":0,"player_choice":"Take Damage","damage_taken":18,"relics_obtained":["Golden Idol"],"max_hp_gain":0,"max_hp_loss":0,"event_name":"Golden Idol","floor":10,"gold_loss":0},{"damage_healed":0,"gold_gain":0,"player_choice":"Success","damage_taken":7,"relics_obtained":["Vajra"],"max_hp_gain":0,"max_hp_loss":0,"event_name":"Scrap Ooze","floor":14,"gold_loss":0},{"damage_healed":0,"gold_gain":0,"player_choice":"Opened","damage_taken":0,"relics_obtained":["Art of War"],"max_hp_gain":0,"max_hp_loss":0,"event_name":"The Mausoleum","floor":21,"gold_loss":0},{"damage_healed":0,"gold_gain":0,"player_choice":"Fought Bandits","damage_taken":0,"max_hp_gain":0,"max_hp_loss":0,"event_name":"Masked Bandits","floor":25,"gold_loss":0},{"damage_healed":0,"gold_gain":333,"player_choice":"Gave Idol","damage_taken":0,"max_hp_gain":0,"max_hp_loss":0,"event_name":"The Moai Head","floor":36,"relics_lost":["Golden Idol"],"gold_loss":0},{"damage_healed":0,"gold_gain":0,"player_choice":"Copied","damage_taken":0,"max_hp_gain":0,"max_hp_loss":0,"event_name":"Duplicator","floor":37,"gold_loss":0,"cards_obtained":["Defragment"]},{"damage_healed":0,"gold_gain":0,"player_choice":"Memory 3","damage_taken":10,"max_hp_gain":0,"max_hp_loss":0,"event_name":"SensoryStone","floor":44,"gold_loss":0},{"damage_healed":0,"gold_gain":222,"player_choice":"Wore Mask","damage_taken":0,"max_hp_gain":0,"max_hp_loss":0,"event_name":"Tomb of Lord Red Mask","floor":46,"gold_loss":0}],"is_beta":false,"boss_relics":[{"not_picked":["Calling Bell","Runic Pyramid"],"picked":"Cursed Key"},{"not_picked":["FrozenCore","Black Star"],"picked":"Fusion Hammer"}],"items_purged_floors":[20,27,38,48],"is_endless":false,"potions_floor_spawned":[1,5,8,18,22,24,33,35,39],"ascension_level":4}}