{"host":"bpszg8uald72z2zd","time":1608554972,"event":{"mods":["AchievementEnabler","BaseMod","Colored Map","DeckTracker","Keyboard Shortcuts","Minty Spire (QoL Compilation)","Relic Stats","SuperFastMode"],"gold_per_floor":[114,126,144,94,94,94,120,120,196,196,213,213,225,239,239,344,344,363,363,389,405,405,405,330,330,330],"floor_reached":25,"playtime":816,"items_purged":["MasterReality"],"score":312,"play_id":"c112afb2-cff1-4772-9a23-d19b71c02ca3","local_time":"20201221214932","is_ascension_mode":true,"campfire_choices":[{"data":"Eruption","floor":6,"key":"SMITH"},{"data":"Adaptation","floor":8,"key":"SMITH"},{"data":"MentalFortress","floor":10,"key":"SMITH"},{"data":"Vigilance","floor":15,"key":"SMITH"},{"data":"Adaptation","floor":23,"key":"SMITH"}],"circlet_count":0,"master_deck":["AscendersBane","Eruption+1","Vigilance+1","CutThroughFate","MentalFortress+1","Adaptation+1","Omniscience","Sanctity","InnerPeace","Tantrum","SpiritShield","Perseverance","PathToVictory","Adaptation+1","TalkToTheHand"],"relics":["PureWater","Omamori","StrikeDummy","Pandora\u0027s Box","Red Mask","Girya"],"acts_visited":["Exordium","TheCity"],"potions_floor_usage":[3,7,14,20],"damage_taken":[{"damage":0,"enemies":"2 Louse","floor":1,"turns":3},{"damage":4,"enemies":"Jaw Worm","floor":2,"turns":4},{"damage":6,"enemies":"Cultist","floor":3,"turns":5},{"damage":17,"enemies":"Lagavulin","floor":7,"turns":7},{"damage":4,"enemies":"Looter","floor":11,"turns":4},{"damage":0,"enemies":"2 Fungi Beasts","floor":13,"turns":2},{"damage":0,"enemies":"Exordium Wildlife","floor":14,"turns":3},{"damage":33,"enemies":"Slime Boss","floor":16,"turns":6},{"damage":3,"enemies":"Shell Parasite","floor":18,"turns":7},{"damage":34,"enemies":"Masked Bandits","floor":20,"turns":5},{"damage":0,"enemies":"Spheric Guardian","floor":21,"turns":3},{"damage":42,"enemies":"Slavers","floor":25,"turns":5}],"seed_played":"1322981101256848938","potions_obtained":[{"floor":2,"key":"StancePotion"},{"floor":7,"key":"Fruit Juice"},{"floor":12,"key":"Regen Potion"},{"floor":12,"key":"DistilledChaos"},{"floor":16,"key":"BlessingOfTheForge"}],"is_trial":false,"path_per_floor":["M","M","M","?","?","R","E","R","T","R","M","?","M","M","R","B",null,"M","?","?","M","?","R","$","E"],"character_chosen":"WATCHER","items_purchased":[],"campfire_rested":0,"item_purchase_floors":[],"current_hp_per_floor":[65,61,55,55,72,72,60,60,60,60,56,56,56,56,56,23,64,61,61,41,41,41,41,41,0,0],"gold":330,"neow_bonus":"THREE_CARDS","is_daily":false,"chose_seed":false,"campfire_upgraded":5,"win_rate":0.0,"timestamp":1608554972,"path_taken":["M","M","M","?","?","R","E","R","T","R","M","?","M","?","R","BOSS","M","?","?","M","?","R","$","E"],"items_purchased_type":[],"build_version":"2020-12-13","purchased_purges":1,"victory":false,"max_hp_per_floor":[72,72,72,72,72,72,77,77,77,77,77,77,77,77,77,77,77,77,77,77,77,77,77,77,77,77],"relic_stats":{"counters":[12,54],"Pandora\u0027s Box":["Sanctity","MasterReality","InnerPeace","Tantrum","SpiritShield","Perseverance","PathToVictory"],"obtain_stats":[{"Girya":22,"Pandora\u0027s Box":17,"Omamori":7,"Red Mask":20,"PureWater":0,"StrikeDummy":9},{"Girya":11,"Pandora\u0027s Box":8,"Omamori":4,"Red Mask":10,"PureWater":0,"StrikeDummy":4},{"Girya":49,"Pandora\u0027s Box":34,"Omamori":19,"Red Mask":46,"PureWater":0,"StrikeDummy":19}]},"card_choices":[{"not_picked":["Consecrate","PathToVictory"],"picked":"CutThroughFate","floor":0},{"not_picked":["ClearTheMind","FlyingSleeves"],"picked":"MentalFortress","floor":1},{"not_picked":["WreathOfFlame","ClearTheMind","JustLucky"],"picked":"SKIP","floor":2},{"not_picked":["Consecrate","WheelKick"],"picked":"Adaptation","floor":3},{"not_picked":["Worship","EmptyBody","FlyingSleeves"],"picked":"SKIP","floor":7},{"not_picked":["Swivel","Weave","WreathOfFlame"],"picked":"SKIP","floor":11},{"not_picked":["Swivel","Weave","WreathOfFlame"],"picked":"SKIP","floor":11},{"not_picked":["EmptyBody","Conclude","JustLucky"],"picked":"SKIP","floor":13},{"not_picked":["Fasting2","Protect","BowlingBash"],"picked":"SKIP","floor":14},{"not_picked":["Devotion","Brilliance"],"picked":"Omniscience","floor":16},{"not_picked":["FollowUp","FlurryOfBlows"],"picked":"Adaptation","floor":18},{"not_picked":["Perseverance","CutThroughFate+1","FollowUp"],"picked":"SKIP","floor":21}],"player_experience":438003,"relics_obtained":[{"floor":7,"key":"Omamori"},{"floor":9,"key":"StrikeDummy"},{"floor":20,"key":"Red Mask"}],"event_choices":[{"cards_removed":["Strike_P"],"damage_healed":0,"gold_gain":0,"player_choice":"Card Removal","damage_taken":0,"max_hp_gain":0,"max_hp_loss":0,"event_name":"The Cleric","floor":4,"gold_loss":50},{"damage_healed":24,"gold_gain":0,"player_choice":"Banana","damage_taken":0,"max_hp_gain":0,"max_hp_loss":0,"event_name":"Big Fish","floor":5,"gold_loss":0},{"damage_healed":0,"gold_gain":0,"player_choice":"Got Potions","damage_taken":0,"max_hp_gain":0,"max_hp_loss":0,"event_name":"Lab","floor":12,"gold_loss":0},{"damage_healed":0,"gold_gain":0,"player_choice":"Read","damage_taken":0,"max_hp_gain":0,"max_hp_loss":0,"event_name":"The Library","floor":19,"gold_loss":0,"cards_obtained":["TalkToTheHand"]},{"damage_healed":0,"gold_gain":0,"player_choice":"Fought Bandits","damage_taken":0,"max_hp_gain":0,"max_hp_loss":0,"event_name":"Masked Bandits","floor":20,"gold_loss":0},{"damage_healed":0,"gold_gain":0,"player_choice":"Opened","damage_taken":0,"relics_obtained":["Girya"],"max_hp_gain":0,"max_hp_loss":0,"event_name":"The Mausoleum","floor":22,"gold_loss":0}],"is_beta":false,"boss_relics":[{"not_picked":["Tiny House","Runic Pyramid"],"picked":"Pandora\u0027s Box"}],"items_purged_floors":[24],"is_endless":false,"potions_floor_spawned":[2,7,16,18],"killed_by":"Slavers","ascension_level":11}}