{"host":"27cnk69rbdk9vsnt","time":1608588878,"event":{"mods":["BaseMod","Beaked The Cultist","Duelist Mod","Ekko","Energized Spire","Glutton Mod","JesterMod","Jorbs\u0027s Wanderer Trilogy","Mimic Mod","Minty Spire (QoL Compilation)","Shop Mod","StSLib","The Elementalist","Thieving Mod"],"gold_per_floor":[128,203,203,219,144,144,173,173,173,51,95,112,112,122,122,224,224,239,239,253,102,124,124,124],"floor_reached":23,"playtime":1254,"items_purged":["stsjorbsmod:Defend_Wanderer","stsjorbsmod:Defend_Wanderer"],"score":209,"play_id":"577956b6-434b-484b-aff0-f3b3f86bf5e8","local_time":"20201221231438","is_ascension_mode":true,"campfire_choices":[{"data":"stsjorbsmod:BurningFlask","floor":6,"key":"SMITH"},{"floor":8,"key":"REST"},{"data":"stsjorbsmod:EyeOfTheStorm","floor":15,"key":"SMITH"}],"circlet_count":0,"master_deck":["stsjorbsmod:ForbiddenGrimoire+1","stsjorbsmod:Strike_Wanderer","stsjorbsmod:Strike_Wanderer","stsjorbsmod:Strike_Wanderer","stsjorbsmod:Defend_Wanderer+1","stsjorbsmod:FreshAdventure","stsjorbsmod:EyeOfTheStorm+1","stsjorbsmod:FlameWard","stsjorbsmod:MirrorImage+1","stsjorbsmod:BurningFlask+1","stsjorbsmod:Prepare","stsjorbsmod:BurningFlask"],"relics":["stsjorbsmod:GrimoireRelic","stsjorbsmod:BottledMemoryRelic","Singing Bowl","InkBottle","elementalistmod:RedRibbon","energizedSpire:OgreHead","Matryoshka","Medical Kit"],"acts_visited":["Exordium","TheCity"],"potions_floor_usage":[18,20,23],"damage_taken":[{"damage":0,"enemies":"2 Louse","floor":1,"turns":3},{"damage":0,"enemies":"Jaw Worm","floor":4,"turns":6},{"damage":23,"enemies":"Gremlin Nob","floor":7,"turns":6},{"damage":19,"enemies":"Lagavulin","floor":11,"turns":6},{"damage":0,"enemies":"Small Slimes","floor":12,"turns":3},{"damage":0,"enemies":"2 Fungi Beasts","floor":14,"turns":4},{"damage":19,"enemies":"Slime Boss","floor":16,"turns":11},{"damage":11,"enemies":"3 Byrds","floor":18,"turns":3},{"damage":8,"enemies":"2 Thieves","floor":20,"turns":4},{"damage":13,"enemies":"Centurion and Healer","floor":22,"turns":5},{"damage":28,"enemies":"Gremlin Leader","floor":23,"turns":5}],"seed_played":"5384507568518561549","potions_obtained":[{"floor":7,"key":"BlessingOfTheForge"},{"floor":14,"key":"Energy Potion"},{"floor":18,"key":"ColorlessPotion"},{"floor":22,"key":"ColorlessPotion"}],"is_trial":false,"path_per_floor":["M","?","?","M","$","R","E","R","T","$","E","M","?","M","R","B",null,"M","?","M","$","M","E"],"character_chosen":"WANDERER","items_purchased":["stsjorbsmod:WanderingMind","Medical Kit"],"campfire_rested":1,"item_purchase_floors":[10,21],"current_hp_per_floor":[62,51,39,40,40,40,19,37,37,37,21,25,25,30,30,11,66,56,56,56,36,26,0,0],"gold":124,"neow_bonus":"TRANSFORM_TWO_CARDS","is_daily":false,"chose_seed":false,"campfire_upgraded":2,"win_rate":0.0,"timestamp":1608588878,"path_taken":["M","?","?","M","?","R","E","R","T","$","E","M","?","M","R","BOSS","M","?","M","?","?","E"],"items_purchased_type":["Card","Relic"],"build_version":"2020-12-13","purchased_purges":2,"victory":false,"max_hp_per_floor":[62,62,62,62,62,62,62,62,62,62,62,64,64,66,66,66,66,66,66,70,70,70,70,70],"card_choices":[{"not_picked":["stsjorbsmod:WanderingMind","stsjorbsmod:Prestidigitation"],"picked":"stsjorbsmod:BurningFlask","floor":1},{"not_picked":["stsjorbsmod:Index","stsjorbsmod:Banish"],"picked":"stsjorbsmod:Prepare","floor":4},{"not_picked":["stsjorbsmod:Mending","stsjorbsmod:Mindworm"],"picked":"stsjorbsmod:HedgeWizard","floor":7},{"not_picked":["stsjorbsmod:WanderingMind","stsjorbsmod:Inferno"],"picked":"stsjorbsmod:DeathThroes","floor":11},{"not_picked":["stsjorbsmod:Mindworm","stsjorbsmod:ChatteringStrike","stsjorbsmod:RefuseToForget"],"picked":"Singing Bowl","floor":12},{"not_picked":["stsjorbsmod:FlameWard","stsjorbsmod:Hurt","stsjorbsmod:BlackTentacles"],"picked":"Singing Bowl","floor":14},{"not_picked":["stsjorbsmod:GatherPower","stsjorbsmod:PurgeMind"],"picked":"stsjorbsmod:Feast","floor":16},{"not_picked":["stsjorbsmod:UnseenServant","stsjorbsmod:Index+1"],"picked":"stsjorbsmod:FindFamiliar+1","floor":18},{"not_picked":["stsjorbsmod:FlameWard","stsjorbsmod:Mania","stsjorbsmod:DisguiseSelf"],"picked":"Singing Bowl","floor":20},{"not_picked":["stsjorbsmod:Firebolt","stsjorbsmod:MagicMissiles"],"picked":"stsjorbsmod:BurningFlask","floor":22}],"player_experience":497254,"relics_obtained":[{"floor":7,"key":"stsjorbsmod:BottledMemoryRelic"},{"floor":9,"key":"Singing Bowl"},{"floor":11,"key":"InkBottle"}],"event_choices":[{"damage_healed":0,"gold_gain":75,"player_choice":"Gather Gold","damage_taken":11,"max_hp_gain":0,"max_hp_loss":0,"event_name":"World of Goop","floor":2,"gold_loss":0},{"damage_healed":0,"gold_gain":0,"player_choice":"Entered Light","damage_taken":12,"max_hp_gain":0,"max_hp_loss":0,"event_name":"Shining Light","floor":3,"gold_loss":0,"cards_upgraded":["stsjorbsmod:MirrorImage","stsjorbsmod:Defend_Wanderer"]},{"damage_healed":0,"gold_gain":0,"player_choice":"Gave Potion","damage_taken":0,"relics_obtained":["Matryoshka"],"max_hp_gain":0,"max_hp_loss":0,"event_name":"WeMeetAgain","floor":19,"gold_loss":0}],"is_beta":false,"boss_relics":[{"not_picked":["SacredBark","Sozu"],"picked":"energizedSpire:OgreHead"}],"items_purged_floors":[5,10],"is_endless":false,"potions_floor_spawned":[7,14,18,22],"killed_by":"Gremlin Leader","ascension_level":1}}