{"host":"qljq6nt1bltq73k9","time":1608528656,"event":{"mods":["BaseMod","Colored Map","Colored Powertips","Downfall","Lobotomy","Minty Spire (QoL Compilation)","Quick Restart","Replay The Spire","StSLib"],"gold_per_floor":[99999,99999,99999,99999,100012,100012,100012,99293,99293,99304,99304,99334,99352,99382,99382,99482,99482,99492,99402,98550,98567,98598,98598,98629,98629,98656,97897,97932,96998,96998,97013,97013,97113,97113,97132,96155,96155,95430,95495,95520,95532,95548,95574,95574,94673,94683,94699,94730,94778,94778,94778,94778,94778],"floor_reached":54,"playtime":2314,"items_purged":["Looming Evil","Defend_B","Strike_B","Strike_B","Strike_B","Strike_B","ReplayTheSpireMod:Splinters"],"score":1114,"play_id":"b46e2ed5-c765-4ff3-8f85-5bc1cec13b6d","local_time":"20201221133056","is_ascension_mode":false,"campfire_choices":[{"floor":15.0,"key":"REST"},{"data":"Creative AI","floor":23.0,"key":"SMITH"},{"floor":25.0,"key":"REST"},{"data":"White Noise","floor":32.0,"key":"SMITH"},{"data":"Fission","floor":44.0,"key":"SMITH"}],"circlet_count":0,"master_deck":["Defend_B+1","Defend_B","VoidDream","Vigilance+1","Eruption","LongBird","Melter","Storm+1","WallGazer","Time Bomb","ReplayRNGCard+1","Capacitor","Barrage","SnowQueen","Creative AI+1","Sweeping Beam","Defragment","Replay:SS_forest_2","White Noise+1","Sweeping Beam","Cold Snap+1","Static Discharge","Loop","Lockon","Echo Form","J.A.X.","ReplayTheSpireMod:Reroute Power","Fission+1","Capacitor","Poisoned Strike+1","expansioncontent:AwakenDeath","expansioncontent:StudyTheSpire","Defragment","FIFO Queue+1","Seek","Heatsinks","Panache","expansioncontent:Chronoboost","Magnetism","RedShoes","BodiesMountain"],"relics":["Cracked Core","CogitoBucket","RabbitCall","Calipers","Ring of Hypnosis","Ring of Shattering","Bronze Scales","Du-Vu Doll","Mummified Hand","Pondfish Scales","Onion Ring","Anchor","Nuclear Battery","BackwardClock","Letter Opener","OrangePellets","Replay:Antivirus Software","Red Mask","WingedGreaves","War Paint","Bag of Preparation","Boot","Medical Kit","Bag of Marbles","Mercury Hourglass","Replay:Accelerometer","TheAbacus","AspirationHeart","ReplayTheSpireMod:DimensionalGlitch","Singing Bowl","Strawberry","Guide Book","Vajra","Toy Ornithopter","Replay:Frozen Program","ReplayTheSpireMod:Lightbulb","Replay:Baseball","SkinProphecy","AtMidnight","Oddly Smooth Stone","Quantum Egg","Replay:Bottled Flurry","ReplayTheSpireMod:ShopPack","Pen Nib","Unceasing Top"],"acts_visited":["Exordium","TheCity","TheBeyond"],"potions_floor_usage":[54,54],"damage_taken":[{"damage":3.0,"enemies":"Jaw Worm","floor":1.0,"turns":4.0},{"damage":0.0,"enemies":"2 Louse","floor":5.0,"turns":3.0},{"damage":0.0,"enemies":"Cultist","floor":10.0,"turns":2.0},{"damage":32.0,"enemies":"3 Sentries","floor":12.0,"turns":6.0},{"damage":1.0,"enemies":"Looter","floor":13.0,"turns":2.0},{"damage":6.0,"enemies":"Lagavulin","floor":14.0,"turns":5.0},{"damage":19.0,"enemies":"The Guardian","floor":16.0,"turns":8.0},{"damage":10.0,"enemies":"Chosen","floor":18.0,"turns":3.0},{"damage":2.0,"enemies":"3 Byrds","floor":21.0,"turns":2.0},{"damage":8.0,"enemies":"Masked Bandits","floor":22.0,"turns":3.0},{"damage":19.0,"enemies":"Book of Stabbing","floor":24.0,"turns":5.0},{"damage":2.0,"enemies":"Gremlin Leader","floor":28.0,"turns":4.0},{"damage":4.0,"enemies":"Centurion and Healer","floor":31.0,"turns":5.0},{"damage":5.0,"enemies":"Champ","floor":33.0,"turns":5.0},{"damage":8.0,"enemies":"Orb Walker","floor":35.0,"turns":3.0},{"damage":4.0,"enemies":"R_Hoarder","floor":40.0,"turns":5.0},{"damage":1.0,"enemies":"3 Shapes","floor":41.0,"turns":2.0},{"damage":18.0,"enemies":"Writhing Mass","floor":42.0,"turns":8.0},{"damage":3.0,"enemies":"4 Shapes","floor":46.0,"turns":2.0},{"damage":20.0,"enemies":"Jaw Worm Horde","floor":47.0,"turns":3.0},{"damage":5.0,"enemies":"Nemesis","floor":48.0,"turns":4.0},{"damage":0.0,"enemies":"2 Orb Walkers","floor":49.0,"turns":3.0},{"damage":0.0,"enemies":"Awakened One","floor":50.0,"turns":4.0},{"damage":6.0,"enemies":"Malkuth","floor":51.0,"turns":4.0},{"damage":28.0,"enemies":"Yesod","floor":51.0,"turns":4.0},{"damage":49.0,"enemies":"Chesed","floor":51.0,"turns":4.0},{"damage":70.0,"enemies":"Binah","floor":52.0,"turns":7.0},{"damage":74,"enemies":"Angela","floor":54,"turns":8}],"seed_played":"9188095143385855289","potions_obtained":[{"floor":1.0,"key":"SpeedPotion"},{"floor":13.0,"key":"Explosive Potion"},{"floor":14.0,"key":"PotionOfCapacity"},{"floor":18.0,"key":"PowerPotion"},{"floor":21.0,"key":"Elixir"},{"floor":49.0,"key":"PowerPotion"}],"is_trial":false,"path_per_floor":["M","?","?","?","M","?","?","$","T","M","?","E","M","E","R","B",null,"M","?","$","M","?","R","E","R","T","$","E","$","?","M","R","B",null,"M","$","?","$","?","E","M","M","T","R","$","M","M","E","R_BF","B",null,null,null,null,null,null],"character_chosen":"DEFECT","items_purchased":["Bronze Scales","Du-Vu Doll","Storm","Languid Potion","Energy Potion","Defragment","Replay:SS_forest_2","White Noise","Letter Opener","OrangePellets","Replay:Antivirus Software","Bag of Preparation","Boot","Medical Kit","Loop","Lockon","LiquidMemories","Mercury Hourglass","Replay:Accelerometer","TheAbacus","Echo Form","Singing Bowl","Strawberry","Capacitor","Poisoned Strike","Guide Book","Vajra","Toy Ornithopter","Replay:Frozen Program","Defragment","Quantum Egg","Replay:Bottled Flurry","Strength Potion","ReplayTheSpireMod:ShopPack"],"campfire_rested":2,"item_purchase_floors":[8,8,8,8,8,20,20,20,20,20,20,27,27,27,27,27,27,29,29,29,29,36,36,36,36,36,38,38,38,38,45,45,45,45],"current_hp_per_floor":[72,72,65,65,65,65,65,65,65,65,65,33,32,26,48,29,75,65,65,65,63,55,55,36,58,58,58,56,56,56,62,62,57,85,77,84,71,71,73,69,68,52,52,52,52,47,28,21,22,24,78,63,63],"gold":94778,"neow_bonus":"","is_daily":false,"chose_seed":false,"campfire_upgraded":3,"win_rate":0.0,"timestamp":1608528656,"path_taken":["M","?","?","?","?","?","?","$","T","M","?","E","M","E","R","BOSS","M","?","$","?","?","R","E","R","T","$","E","$","?","M","R","BOSS","M","$","?","$","?","E","?","M","T","R","$","M","M","E","R_BF","BOSS"],"items_purchased_type":["Relic","Relic","Card","Potion","Potion","Card","Card","Card","Relic","Relic","Relic","Relic","Relic","Relic","Card","Card","Potion","Relic","Relic","Relic","Card","Relic","Relic","Card","Card","Relic","Relic","Relic","Relic","Card","Relic","Relic","Potion","Relic"],"build_version":"2020-12-13","purchased_purges":7,"victory":true,"max_hp_per_floor":[75,75,75,75,75,75,75,75,75,75,75,75,75,75,75,75,75,75,75,75,75,75,75,75,75,75,75,75,75,75,85,85,85,85,85,92,94,94,96,96,96,98,98,98,98,102,106,110,114,116,122,124,124],"card_choices":[{"not_picked":["Wellcheers","DespairKnight"],"picked":"VoidDream","floor":1.0},{"not_picked":["Turbo","Recycle","Glacier"],"picked":"SKIP","floor":1.0},{"not_picked":["Scorched","HappyTeddy","BigBadWolf"],"picked":"Singing Bowl","floor":5.0},{"not_picked":["OSAHOGD","OldLady"],"picked":"LongBird","floor":5.0},{"not_picked":["Recycle","Consume"],"picked":"Melter","floor":5.0},{"not_picked":["QueenOfHatred","WhitesApple","ShyLook"],"picked":"Singing Bowl","floor":10.0},{"not_picked":["GalaxyChild","Murderer"],"picked":"WallGazer","floor":10.0},{"not_picked":["Undo","Streamline"],"picked":"Time Bomb","floor":10.0},{"not_picked":["SingingMachine","BlackSwan","ShyLook"],"picked":"Singing Bowl","floor":12.0},{"not_picked":["Redo","Beam Cell"],"picked":"ReplayRNGCard","floor":12.0},{"not_picked":["MeatLantern","BigBird","UniverseFragment"],"picked":"Singing Bowl","floor":13.0},{"not_picked":["Time Bomb","Turbo"],"picked":"Capacitor","floor":13.0},{"not_picked":["SingingMachine","OldLady","BeautyBeast"],"picked":"Singing Bowl","floor":14.0},{"not_picked":["Sweeping Beam","Beam Cell"],"picked":"Barrage","floor":14.0},{"not_picked":["Murderer","SpiderBud"],"picked":"SnowQueen","floor":16.0},{"not_picked":["Fission","Seek"],"picked":"Creative AI","floor":16.0},{"not_picked":["Scorched","MHz","Variant"],"picked":"Singing Bowl","floor":18.0},{"not_picked":["Conserve Battery+1","BasicCrystalCard"],"picked":"Sweeping Beam","floor":18.0},{"not_picked":["Bloodbath","Porccubus","OldLady"],"picked":"Singing Bowl","floor":21.0},{"not_picked":["Cold Snap","Darkness"],"picked":"Sweeping Beam","floor":21.0},{"not_picked":["BigBird","FairyFestival","ShyLook"],"picked":"Singing Bowl","floor":22.0},{"not_picked":["Redo+1","Streamline"],"picked":"Cold Snap+1","floor":22.0},{"not_picked":["MHz","DreamingCurrent","Laetitia"],"picked":"Singing Bowl","floor":24.0},{"not_picked":["Skim","Reprogram"],"picked":"Static Discharge","floor":24.0},{"not_picked":["WhitesApple","WhiteNight","Scorched"],"picked":"Singing Bowl","floor":28.0},{"not_picked":["Beam Cell","Steam","Coolheaded"],"picked":"SKIP","floor":28.0},{"not_picked":["Scorched","Variant","Laetitia"],"picked":"Singing Bowl","floor":31.0},{"not_picked":["Panic Button","Chaos"],"picked":"ReplayTheSpireMod:Reroute Power","floor":31.0},{"not_picked":["GreedKing","Variant","Woodsman"],"picked":"Singing Bowl","floor":33.0},{"not_picked":["Machine Learning","Echo Form"],"picked":"Fission","floor":33.0},{"not_picked":["OldLady","BigBadWolf","FieryBird"],"picked":"Singing Bowl","floor":35.0},{"not_picked":["FTL+1","Hologram","Fusion"],"picked":"SKIP","floor":35.0},{"not_picked":["expansioncontent:ManipulateTime","Master of Strategy"],"picked":"expansioncontent:AwakenDeath","floor":37.0},{"not_picked":["Replay:SS_hec_1","Bandage Up"],"picked":"expansioncontent:StudyTheSpire","floor":37.0},{"not_picked":["Mind Blast","expansioncontent:Flail","ReplayTheSpireMod:Uncanny Aura"],"picked":"Singing Bowl","floor":37.0},{"not_picked":["Gash+1","Darkness"],"picked":"FIFO Queue+1","floor":39.0},{"not_picked":["Sweeping Beam","Lockon","Panic Button+1"],"picked":"Singing Bowl","floor":39.0},{"not_picked":["DespairKnight","LittlePrince","OldLady"],"picked":"Singing Bowl","floor":40.0},{"not_picked":["Coolheaded","Rebound"],"picked":"Seek","floor":40.0},{"not_picked":["BigBadWolf","CENSORED","Scarecrow"],"picked":"Singing Bowl","floor":41.0},{"not_picked":["Double Energy+1","Steam+1"],"picked":"Heatsinks","floor":41.0},{"not_picked":["MeltingLove","Funeral","QueenOfHatred"],"picked":"Singing Bowl","floor":42.0},{"not_picked":["Recycle+1","Beam Cell+1","Fusion"],"picked":"Singing Bowl","floor":42.0},{"not_picked":["Crow Ritual","Mayhem"],"picked":"Panache","floor":45.0},{"not_picked":["expansioncontent:ChargeUp","Replay:Sssssssssstrike"],"picked":"expansioncontent:Chronoboost","floor":45.0},{"not_picked":["expansioncontent:DarkVoid","Discovery"],"picked":"Magnetism","floor":45.0},{"not_picked":["BlueStar","Funeral","HappyTeddy"],"picked":"Singing Bowl","floor":46.0},{"not_picked":["Hologram+1","ReplayTheSpireMod:Reroute Power","Redo"],"picked":"Singing Bowl","floor":46.0},{"not_picked":["QueenBee","MeltingLove"],"picked":"RedShoes","floor":47.0},{"not_picked":["Conserve Battery+1","Streamline+1","Steam+1"],"picked":"Singing Bowl","floor":47.0},{"not_picked":["Porccubus","FieryBird"],"picked":"BodiesMountain","floor":48.0},{"not_picked":["ReplayTheSpireMod:Reroute Power+1","Recycle+1","Turbo"],"picked":"Singing Bowl","floor":48.0},{"not_picked":["WhiteNight","Porccubus","QueenBee"],"picked":"Singing Bowl","floor":49.0},{"not_picked":["Coolheaded+1","Auto Shields","Cold Snap"],"picked":"Singing Bowl","floor":49.0}],"player_experience":394482,"relics_obtained":[{"floor":6.0,"key":"Ring of Hypnosis"},{"floor":6.0,"key":"Ring of Shattering"},{"floor":9.0,"key":"Mummified Hand"},{"floor":12.0,"key":"Onion Ring"},{"floor":14.0,"key":"Anchor"},{"floor":22.0,"key":"Red Mask"},{"floor":24.0,"key":"WingedGreaves"},{"floor":26.0,"key":"War Paint"},{"floor":28.0,"key":"Bag of Marbles"},{"floor":39.0,"key":"ReplayTheSpireMod:Lightbulb"},{"floor":40.0,"key":"Replay:Baseball"},{"floor":42.0,"key":"AtMidnight"},{"floor":43.0,"key":"Oddly Smooth Stone"},{"floor":48.0,"key":"Pen Nib"},{"floor":49.0,"key":"Unceasing Top"}],"event_choices":[{"damage_healed":0.0,"max_hp_gain":0.0,"max_hp_loss":0.0,"gold_gain":0.0,"event_name":"Scrap Ooze","player_choice":"Success","floor":3.0,"gold_loss":0.0,"damage_taken":7.0,"relics_obtained":["Calipers"]},{"damage_healed":0.0,"max_hp_gain":0.0,"max_hp_loss":0.0,"gold_gain":0.0,"event_name":"NoteForYourself","player_choice":"Ignored","floor":4.0,"gold_loss":0.0,"damage_taken":0.0},{"damage_healed":0.0,"max_hp_gain":0.0,"max_hp_loss":0.0,"gold_gain":0.0,"event_name":"Liars Game","player_choice":"Ignored","floor":7.0,"gold_loss":0.0,"damage_taken":0.0},{"damage_healed":0.0,"max_hp_gain":0.0,"max_hp_loss":0.0,"gold_gain":0.0,"event_name":"Big Fish","player_choice":"Box","floor":11.0,"gold_loss":0.0,"damage_taken":0.0,"relics_obtained":["Pondfish Scales"],"cards_obtained":["Regret"]},{"cards_removed":["Regret"],"damage_healed":0.0,"max_hp_gain":0.0,"max_hp_loss":0.0,"gold_gain":0.0,"event_name":"Designer","player_choice":"Upgrade and Remove","floor":19.0,"gold_loss":90.0,"damage_taken":0.0,"cards_upgraded":["Storm"]},{"damage_healed":0.0,"max_hp_gain":0.0,"max_hp_loss":0.0,"gold_gain":0.0,"event_name":"Masked Bandits","player_choice":"Fought Bandits","floor":22.0,"gold_loss":0.0,"damage_taken":0.0},{"damage_healed":0.0,"max_hp_gain":0.0,"max_hp_loss":0.0,"gold_gain":0.0,"event_name":"Drug Dealer","player_choice":"Obtain J.A.X.","floor":30.0,"gold_loss":0.0,"damage_taken":0.0,"cards_obtained":["J.A.X."]},{"damage_healed":0.0,"max_hp_gain":0.0,"max_hp_loss":0.0,"gold_gain":0.0,"event_name":"SensoryStone","player_choice":"Memory 3","floor":37.0,"gold_loss":0.0,"damage_taken":10.0},{"damage_healed":0.0,"max_hp_gain":0.0,"max_hp_loss":0.0,"gold_gain":0.0,"event_name":"Mysterious Sphere","player_choice":"Fight","floor":49.0,"gold_loss":0.0,"damage_taken":0.0}],"is_beta":false,"boss_relics":[{"not_picked":["FrozenCore","Calling Bell"],"picked":"Nuclear Battery"},{"not_picked":["Velvet Choker","Astrolabe"],"picked":"ReplayTheSpireMod:DimensionalGlitch"}],"items_purged_floors":[8,20,27,29,36,38,45],"is_endless":false,"potions_floor_spawned":[1,10,13,14,16,18,21,24,31,35,41,46,49],"ascension_level":0}}