{"host":"igi9xpgoc000gxf5","time":1608589627,"event":{"mods":["BaseMod","Colored Powertips","Downfall","Googly Eyes","Minty Spire (QoL Compilation)","StSLib"],"gold_per_floor":[99,113,18,33,52,64,64,125,162,162,184,222,31,53,75,75,75],"floor_reached":16,"playtime":1100,"items_purged":[],"score":104,"play_id":"cf7a2602-527f-4381-a84a-85046fac0222","local_time":"20201221232707","is_ascension_mode":false,"campfire_choices":[{"data":"sneckomod:Unknown","floor":1,"key":"SMITH"},{"data":"sneckomod:WideSting","floor":10,"key":"SMITH"}],"circlet_count":0,"master_deck":["sneckomod:Strike+1","sneckomod:Strike+1","sneckomod:Strike","sneckomod:Defend","sneckomod:Defend","sneckomod:Defend","sneckomod:TailWhip","sneckomod:SnekBite","sneckomod:Unknown+1","sneckomod:Unknown+1","sneckomod:UnknownUncommonAttack","sneckomod:UnknownBlock","sneckomod:PureSnecko","sneckomod:UnknownUncommonPower","sneckomod:UnknownBlock","sneckomod:WideSting+1","sneckomod:UnknownClassRED","sneckomod:UnknownVulnerable","sneckomod:UnknownUncommonSkill","sneckomod:SoulRoll","sneckomod:DiceBoulder","sneckomod:UnknownUncommonAttack","sneckomod:UnknownClassGUARDIAN","sneckomod:UnknownBlock","sneckomod:UnknownClassGREEN"],"relics":["sneckomod:SneckoSoul","The Courier","Thread and Needle","CeramicFish","Odd Mushroom","Whetstone"],"acts_visited":["Exordium"],"potions_floor_usage":[12,12,12,14,16],"damage_taken":[{"damage":6,"enemies":"Cultist","floor":2,"turns":3},{"damage":5,"enemies":"downfall:FleeingMerchant","floor":3,"turns":4},{"damage":14,"enemies":"Small Slimes","floor":4,"turns":3},{"damage":7,"enemies":"2 Louse","floor":5,"turns":3},{"damage":21,"enemies":"Large Slime","floor":6,"turns":5},{"damage":13,"enemies":"Gremlin Nob","floor":8,"turns":4},{"damage":19,"enemies":"3 Sentries","floor":9,"turns":4},{"damage":7,"enemies":"3 Louse","floor":11,"turns":3},{"damage":12,"enemies":"The Mushroom Lair","floor":12,"turns":5},{"damage":11,"enemies":"downfall:FleeingMerchant","floor":13,"turns":4},{"damage":0,"enemies":"2 Fungi Beasts","floor":14,"turns":3},{"damage":3,"enemies":"Blue Slaver","floor":15,"turns":3},{"damage":20,"enemies":"downfall:Watcher","floor":16,"turns":8}],"seed_played":"-8877318311126194806","potions_obtained":[{"floor":4,"key":"Fire Potion"},{"floor":5,"key":"Swift Potion"},{"floor":8,"key":"Block Potion"},{"floor":12,"key":"Energy Potion"},{"floor":14,"key":"Ancient Potion"}],"is_trial":false,"path_per_floor":["R","M","$","M","M","M","T","?","E","R","M","?","$","M","M","B"],"character_chosen":"THE_SNECKO","items_purchased":["sneckomod:PureSnecko","Whetstone","sneckomod:UnknownUncommonAttack","sneckomod:UnknownClassGUARDIAN"],"campfire_rested":0,"item_purchase_floors":[3,13,13,13],"current_hp_per_floor":[90,85,81,68,62,61,61,49,44,44,38,26,17,18,16,0,0],"gold":75,"neow_bonus":"UPGRADE_CARD","is_daily":false,"chose_seed":false,"campfire_upgraded":2,"win_rate":0.0,"timestamp":1608589627,"path_taken":["R","M","?","M","M","M","T","?","E","R","M","?","$","M","M","BOSS"],"items_purchased_type":["Card","Relic","Card","Card"],"build_version":"2020-12-13","purchased_purges":0,"victory":false,"max_hp_per_floor":[90,91,92,93,94,94,94,95,99,99,100,100,102,103,104,104,104],"card_choices":[{"not_picked":["sneckomod:UnknownBlock","sneckomod:QuickMove"],"picked":"sneckomod:UnknownUncommonAttack","floor":2},{"not_picked":["sneckomod:DiceBlock","sneckomod:TrashToTreasure"],"picked":"sneckomod:UnknownBlock","floor":3},{"not_picked":["sneckomod:UnknownCommonAttack","sneckomod:UnknownClassBLUE"],"picked":"sneckomod:UnknownUncommonPower","floor":4},{"not_picked":["sneckomod:SnekBeam","sneckomod:ImprovisedGuard"],"picked":"sneckomod:UnknownBlock","floor":5},{"not_picked":["sneckomod:Unknown1Cost","sneckomod:UnknownCommonAttack"],"picked":"sneckomod:WideSting","floor":6},{"not_picked":["sneckomod:IronFang","sneckomod:UnknownVulnerable"],"picked":"sneckomod:UnknownClassRED","floor":8},{"not_picked":["sneckomod:DiceBlock","sneckomod:RainOfDice"],"picked":"sneckomod:UnknownVulnerable","floor":9},{"not_picked":["sneckomod:DiceCrush","sneckomod:Unknown1Cost"],"picked":"sneckomod:UnknownUncommonSkill","floor":11},{"not_picked":["sneckomod:UnknownBlock","sneckomod:UnknownWeak"],"picked":"sneckomod:SoulRoll","floor":12},{"not_picked":["sneckomod:Mudshield","sneckomod:UnlimitedRolls"],"picked":"sneckomod:DiceBoulder","floor":13},{"not_picked":["sneckomod:SoulDraw","sneckomod:DiceBlock"],"picked":"sneckomod:UnknownBlock","floor":14},{"not_picked":["sneckomod:UnknownWeak","sneckomod:WideSting"],"picked":"sneckomod:UnknownClassGREEN","floor":15}],"player_experience":890400,"relics_obtained":[{"floor":7,"key":"The Courier"},{"floor":8,"key":"Thread and Needle"},{"floor":9,"key":"CeramicFish"},{"floor":12,"key":"Odd Mushroom"}],"event_choices":[{"damage_healed":0,"gold_gain":0,"player_choice":"Fought Mushrooms","damage_taken":0,"max_hp_gain":0,"max_hp_loss":0,"event_name":"Mushrooms","floor":12,"gold_loss":0}],"is_beta":false,"boss_relics":[],"items_purged_floors":[],"is_endless":false,"potions_floor_spawned":[4,5,8,11,12,14],"killed_by":"downfall:Watcher","ascension_level":0}}