{"host":"qxeepl7ydvsgmfdb","time":1608558979,"event":{"mods":["AchievementEnabler","BaseMod","Colored Powertips","Minty Spire (QoL Compilation)","Quick Restart","slay the spire mod where everything is the same but ironclad has a cowboy hat"],"gold_per_floor":[113,35,35,210,210,210,226,256,256,256,270,270,270,270,270,368,368,381,381,9,25,0,0,14,14,14],"floor_reached":25,"playtime":805,"items_purged":[],"score":197,"play_id":"4dacdf42-df86-4eb8-8885-fc01bb360c1c","local_time":"20201221085619","is_ascension_mode":false,"campfire_choices":[{"floor":6,"key":"REST"},{"floor":10,"key":"REST"},{"floor":12,"key":"REST"},{"data":"Defragment","floor":15,"key":"SMITH"},{"floor":23,"key":"REST"}],"circlet_count":0,"master_deck":["Strike_B+1","Strike_B","Strike_B","Strike_B+1","Defend_B","Defend_B","Defend_B","Defend_B","Zap","Dualcast","Stack","Turbo","Defragment+1","Redo","Turbo","Cold Snap","Regret","Thunder Strike","Darkness","White Noise+1","Conserve Battery+1"],"relics":["Cracked Core","Bag of Marbles","Mummified Hand","Dead Branch","Calipers","Vajra","PreservedInsect"],"acts_visited":["Exordium","TheCity"],"potions_floor_usage":[8,8,21,24],"damage_taken":[{"damage":8,"enemies":"2 Louse","floor":1,"turns":2},{"damage":0,"enemies":"Small Slimes","floor":7,"turns":3},{"damage":58,"enemies":"Gremlin Nob","floor":8,"turns":5},{"damage":11,"enemies":"Jaw Worm","floor":11,"turns":2},{"damage":41,"enemies":"Slime Boss","floor":16,"turns":9},{"damage":7,"enemies":"Chosen","floor":18,"turns":5},{"damage":45,"enemies":"3 Byrds","floor":21,"turns":6},{"damage":40,"enemies":"Snake Plant","floor":24,"turns":4},{"damage":7,"enemies":"Book of Stabbing","floor":25,"turns":2}],"seed_played":"5407194981901930172","potions_obtained":[{"floor":1,"key":"Energy Potion"},{"floor":7,"key":"Explosive Potion"},{"floor":16,"key":"SkillPotion"},{"floor":21,"key":"DuplicationPotion"}],"is_trial":false,"path_per_floor":["M","$","?","?","?","R","M","E","T","R","M","R","?","T","R","B",null,"M","?","$","M","?","R","M","E"],"character_chosen":"DEFECT","items_purchased":["Defragment","Vajra","PreservedInsect","Darkness"],"campfire_rested":4,"item_purchase_floors":[2,20,20,20],"current_hp_per_floor":[67,67,52,52,45,67,67,9,9,31,20,42,42,42,42,1,75,68,68,68,23,23,45,5,0,0],"gold":14,"neow_bonus":"THREE_CARDS","is_daily":false,"chose_seed":false,"campfire_upgraded":1,"win_rate":0.0,"timestamp":1608558979,"path_taken":["M","$","?","?","?","R","M","E","T","R","M","R","?","?","R","BOSS","M","?","$","M","?","R","M","E"],"items_purchased_type":["Card","Relic","Relic","Card"],"build_version":"2020-12-13","purchased_purges":0,"victory":false,"max_hp_per_floor":[75,75,75,75,75,75,75,75,75,75,75,75,75,75,75,75,75,75,75,75,75,75,75,75,75,75],"card_choices":[{"not_picked":["Rebound","Force Field"],"picked":"Stack","floor":0},{"not_picked":["Rip and Tear","Loop"],"picked":"Turbo","floor":1},{"not_picked":["Go for the Eyes","FTL"],"picked":"Redo","floor":7},{"not_picked":["Aggregate","Steam Power"],"picked":"Turbo","floor":8},{"not_picked":["Turbo","Barrage"],"picked":"Cold Snap","floor":11},{"not_picked":["Biased Cognition","Seek"],"picked":"Thunder Strike","floor":16},{"not_picked":["Glacier","Compile Driver","Scrape+1"],"picked":"SKIP","floor":18},{"not_picked":["Stack","Hologram"],"picked":"White Noise+1","floor":21},{"not_picked":["Fusion","Loop"],"picked":"Conserve Battery+1","floor":24}],"player_experience":299841,"relics_obtained":[{"floor":8,"key":"Bag of Marbles"},{"floor":9,"key":"Mummified Hand"},{"floor":14,"key":"Calipers"}],"event_choices":[{"damage_healed":0,"gold_gain":0,"player_choice":"Entered Light","damage_taken":15,"max_hp_gain":0,"max_hp_loss":0,"event_name":"Shining Light","floor":3,"gold_loss":0,"cards_upgraded":["Strike_B","Strike_B"]},{"damage_healed":0,"gold_gain":175,"player_choice":"AGREE","damage_taken":0,"max_hp_gain":0,"max_hp_loss":0,"event_name":"Liars Game","floor":4,"gold_loss":0,"cards_obtained":["Doubt"]},{"cards_removed":["Doubt"],"damage_healed":0,"gold_gain":0,"player_choice":"Card Removal","damage_taken":7,"max_hp_gain":0,"max_hp_loss":0,"event_name":"Golden Wing","floor":5,"gold_loss":0},{"damage_healed":0,"gold_gain":0,"player_choice":"Box","damage_taken":0,"relics_obtained":["Dead Branch"],"max_hp_gain":0,"max_hp_loss":0,"event_name":"Big Fish","floor":13,"gold_loss":0,"cards_obtained":["Regret"]},{"damage_healed":0,"gold_gain":0,"player_choice":"Ignored","damage_taken":0,"max_hp_gain":0,"max_hp_loss":0,"event_name":"Ghosts","floor":19,"gold_loss":0},{"damage_healed":0,"gold_gain":0,"player_choice":"Paid Fearfully","damage_taken":0,"max_hp_gain":0,"max_hp_loss":0,"event_name":"Masked Bandits","floor":22,"gold_loss":25}],"is_beta":false,"boss_relics":[{"not_picked":["Runic Pyramid","Runic Dome","Cursed Key"]}],"items_purged_floors":[],"is_endless":false,"potions_floor_spawned":[1,7,16,21],"killed_by":"Book of Stabbing","ascension_level":0}}