{"host":"bpszg8uald72z2zd","time":1608554143,"event":{"mods":["AchievementEnabler","BaseMod","Colored Map","DeckTracker","Keyboard Shortcuts","Minty Spire (QoL Compilation)","Relic Stats","SuperFastMode"],"gold_per_floor":[111,128,144,27,46,46,81,100,100,112,131,144,244,262,262,359,359,377,389,10,10,21,21,21,21,68,68,79,42,42,57,57,157,157,176,226,238,256,216,243,243,275,275,275,287,287,287,297,297,297,297,297,2,29,29,29],"floor_reached":55,"playtime":1374,"items_purged":[],"score":1198,"play_id":"b663a648-cbd9-4ba9-9815-9bded73bb8b1","local_time":"20201221213543","is_ascension_mode":true,"campfire_choices":[{"data":"Blade Dance","floor":6.0,"key":"SMITH"},{"data":"Cloak And Dagger","floor":15.0,"key":"SMITH"},{"data":"Phantasmal Killer","floor":23.0,"key":"SMITH"},{"data":"Accuracy","floor":25.0,"key":"SMITH"},{"data":"Adrenaline","floor":27.0,"key":"SMITH"},{"floor":30.0,"key":"REST"},{"data":"Blade Dance","floor":32.0,"key":"SMITH"},{"data":"1","floor":41.0,"key":"LIFT"},{"floor":44.0,"key":"REST"},{"floor":46.0,"key":"RECALL"},{"floor":49,"key":"REST"},{"data":"2","floor":52,"key":"LIFT"}],"circlet_count":0,"master_deck":["AscendersBane","Survivor","Neutralize+1","Quick Slash","Backflip","Escape Plan","Blade Dance+1","Slice","Acrobatics","Terror","Caltrops","Blade Dance+1","Backstab","Slice","Backflip","Cloak And Dagger+1","Phantasmal Killer+1","Slice","Footwork","Accuracy+1","Flechettes","Adrenaline+1","Acrobatics","Well Laid Plans","After Image","Reflex","Infinite Blades","Storm of Steel+1","Terror","Reflex","Dodge and Roll","Escape Plan","Phantasmal Killer","Predator","Endless Agony+1","Envenom","Accuracy+1","Backflip","Accuracy","PiercingWail","PiercingWail+1"],"relics":["Ring of the Snake","WristBlade","Mummified Hand","Smiling Mask","WristBlade","TwistedFunnel","Akabeko","Pear","Happy Flower","Pandora\u0027s Box","Girya","Snake Skull","Ninja Scroll","Lizard Tail"],"acts_visited":["Exordium","TheCity","TheBeyond","TheEnding"],"potions_floor_usage":[54,55],"damage_taken":[{"damage":2.0,"enemies":"Cultist","floor":1.0,"turns":4.0},{"damage":1.0,"enemies":"2 Louse","floor":2.0,"turns":2.0},{"damage":1.0,"enemies":"Jaw Worm","floor":3.0,"turns":3.0},{"damage":14.0,"enemies":"Exordium Thugs","floor":5.0,"turns":3.0},{"damage":4.0,"enemies":"Gremlin Nob","floor":7.0,"turns":3.0},{"damage":5.0,"enemies":"Exordium Wildlife","floor":8.0,"turns":3.0},{"damage":3.0,"enemies":"Large Slime","floor":10.0,"turns":3.0},{"damage":0.0,"enemies":"Red Slaver","floor":11.0,"turns":1.0},{"damage":0.0,"enemies":"Looter","floor":12.0,"turns":1.0},{"damage":0.0,"enemies":"Exordium Thugs","floor":14.0,"turns":1.0},{"damage":3.0,"enemies":"Hexaghost","floor":16.0,"turns":5.0},{"damage":8.0,"enemies":"3 Byrds","floor":18.0,"turns":3.0},{"damage":0.0,"enemies":"Chosen","floor":19.0,"turns":2.0},{"damage":13.0,"enemies":"Centurion and Healer","floor":22.0,"turns":3.0},{"damage":19.0,"enemies":"Snake Plant","floor":28.0,"turns":2.0},{"damage":0.0,"enemies":"3 Cultists","floor":31.0,"turns":2.0},{"damage":20.0,"enemies":"Automaton","floor":33.0,"turns":5.0},{"damage":18.0,"enemies":"3 Shapes","floor":35.0,"turns":2.0},{"damage":0.0,"enemies":"Mind Bloom Boss Battle","floor":36.0,"turns":3.0},{"damage":0.0,"enemies":"Orb Walker","floor":37.0,"turns":1.0},{"damage":4.0,"enemies":"3 Darklings","floor":38.0,"turns":2.0},{"damage":0.0,"enemies":"Reptomancer","floor":40.0,"turns":2.0},{"damage":18.0,"enemies":"Nemesis","floor":42.0,"turns":3.0},{"damage":23.0,"enemies":"Writhing Mass","floor":45.0,"turns":3.0},{"damage":4,"enemies":"Transient","floor":48,"turns":5},{"damage":40,"enemies":"Donu and Deca","floor":50,"turns":4},{"damage":14,"enemies":"Shield and Spear","floor":54,"turns":2},{"damage":111,"enemies":"The Heart","floor":55,"turns":3}],"seed_played":"-3083439301972235204","potions_obtained":[{"floor":2.0,"key":"Dexterity Potion"},{"floor":7.0,"key":"DuplicationPotion"},{"floor":38.0,"key":"ColorlessPotion"},{"floor":42.0,"key":"Ancient Potion"},{"floor":45.0,"key":"CultistPotion"},{"floor":48,"key":"SteroidPotion"}],"is_trial":false,"path_per_floor":["M","M","M","$","M","R","E","M","T","M","M","M","?","M","R","B",null,"M","M","$","?","M","R","T","R","T","R","M","$","R","M","R","B",null,"M","?","M","M","?","E","R","E","T","R","M","R","?","M","R","B",null,"R","$","E","B"],"character_chosen":"THE_SILENT","items_purchased":["Blade Dance","Slice","Acrobatics","Accuracy","TwistedFunnel","Akabeko","Well Laid Plans","Ninja Scroll","PiercingWail"],"campfire_rested":3,"item_purchase_floors":[4,4,4,20,20,20,29,53,53],"current_hp_per_floor":[61,60,59,59,45,45,41,36,36,33,33,33,33,33,33,30,60,52,52,52,52,39,39,49,49,49,49,30,30,54,54,54,34,69,51,51,51,47,47,47,47,29,29,53,30,30,30,26,50,10,63,63,63,49,0,0],"gold":29,"neow_bonus":"UPGRADE_CARD","is_daily":false,"chose_seed":false,"campfire_upgraded":6,"win_rate":0.0,"timestamp":1608554143,"path_taken":["M","M","?","$","M","R","E","M","T","M","M","M","?","?","R","BOSS","M","M","$","?","?","R","?","R","T","R","M","?","R","M","R","BOSS","M","?","M","M","?","E","R","E","T","R","?","R","?","M","R","BOSS","R","$","E","BOSS"],"items_purchased_type":["Card","Card","Card","Card","Relic","Relic","Card","Relic","Card"],"build_version":"2020-12-13","purchased_purges":0,"victory":false,"max_hp_per_floor":[70,70,70,70,70,70,70,70,70,70,70,70,70,70,70,70,70,70,70,70,70,70,70,80,80,80,80,80,80,80,80,80,80,80,80,80,80,80,80,80,80,80,80,80,80,80,80,80,80,80,80,80,80,80,80,80],"relic_stats":{"Lizard Tail":40,"Happy Flower":[13],"counters":[28,76],"Mummified Hand":[48],"Pandora\u0027s Box":["Reflex","Infinite Blades","Storm of Steel","Terror","Reflex","Dodge and Roll","Escape Plan","Phantasmal Killer","Predator"],"Snake Skull":[33],"Smiling Mask":0,"obtain_stats":[{"TwistedFunnel":20,"Girya":36,"Pear":24,"Happy Flower":26,"Snake Skull":40,"Smiling Mask":9,"Akabeko":20,"Lizard Tail":54,"WristBlade":4,"Mummified Hand":7,"Ninja Scroll":53,"Pandora\u0027s Box":34,"Ring of the Snake":0},{"TwistedFunnel":13,"Girya":19,"Pear":14,"Happy Flower":14,"Snake Skull":22,"Smiling Mask":6,"Akabeko":13,"Lizard Tail":27,"WristBlade":3,"Mummified Hand":5,"Ninja Scroll":26,"Pandora\u0027s Box":17,"Ring of the Snake":0},{"TwistedFunnel":34,"Girya":51,"Pear":37,"Happy Flower":37,"Snake Skull":56,"Smiling Mask":18,"Akabeko":34,"Lizard Tail":73,"WristBlade":9,"Mummified Hand":15,"Ninja Scroll":71,"Pandora\u0027s Box":46,"Ring of the Snake":0}],"Ring of the Snake":[56]},"card_choices":[{"not_picked":["Underhanded Strike","Deflect"],"picked":"Quick Slash","floor":1.0},{"not_picked":["Sucker Punch","Caltrops"],"picked":"Backflip","floor":2.0},{"not_picked":["Dagger Spray","Underhanded Strike"],"picked":"Escape Plan","floor":3.0},{"not_picked":["Tactician","Crippling Poison"],"picked":"Terror","floor":5.0},{"not_picked":["Escape Plan","Outmaneuver"],"picked":"Caltrops","floor":7.0},{"not_picked":["Acrobatics","Cloak And Dagger"],"picked":"Blade Dance","floor":8.0},{"not_picked":["Deflect","Heel Hook"],"picked":"Backstab","floor":10.0},{"not_picked":["Choke","Grand Finale"],"picked":"Slice","floor":11.0},{"not_picked":["Quick Slash","Underhanded Strike"],"picked":"Backflip","floor":12.0},{"not_picked":["Dodge and Roll","Slice"],"picked":"Cloak And Dagger","floor":14.0},{"not_picked":["Wraith Form v2","Tools of the Trade"],"picked":"Phantasmal Killer","floor":16.0},{"not_picked":["Masterful Stab","PiercingWail"],"picked":"Slice","floor":18.0},{"not_picked":["Heel Hook+1","Catalyst"],"picked":"Footwork","floor":19.0},{"not_picked":["Backflip","Prepared"],"picked":"Adrenaline","floor":22.0},{"not_picked":["Dagger Spray","Riddle With Holes"],"picked":"Acrobatics","floor":28.0},{"not_picked":["Riddle With Holes+1","Eviscerate","Bane"],"picked":"SKIP","floor":31.0},{"not_picked":["Venomology","Storm of Steel"],"picked":"After Image","floor":33.0},{"not_picked":["Distraction+1","Dagger Spray"],"picked":"Endless Agony+1","floor":35.0},{"not_picked":["Bane+1","Dagger Throw+1","Outmaneuver"],"picked":"SKIP","floor":37.0},{"not_picked":["Heel Hook","Expertise"],"picked":"Envenom","floor":38.0},{"not_picked":["Distraction","All Out Attack","Venomology"],"picked":"SKIP","floor":40.0},{"not_picked":["Dagger Spray","Flying Knee"],"picked":"Accuracy+1","floor":42.0},{"not_picked":["Dagger Spray","Slice"],"picked":"Backflip","floor":45.0},{"not_picked":["Deadly Poison+1","Underhanded Strike"],"picked":"Accuracy","floor":48},{"not_picked":["Catalyst","Blade Dance"],"picked":"PiercingWail+1","floor":54}],"player_experience":436629,"relics_obtained":[{"floor":7.0,"key":"Mummified Hand"},{"floor":9.0,"key":"Smiling Mask"},{"floor":24.0,"key":"Pear"},{"floor":26.0,"key":"Happy Flower"},{"floor":36.0,"key":"Girya"},{"floor":40.0,"key":"Snake Skull"},{"floor":54,"key":"Lizard Tail"}],"event_choices":[{"damage_healed":0.0,"max_hp_gain":0.0,"max_hp_loss":0.0,"gold_gain":100.0,"event_name":"Golden Shrine","player_choice":"Pray","floor":13.0,"gold_loss":0.0,"damage_taken":0.0},{"damage_healed":0.0,"max_hp_gain":0.0,"max_hp_loss":0.0,"gold_gain":0.0,"cards_transformed":["Strike_G"],"event_name":"Transmorgrifier","player_choice":"Transformed","floor":21.0,"gold_loss":0.0,"damage_taken":0.0,"cards_obtained":["Flechettes"]},{"damage_healed":0.0,"max_hp_gain":0.0,"max_hp_loss":0.0,"gold_gain":0.0,"event_name":"MindBloom","player_choice":"Fight","floor":36.0,"gold_loss":0.0,"damage_taken":0.0},{"damage_healed":0.0,"max_hp_gain":0.0,"max_hp_loss":0.0,"gold_gain":0.0,"event_name":"Designer","player_choice":"Upgrade","floor":39.0,"gold_loss":40.0,"damage_taken":0.0,"cards_upgraded":["Storm of Steel"]},{"damage_healed":0.0,"max_hp_gain":0.0,"max_hp_loss":0.0,"gold_gain":0.0,"event_name":"The Woman in Blue","player_choice":"Bought 0 Potions","floor":47.0,"gold_loss":0.0,"damage_taken":0.0}],"is_beta":false,"boss_relics":[{"not_picked":["Snecko Eye","Calling Bell"],"picked":"WristBlade"},{"not_picked":["Astrolabe","Sozu"],"picked":"Pandora\u0027s Box"}],"items_purged_floors":[],"is_endless":false,"potions_floor_spawned":[2,7,8,10,12,14,19,28,31,38,42,45,48],"killed_by":"The Heart","ascension_level":12}}