{"host":"r53pw7z744tg3fxg","time":1608587650,"event":{"mods":["AchievementEnabler","BaseMod","Colored Map","Colored Powertips","Highlight Path","Minty Spire (QoL Compilation)","Quick Restart","Transform Curses"],"gold_per_floor":[112,112,129,48,66,66,92,92,92,126,126,91,119,129,129,129,129],"floor_reached":16,"playtime":502,"items_purged":[],"score":159,"play_id":"738663c0-6b01-4463-9c95-6ec6f84e9931","local_time":"20201221145410","is_ascension_mode":true,"campfire_choices":[{"data":"Eruption","floor":6.0,"key":"SMITH"},{"data":"BowlingBash","floor":8.0,"key":"SMITH"},{"floor":11.0,"key":"REST"},{"data":"ClearTheMind","floor":15.0,"key":"SMITH"}],"circlet_count":0,"master_deck":["Strike_P","Strike_P","Strike_P","Strike_P","Defend_P","Defend_P","Defend_P","Defend_P","Eruption+1","Vigilance","Dramatic Entrance","EmptyBody","Indignation+1","LessonLearned","BowlingBash+1","Evaluate","ClearTheMind+1"],"relics":["PureWater","Pear","Molten Egg 2","Shuriken","Toy Ornithopter"],"acts_visited":["Exordium"],"potions_floor_usage":[],"damage_taken":[{"damage":0.0,"enemies":"Small Slimes","floor":1.0,"turns":1.0},{"damage":0.0,"enemies":"Cultist","floor":3.0,"turns":3.0},{"damage":7.0,"enemies":"Jaw Worm","floor":5.0,"turns":3.0},{"damage":15.0,"enemies":"Lagavulin","floor":7.0,"turns":5.0},{"damage":21.0,"enemies":"Gremlin Nob","floor":10.0,"turns":4.0},{"damage":7.0,"enemies":"3 Sentries","floor":13.0,"turns":6.0},{"damage":0.0,"enemies":"3 Louse","floor":14.0,"turns":1.0},{"damage":70,"enemies":"Hexaghost","floor":16,"turns":11}],"seed_played":"-3365207153995109494","potions_obtained":[{"floor":3.0,"key":"Block Potion"},{"floor":7.0,"key":"SneckoOil"},{"floor":10.0,"key":"Strength Potion"}],"is_trial":false,"path_per_floor":["M","?","M","$","M","R","E","R","T","E","R","?","E","M","R","B"],"character_chosen":"WATCHER","items_purchased":["LessonLearned"],"campfire_rested":1,"item_purchase_floors":[4],"current_hp_per_floor":[65,65,65,65,58,58,53,53,53,32,56,76,69,69,69,0,0],"gold":129,"neow_bonus":"RANDOM_COLORLESS","is_daily":false,"chose_seed":false,"campfire_upgraded":3,"win_rate":0.0,"timestamp":1608587650,"path_taken":["M","?","?","$","M","R","E","R","T","E","R","?","E","M","R","BOSS"],"items_purchased_type":["Card"],"build_version":"2020-12-13","purchased_purges":0,"victory":false,"max_hp_per_floor":[72,72,72,72,72,72,82,82,82,82,82,82,82,82,82,82,82],"card_choices":[{"not_picked":["Impatience","Deep Breath"],"picked":"Dramatic Entrance","floor":0.0},{"not_picked":["ClearTheMind","Pray"],"picked":"EmptyBody","floor":1.0},{"not_picked":["EmptyBody","Vengeance"],"picked":"Indignation","floor":3.0},{"not_picked":["LikeWater","CrushJoints","EmptyFist"],"picked":"SKIP","floor":5.0},{"not_picked":["DeceiveReality","Omniscience"],"picked":"BowlingBash","floor":7.0},{"not_picked":["Conclude+1","Pray"],"picked":"Evaluate","floor":10.0},{"not_picked":["Establishment","FlyingSleeves+1","Blasphemy"],"picked":"SKIP","floor":13.0},{"not_picked":["EmptyFist+1","Worship"],"picked":"ClearTheMind","floor":14.0}],"player_experience":1135693,"relics_obtained":[{"floor":7.0,"key":"Pear"},{"floor":9.0,"key":"Molten Egg 2"},{"floor":10.0,"key":"Shuriken"},{"floor":13.0,"key":"Toy Ornithopter"}],"event_choices":[{"damage_healed":0.0,"max_hp_gain":0.0,"max_hp_loss":0.0,"gold_gain":0.0,"event_name":"Purifier","player_choice":"Ignored","floor":2.0,"gold_loss":0.0,"damage_taken":0.0},{"damage_healed":20.0,"max_hp_gain":0.0,"max_hp_loss":0.0,"gold_gain":0.0,"event_name":"The Cleric","player_choice":"Healed","floor":12.0,"gold_loss":35.0,"damage_taken":0.0}],"is_beta":false,"boss_relics":[],"items_purged_floors":[],"is_endless":false,"potions_floor_spawned":[3,7,10],"killed_by":"Hexaghost","ascension_level":7}}