{"host":"baymyijz6sxaqj5s","time":1608548753,"event":{"mods":["AchievementEnabler","BaseMod","Colored Map","Colored Powertips","DeckTracker","KOR Keyword Fix","Keyboard Shortcuts","Minty Spire (QoL Compilation)","StSLib","SuperFastMode"],"gold_per_floor":[111,111,125,125,136,136,154,171,171,171,188,215,245,245,245,346,346,315,12,46,46,57,57,74,74,74,74,90,105,122,138,138,138,138],"floor_reached":33,"playtime":1326,"items_purged":["Strike_R"],"score":276,"play_id":"e2b85c31-3528-49b8-b051-50b5b47112fd","local_time":"20201221200553","is_ascension_mode":false,"campfire_choices":[{"data":"Body Slam","floor":6,"key":"SMITH"},{"data":"Power Through","floor":15,"key":"SMITH"},{"data":"Seeing Red","floor":23,"key":"SMITH"},{"floor":32,"key":"REST"}],"circlet_count":0,"master_deck":["Strike_R","Strike_R","Strike_R","Defend_R","Defend_R","Defend_R","Defend_R","Bash","Body Slam+1","Flame Barrier","Heavy Blade","Pommel Strike","Headbutt","Power Through+1","Impervious","Cleave+1","Seeing Red+1","Thunderclap","Shrug It Off","Spot Weakness","Sword Boomerang"],"relics":["Burning Blood","InkBottle","Happy Flower","Strawberry","Blue Candle","SlaversCollar","Bag of Marbles","Red Mask","Question Card","Mummified Hand"],"acts_visited":["Exordium","TheCity"],"potions_floor_usage":[11,16,20,24,28,33],"damage_taken":[{"damage":6,"enemies":"Jaw Worm","floor":1,"turns":5},{"damage":2,"enemies":"Small Slimes","floor":3,"turns":4},{"damage":0,"enemies":"2 Louse","floor":5,"turns":3},{"damage":11,"enemies":"Large Slime","floor":7,"turns":6},{"damage":5,"enemies":"Exordium Wildlife","floor":8,"turns":4},{"damage":6,"enemies":"Lots of Slimes","floor":11,"turns":4},{"damage":8,"enemies":"3 Sentries","floor":13,"turns":7},{"damage":104,"enemies":"The Guardian","floor":16,"turns":15},{"damage":25,"enemies":"2 Thieves","floor":18,"turns":5},{"damage":9,"enemies":"Masked Bandits","floor":20,"turns":5},{"damage":0,"enemies":"3 Byrds","floor":22,"turns":5},{"damage":13,"enemies":"Snecko","floor":24,"turns":5},{"damage":28,"enemies":"Cultist and Chosen","floor":28,"turns":6},{"damage":6,"enemies":"Chosen and Byrds","floor":29,"turns":5},{"damage":5,"enemies":"Snecko","floor":30,"turns":6},{"damage":41,"enemies":"Cultist and Chosen","floor":31,"turns":11},{"damage":109,"enemies":"Automaton","floor":33,"turns":12}],"seed_played":"158689062208315828","potions_obtained":[{"floor":1,"key":"FairyPotion"},{"floor":5,"key":"EssenceOfSteel"},{"floor":11,"key":"GamblersBrew"},{"floor":18,"key":"SpeedPotion"},{"floor":20,"key":"ColorlessPotion"},{"floor":22,"key":"SkillPotion"},{"floor":31,"key":"BlessingOfTheForge"}],"is_trial":false,"path_per_floor":["M","?","M","?","M","R","M","M","T","?","M","T","E","?","R","B",null,"M","$","?","T","M","R","M","?","T","?","M","M","M","M","R","B"],"character_chosen":"IRONCLAD","items_purchased":["Bag of Marbles","Seeing Red"],"campfire_rested":1,"item_purchase_floors":[19,19],"current_hp_per_floor":[88,88,88,81,87,87,82,83,83,80,80,87,85,85,85,19,95,76,76,73,73,79,79,72,72,72,95,73,73,74,39,67,0,0],"gold":138,"neow_bonus":"TEN_PERCENT_HP_BONUS","is_daily":false,"chose_seed":false,"campfire_upgraded":3,"win_rate":0.0,"timestamp":1608548753,"path_taken":["M","?","M","?","?","R","M","M","T","?","M","?","E","?","R","BOSS","M","$","?","?","M","R","?","?","T","?","M","M","M","M","R","BOSS"],"items_purchased_type":["Relic","Card"],"build_version":"2020-12-13","purchased_purges":1,"victory":false,"max_hp_per_floor":[88,88,88,88,88,88,88,88,88,88,88,95,95,95,95,95,95,95,95,95,95,95,95,95,95,95,95,95,95,95,95,95,95,95],"card_choices":[{"not_picked":["Fire Breathing","Perfected Strike"],"picked":"Body Slam","floor":1},{"not_picked":["Blood for Blood","Clash"],"picked":"Flame Barrier","floor":3},{"not_picked":["Clothesline","Blood for Blood"],"picked":"Heavy Blade","floor":5},{"not_picked":["Body Slam","Havoc","Heavy Blade"],"picked":"SKIP","floor":7},{"not_picked":["Brutality","Whirlwind"],"picked":"Pommel Strike","floor":8},{"not_picked":["Blood for Blood","Clothesline"],"picked":"Headbutt","floor":11},{"not_picked":["Cleave","Brutality"],"picked":"Power Through","floor":13},{"not_picked":["Berserk","Demon Form"],"picked":"Impervious","floor":16},{"not_picked":["Whirlwind+1","Body Slam"],"picked":"Cleave+1","floor":18},{"not_picked":["Cleave","Armaments"],"picked":"Thunderclap","floor":20},{"not_picked":["Power Through","Sword Boomerang","Twin Strike"],"picked":"Shrug It Off","floor":22},{"not_picked":["Clash","Feel No Pain","Iron Wave"],"picked":"Spot Weakness","floor":24},{"not_picked":["Exhume","Carnage","Power Through+1","Iron Wave+1"],"picked":"SKIP","floor":28},{"not_picked":["Headbutt","Warcry","True Grit","Iron Wave"],"picked":"SKIP","floor":29},{"not_picked":["Bludgeon","Wild Strike+1","Perfected Strike+1","Clash"],"picked":"SKIP","floor":30},{"not_picked":["Inflame","Feel No Pain","Pommel Strike"],"picked":"Sword Boomerang","floor":31}],"player_experience":163134,"relics_obtained":[{"floor":9,"key":"InkBottle"},{"floor":12,"key":"Strawberry"},{"floor":13,"key":"Blue Candle"},{"floor":20,"key":"Red Mask"},{"floor":21,"key":"Question Card"},{"floor":26,"key":"Mummified Hand"}],"event_choices":[{"damage_healed":0,"gold_gain":0,"player_choice":"Ignored","damage_taken":0,"max_hp_gain":0,"max_hp_loss":0,"event_name":"Golden Idol","floor":2,"gold_loss":0},{"cards_removed":["Strike_R"],"damage_healed":0,"gold_gain":0,"player_choice":"Card Removal","damage_taken":7,"max_hp_gain":0,"max_hp_loss":0,"event_name":"Golden Wing","floor":4,"gold_loss":0},{"damage_healed":0,"gold_gain":0,"player_choice":"Success","damage_taken":3,"relics_obtained":["Happy Flower"],"max_hp_gain":0,"max_hp_loss":0,"event_name":"Scrap Ooze","floor":10,"gold_loss":0},{"damage_healed":0,"gold_gain":0,"player_choice":"Searched \u00270\u0027 times","damage_taken":0,"max_hp_gain":0,"max_hp_loss":0,"event_name":"Dead Adventurer","floor":14,"gold_loss":0},{"damage_healed":0,"gold_gain":0,"player_choice":"Fought Bandits","damage_taken":0,"max_hp_gain":0,"max_hp_loss":0,"event_name":"Masked Bandits","floor":20,"gold_loss":0},{"damage_healed":0,"gold_gain":0,"player_choice":"Ignored","damage_taken":0,"max_hp_gain":0,"max_hp_loss":0,"event_name":"The Mausoleum","floor":25,"gold_loss":0},{"damage_healed":31,"gold_gain":0,"player_choice":"Heal","damage_taken":0,"max_hp_gain":0,"max_hp_loss":0,"event_name":"The Library","floor":27,"gold_loss":0}],"is_beta":false,"boss_relics":[{"not_picked":["Busted Crown","Calling Bell"],"picked":"SlaversCollar"}],"items_purged_floors":[19],"is_endless":false,"potions_floor_spawned":[1,5,11,18,20,22,31],"killed_by":"Automaton","ascension_level":0}}