{"host":"7o30bgpqouqblh42","time":1608567566,"event":{"mods":["AchievementEnabler","Aspiration","BaseMod","Colored Map","Downfall","Highlight Path","Hubris","Minty Spire (QoL Compilation)","StSLib","SuperFastMode"],"gold_per_floor":[0,17,17,34,64,64,89,102,27,37,37,57,57,71,86,86,86,86],"floor_reached":16,"playtime":713,"items_purged":[],"score":104,"play_id":"7c7ca14e-1cca-40de-8a75-c5ce19d9697b","local_time":"20201221111926","is_ascension_mode":false,"campfire_choices":[{"data":"Guardian:FierceBash","floor":1,"key":"SMITH"},{"floor":3,"key":"RECALL"},{"data":"Guardian:EvasiveProtocol","floor":6,"key":"SMITH"},{"data":"Guardian:TimeBomb","floor":9,"key":"SMITH"}],"circlet_count":0,"master_deck":["Guardian:Strike_Guardian","Guardian:Strike_Guardian","Guardian:Strike_Guardian","Guardian:Strike_Guardian","Guardian:Defend_Guardian","Guardian:Defend_Guardian","Guardian:Defend_Guardian","Guardian:Defend_Guardian","Guardian:CurlUp","Guardian:TwinSlam","Guardian:FierceBash+1","Guardian:EvasiveProtocol+1","Guardian:TimeBomb+1","Guardian:Clone","Guardian:TemporalStrike","Guardian:Gem_Yellow"],"relics":["Guardian:ModeShifter","Bottled Tornado","Guardian:PickAxe","downfall:HeartBlessingRed","hubris:Towel"],"acts_visited":["Exordium"],"potions_floor_usage":[],"damage_taken":[{"damage":5,"enemies":"Small Slimes","floor":2,"turns":3},{"damage":1,"enemies":"Jaw Worm","floor":4,"turns":4},{"damage":36,"enemies":"Lagavulin","floor":5,"turns":5},{"damage":0,"enemies":"2 Louse","floor":8,"turns":3},{"damage":25,"enemies":"Gremlin Gang","floor":10,"turns":5},{"damage":20,"enemies":"Exordium Thugs","floor":12,"turns":5},{"damage":9,"enemies":"2 Fungi Beasts","floor":14,"turns":3},{"damage":6,"enemies":"3 Louse","floor":15,"turns":3},{"damage":19,"enemies":"downfall:Ironclad","floor":16,"turns":2}],"seed_played":"6424671302599940461","potions_obtained":[{"floor":8,"key":"SteroidPotion"},{"floor":10,"key":"FairyPotion"},{"floor":12,"key":"Weak Potion"},{"floor":14,"key":"DuplicationPotion"}],"is_trial":false,"path_per_floor":["R","M","R","M","E","R","T","M","R","M","?","M","?","M","M","B"],"character_chosen":"GUARDIAN","items_purchased":[],"campfire_rested":0,"item_purchase_floors":[],"current_hp_per_floor":[80,75,75,74,38,38,38,38,38,13,13,24,32,23,17,0,0,0],"gold":86,"neow_bonus":"THREE_RARE_CARDS","is_daily":false,"chose_seed":false,"campfire_upgraded":3,"win_rate":0.0,"timestamp":1608567566,"path_taken":["R","M","R","M","E","R","T","M","R","M","?","M","?","M","M","BOSS"],"items_purchased_type":[],"build_version":"2020-12-13","purchased_purges":0,"victory":false,"max_hp_per_floor":[80,80,80,80,80,80,80,80,80,80,80,80,80,80,80,80,80,80],"card_choices":[{"not_picked":["Guardian:FastForward","Guardian:ConstructionForm"],"picked":"Guardian:FierceBash","floor":0},{"not_picked":["Guardian:TemporalStrike","Guardian:Recover"],"picked":"Guardian:EvasiveProtocol","floor":2},{"not_picked":["Guardian:PrimingBeam","Guardian:Preprogram"],"picked":"Guardian:Gem_Blue","floor":4},{"not_picked":["Guardian:PiercingHide","Guardian:DecasProtection"],"picked":"Guardian:TimeBomb","floor":5},{"not_picked":["Guardian:Gem_Cyan","Guardian:VentSteam"],"picked":"Guardian:Clone","floor":8},{"not_picked":["Guardian:Emergency","Guardian:WalkerClaw"],"picked":"Guardian:TemporalStrike","floor":10},{"not_picked":["Guardian:Gem_Lightblue","Guardian:Planning","Guardian:CrystalBeam"],"picked":"SKIP","floor":12},{"not_picked":["Guardian:PiercingHide","Guardian:Incinerate"],"picked":"Guardian:Gem_Yellow","floor":14},{"not_picked":["Guardian:TimeCapacitor","Guardian:PrimingBeam","Guardian:PiercingHide"],"picked":"SKIP","floor":15}],"player_experience":73824,"relics_obtained":[{"floor":5,"key":"Bottled Tornado"},{"floor":7,"key":"Guardian:PickAxe"}],"event_choices":[],"is_beta":false,"boss_relics":[],"items_purged_floors":[],"is_endless":false,"potions_floor_spawned":[8,10,12,14],"killed_by":"downfall:Ironclad","ascension_level":0}}