{"host":"25hwxgnshg5vqzox","time":1608567831,"event":{"mods":["BaseMod","Colored Map","Downfall","Googly Eyes","Highlight Path","Minty Spire (QoL Compilation)","Replay The Spire","StSLib"],"gold_per_floor":[99,99,24,24,24,24,24,24,34,34,34,50,60,60,72,175,175,125,5,20,20,36,36,36,36,67,17,17,68,81,81,92,193,193,68,93,93,43,55,5,5,20,31,31,16,33,45,56,73,73],"floor_reached":51,"playtime":2994,"items_purged":[],"score":710,"play_id":"eab6dee4-4e43-4dba-8106-4defc53926e3","local_time":"20201221162351","is_ascension_mode":false,"campfire_choices":[{"floor":1,"key":"RECALL"},{"data":"Slimebound:Split","floor":3,"key":"SMITH"},{"data":"Slimebound:CorrosiveSpit","floor":5,"key":"SMITH"},{"data":"Slimebound:SplitAcid","floor":8,"key":"SMITH"},{"data":"Slimebound:Repurpose","floor":10,"key":"SMITH"},{"data":"Slimebound:LeechLife","floor":18,"key":"SMITH"},{"data":"Replay:SS_hec_2","floor":23,"key":"SMITH"},{"data":"Slimebound:SplitBruiser","floor":25,"key":"SMITH"},{"data":"Slimebound:SlimeBarrage","floor":27,"key":"SMITH"},{"data":"Slimebound:SlimeBrawl","floor":35,"key":"SMITH"},{"data":"Slimebound:Prepare","floor":38,"key":"SMITH"},{"data":"Slimebound:OneTwoCombo","floor":40,"key":"SMITH"},{"data":"Slimebound:Schlurp","floor":44,"key":"SMITH"}],"circlet_count":0,"master_deck":["Slimebound:Strike_Slimebound","Slimebound:Strike_Slimebound","Slimebound:Defend_Slimebound+1","Slimebound:Defend_Slimebound","Slimebound:Defend_Slimebound","Slimebound:Split+1","Slimebound:CorrosiveSpit+1","Slimebound:GrowthPunch","Slimebound:SamplingLick","Slimebound:SplitAcid+1","Slimebound:Repurpose+1","Slimebound:SlimeBarrage+1","Slimebound:RejuvenatingLick","Slimebound:SlimeSpikes+1","Slimebound:LeechLife+1","Slimebound:Dissolve+1","Slimebound:GoopSpray+1","Slimebound:AcidTongue+1","Slimebound:Schlurp+1","Slimebound:RollThrough","Replay:SS_hec_2+1","Slimebound:PressTheAttack","Slimebound:SplitBruiser+1","Slimebound:RejuvenatingLick+1","Slimebound:TongueLash","Slimebound:SlimeBrawl+1","Slimebound:SplitAcid+1","Slimebound:OneTwoCombo+1","Slimebound:Prepare+1","Slimebound:Nibble+1","Slimebound:SamplingLick","Slimebound:Schlurp+1","Slimebound:OozeBath","Parasite","Slimebound:SplitAcid","Slimebound:SlimeSpikes+1","Slimebound:SplitBruiser","Slimebound:SplitAcid+1"],"relics":["Slimebound:AbsorbEndCombat","downfall:HeartsMalice","downfall:HeartBlessingRed","Anchor","Slimebound:GreedOozeRelic","Astrolabe","Ice Cream","Replay:WaspNest","downfall:HeartBlessingBlue","Replay:Baseball","Replay:Bottled Snecko"],"acts_visited":["Exordium","TheCity","TheBeyond"],"potions_floor_usage":[26,32,36],"damage_taken":[{"damage":0,"enemies":"Cultist","floor":2,"turns":1},{"damage":0,"enemies":"downfall:FleeingMerchant","floor":4,"turns":1},{"damage":0,"enemies":"2 Louse","floor":6,"turns":1},{"damage":12,"enemies":"Jaw Worm","floor":9,"turns":2},{"damage":12,"enemies":"2 Fungi Beasts","floor":12,"turns":2},{"damage":12,"enemies":"3 Louse","floor":13,"turns":2},{"damage":12,"enemies":"Large Slime","floor":15,"turns":3},{"damage":24,"enemies":"downfall:Watcher","floor":16,"turns":7},{"damage":15,"enemies":"downfall:FleeingMerchant","floor":19,"turns":4},{"damage":8,"enemies":"Chosen","floor":20,"turns":4},{"damage":8,"enemies":"Shell Parasite","floor":22,"turns":4},{"damage":36,"enemies":"Gremlin Leader","floor":26,"turns":7},{"damage":22,"enemies":"Sentry and Sphere","floor":30,"turns":4},{"damage":6,"enemies":"Snake Plant","floor":32,"turns":3},{"damage":47,"enemies":"downfall:Ironclad","floor":33,"turns":8},{"damage":43,"enemies":"Reptomancer","floor":36,"turns":8},{"damage":4,"enemies":"3 Shapes","floor":39,"turns":3},{"damage":35,"enemies":"3 Darklings","floor":42,"turns":3},{"damage":17,"enemies":"Spire Growth","floor":43,"turns":4},{"damage":8,"enemies":"downfall:FleeingMerchant","floor":45,"turns":4},{"damage":22,"enemies":"Writhing Mass","floor":46,"turns":3},{"damage":44,"enemies":"Maw","floor":47,"turns":6},{"damage":24,"enemies":"Transient","floor":48,"turns":5},{"damage":22,"enemies":"3 Darklings","floor":49,"turns":2},{"damage":54,"enemies":"downfall:Defect","floor":50,"turns":6}],"seed_played":"-7564407482428243734","potions_obtained":[{"floor":9,"key":"DistilledChaos"},{"floor":12,"key":"AttackPotion"},{"floor":16,"key":"SpeedPotion"},{"floor":20,"key":"Strength Potion"},{"floor":26,"key":"LiquidMemories"},{"floor":31,"key":"CultistPotion"},{"floor":32,"key":"Venom Potion"},{"floor":42,"key":"Adrenaline Potion"}],"is_trial":false,"path_per_floor":["R_BF","M","R","$","R","M","T","R","M","R","?","M","M","?","M","B",null,"R","$","M","?","M","R","T","R","E","R","?","?","M","?","M","B",null,"R","E","?","R","M","R","T","M","M","R","$","M","M","M","M","B",null],"character_chosen":"SLIMEBOUND","items_purchased":["Slimebound:RollThrough","Replay:SS_hec_2"],"campfire_rested":0,"item_purchase_floors":[19,19],"current_hp_per_floor":[60,60,60,60,60,60,60,60,60,60,60,60,60,60,60,56,60,60,60,60,60,60,60,60,60,51,51,51,27,41,41,60,50,60,70,70,62,62,70,70,70,43,69,69,70,64,58,70,70,58],"gold":73,"neow_bonus":"THREE_ENEMY_KILL","is_daily":false,"chose_seed":false,"campfire_upgraded":12,"win_rate":0.0,"timestamp":1608567831,"path_taken":["R_BF","?","R","$","R","M","T","R","M","R","?","M","M","?","M","BOSS","R","$","M","?","M","R","T","R","E","R","?","?","M","?","M","BOSS","R","E","?","R","M","R","T","M","M","R","$","M","M","?","M","BOSS"],"items_purchased_type":["Card","Card"],"build_version":"2020-12-13","purchased_purges":0,"victory":true,"max_hp_per_floor":[60,60,60,60,60,60,60,60,60,60,60,60,60,60,60,60,60,60,60,60,60,60,60,60,60,60,60,60,60,60,60,60,60,60,70,70,70,70,70,70,70,70,70,70,70,70,70,70,70,70],"card_choices":[{"not_picked":["Slimebound:GoopTackle","Slimebound:FinishingTackle"],"picked":"Slimebound:GrowthPunch","floor":2},{"not_picked":["Slimebound:GrowthPunch","Slimebound:SlimeBrawl"],"picked":"Slimebound:SamplingLick","floor":4},{"not_picked":["Slimebound:ViciousTackle","Slimebound:GoopSpray"],"picked":"Slimebound:SplitAcid","floor":6},{"not_picked":["Slimebound:RainOfGoop","Slimebound:SlimeTap"],"picked":"Slimebound:Repurpose","floor":9},{"not_picked":["Slimebound:SlimeSpikes","Slimebound:LeechingTouch"],"picked":"Slimebound:SlimeBarrage","floor":12},{"not_picked":["Slimebound:RollThrough","Slimebound:SamplingLick"],"picked":"Slimebound:RejuvenatingLick","floor":13},{"not_picked":["Slimebound:BestDefense","Slimebound:SpikyOuterGoop"],"picked":"Slimebound:SlimeSpikes","floor":15},{"not_picked":["Slimebound:WasteNot","Slimebound:Overexert"],"picked":"Slimebound:LeechLife","floor":16},{"not_picked":["Slimebound:SlimeBarrage","Slimebound:Grow"],"picked":"Slimebound:Schlurp+1","floor":19},{"not_picked":["Slimebound:RollThrough+1","Slimebound:GrowthPunch+1"],"picked":"Slimebound:PressTheAttack","floor":20},{"not_picked":["Slimebound:SlimeSpikes","Slimebound:GoopSpray"],"picked":"Slimebound:SplitBruiser","floor":22},{"not_picked":["Slimebound:Teamwork","Slimebound:GrowthPunch"],"picked":"Slimebound:RejuvenatingLick+1","floor":26},{"not_picked":["Slimebound:GrowthPunch","Slimebound:ComboTackle"],"picked":"Slimebound:TongueLash","floor":29},{"not_picked":["Slimebound:SlimeTap","Slimebound:FinishingTackle"],"picked":"Slimebound:SlimeBrawl","floor":30},{"not_picked":["Slimebound:LeechingTouch","Slimebound:GrowthPunch+1"],"picked":"Slimebound:SplitAcid+1","floor":32},{"not_picked":["Slimebound:WasteNot","Slimebound:DuplicatedForm"],"picked":"Slimebound:OneTwoCombo","floor":33},{"not_picked":["Slimebound:RejuvenatingLick+1","Slimebound:Replication+1"],"picked":"Slimebound:Prepare","floor":36},{"not_picked":["Slimebound:GrowthPunch+1","Slimebound:FinishingTackle+1"],"picked":"Slimebound:Nibble+1","floor":39},{"not_picked":["Slimebound:SlimeBrawl","Slimebound:SplitAcid+1"],"picked":"Slimebound:SamplingLick","floor":42},{"not_picked":["Slimebound:AcidTongue+1","Slimebound:ViciousTackle+1"],"picked":"Slimebound:Schlurp","floor":43},{"not_picked":["Slimebound:PressTheAttack+1","Slimebound:GoopSpray"],"picked":"Slimebound:OozeBath","floor":45},{"not_picked":["Slimebound:FirmFortitude","Slimebound:ForwardTackle+1"],"picked":"Slimebound:SplitAcid","floor":46},{"not_picked":["Slimebound:FinishingTackle","Slimebound:LeechingTouch"],"picked":"Slimebound:SlimeSpikes+1","floor":47},{"not_picked":["Slimebound:SlimeSpikes+1","Slimebound:PressTheAttack+1"],"picked":"Slimebound:SplitBruiser","floor":48},{"not_picked":["Slimebound:GoopSpray","Slimebound:ComboTackle"],"picked":"Slimebound:SplitAcid+1","floor":49}],"player_experience":35364,"relics_obtained":[{"floor":7,"key":"Anchor"},{"floor":26,"key":"Ice Cream"},{"floor":29,"key":"Replay:WaspNest"},{"floor":36,"key":"Replay:Baseball"},{"floor":41,"key":"Replay:Bottled Snecko"}],"event_choices":[],"is_beta":false,"boss_relics":[{"not_picked":["Abe\u0027s Treasure","Replay:Bronze Core"],"picked":"Astrolabe"},{"not_picked":["Replay:Grab Bag","Snecko Eye","ReplayTheSpireMod:DimensionalGlitch"]}],"items_purged_floors":[],"is_endless":false,"potions_floor_spawned":[9,12,16,20,26,32,33,42,43,46,48],"ascension_level":0}}