{"host":"5gc11emcm5chfr5t","time":1608584464,"event":{"mods":["2.2 Compatiblity","AchievementEnabler","BaseMod","Bestiary","Better Note","Colored Map","Colored Powertips","Downfall","Googly Eyes","Minty Spire (QoL Compilation)","Rare Cards Sparkle","StSLib"],"gold_per_floor":[99,99,118,134,59,76,101,101,127,52,70,70,70,86,101,101,101],"floor_reached":16,"playtime":422,"items_purged":[],"score":204,"play_id":"969a48f6-e2ad-400a-9d35-a10af1c49ad4","local_time":"20201221160104","is_ascension_mode":true,"campfire_choices":[{"floor":1,"key":"RECALL"},{"floor":5,"key":"REST"},{"floor":10,"key":"REST"}],"circlet_count":0,"master_deck":["AscendersBane","sneckomod:Strike","sneckomod:Strike","sneckomod:Strike","sneckomod:Defend","sneckomod:Defend","sneckomod:Defend","sneckomod:TailWhip","sneckomod:SnekBite+1","sneckomod:Unknown","sneckomod:Unknown+1","Regret","sneckomod:UnknownExhaust","sneckomod:UnknownUncommonAttack","sneckomod:UnknownClassRED","sneckomod:Restock","sneckomod:WideSting+1","sneckomod:QuickBite","sneckomod:Nope"],"relics":["Sozu","sneckomod:ConfusingCodex","downfall:HeartBlessingRed","Bag of Preparation","The Courier","downfall:HeartBlessingBlue"],"acts_visited":["Exordium"],"potions_floor_usage":[],"damage_taken":[{"damage":12,"enemies":"Small Slimes","floor":3,"turns":3},{"damage":8,"enemies":"2 Louse","floor":4,"turns":3},{"damage":2,"enemies":"Cultist","floor":6,"turns":2},{"damage":45,"enemies":"Lagavulin","floor":9,"turns":5},{"damage":3,"enemies":"Blue Slaver","floor":11,"turns":2},{"damage":10,"enemies":"3 Louse","floor":14,"turns":3},{"damage":6,"enemies":"2 Fungi Beasts","floor":15,"turns":2},{"damage":54,"enemies":"downfall:Defect","floor":16,"turns":6}],"seed_played":"-4383696463004448538","potions_obtained":[],"is_trial":false,"path_per_floor":["R","?","M","M","R","M","T","?","E","R","M","?","?","M","M","B"],"character_chosen":"THE_SNECKO","items_purchased":[],"campfire_rested":2,"item_purchase_floors":[],"current_hp_per_floor":[75,75,63,55,79,83,83,78,33,70,67,67,67,57,51,0,0],"gold":101,"neow_bonus":"BOSS_RELIC","is_daily":false,"chose_seed":false,"campfire_upgraded":0,"win_rate":0.0,"timestamp":1608584464,"path_taken":["R","?","M","M","R","M","T","?","E","R","M","?","?","M","M","BOSS"],"items_purchased_type":[],"build_version":"2020-12-13","purchased_purges":0,"victory":false,"max_hp_per_floor":[83,83,83,83,83,83,83,83,83,93,93,93,93,93,93,93,93],"card_choices":[{"not_picked":["sneckomod:UnknownCommonSkill","sneckomod:UnknownX"],"picked":"sneckomod:UnknownExhaust","floor":3},{"not_picked":["sneckomod:Nope","sneckomod:IronFang"],"picked":"sneckomod:UnknownUncommonAttack","floor":4},{"not_picked":["sneckomod:RainOfDice","sneckomod:UnknownClassTHE_CHAMP_GRAY"],"picked":"sneckomod:UnknownClassRED","floor":6},{"not_picked":["sneckomod:UnknownUncommonSkill","sneckomod:CheapStock"],"picked":"sneckomod:Restock","floor":9},{"not_picked":["sneckomod:DiceBlock","sneckomod:UnknownClassHEXA_GHOST_PURPLE"],"picked":"sneckomod:WideSting","floor":11},{"not_picked":["sneckomod:UnknownStrength","sneckomod:UnknownX"],"picked":"sneckomod:QuickBite","floor":14},{"not_picked":["sneckomod:UnknownBlock","sneckomod:Unknown1Cost"],"picked":"sneckomod:Nope","floor":15}],"player_experience":466116,"relics_obtained":[{"floor":9,"key":"The Courier"}],"event_choices":[{"damage_healed":0,"gold_gain":0,"player_choice":"Box","damage_taken":0,"relics_obtained":["sneckomod:ConfusingCodex"],"max_hp_gain":0,"max_hp_loss":0,"event_name":"Big Fish","floor":2,"gold_loss":0,"cards_obtained":["Regret"]},{"damage_healed":0,"gold_gain":0,"player_choice":"Success","damage_taken":5,"relics_obtained":["Bag of Preparation"],"max_hp_gain":0,"max_hp_loss":0,"event_name":"Scrap Ooze","floor":8,"gold_loss":0},{"cards_removed":["Regret"],"damage_healed":0,"gold_gain":0,"player_choice":"Forget","damage_taken":0,"max_hp_gain":0,"max_hp_loss":0,"event_name":"Living Wall","floor":13,"gold_loss":0}],"is_beta":false,"boss_relics":[],"items_purged_floors":[],"is_endless":false,"potions_floor_spawned":[6],"killed_by":"downfall:Defect","ascension_level":20}}