{"host":"g75gtovmj0ine2rf","time":1608549624,"event":{"mods":["2.2 Compatiblity","AchievementEnabler","Act Like it!","Aspiration","Astrologer","Bard","BaseMod","Better Match","BetterRewards","CapriCore","Challenge The Spire","ChefMod","Colored Map","Conspire","Energized Spire","Friendly Minions","Gensokyo","Halation","Hallownest","Hermit","HexUI Lib","Highlight Path","Hubris","Infinite Spire","Jedi Mod","Lobotomy","Minty Spire (QoL Compilation)","Puzzle Mod","Quick Restart","Rare Cards Sparkle","Relic Stats","Replay The Spire","Shade Mod","Shop Mod","Spicy Shops","StSLib","SuperFastMode","The Construct","The Cursed","The Factory","The Jungle","The Runesmith","TheBandit","TheFirefly","TheSwordswoman","TheVacant","Transform Curses","Wandering Minibosses","thorton","vexMod"],"gold_per_floor":[18,68,84,84,94,94,129,129,129,162,173,173,48,60,60,60,60,60],"floor_reached":16,"playtime":1303,"items_purged":[],"score":187,"play_id":"30a541fb-0482-4f36-82eb-bb6889df5e2a","local_time":"20201221222024","is_ascension_mode":true,"campfire_choices":[{"floor":6,"key":"REST"},{"data":"wariomod:BigUpgrade","floor":8,"key":"SMITH"},{"floor":15,"key":"REST"}],"circlet_count":0,"master_deck":["AscendersBane","wariomod:Strike","wariomod:Strike","wariomod:Strike","wariomod:Defend","wariomod:Defend","wariomod:Defend","wariomod:Defend","wariomod:Step","wariomod:EnergizedBombs","wariomod:HappyHit","wariomod:TreasureDig","wariomod:BodyBlock","wariomod:BigUpgrade+1","wariomod:WhirlwindBurst","jedi:forcepull+1","wariomod:WhirlwindBurst"],"relics":["wariomod:TheHat","halation:WeightlessCrab","infinitespire:EmpoweringShard","Pear","hubris:TenFootPole","Hallownest:SalubrasBlessingRelic"],"acts_visited":["Exordium"],"potions_floor_usage":[16,16],"damage_taken":[{"damage":1,"enemies":"Hallownest:monsterHuskGuard","floor":1,"turns":4},{"damage":3,"enemies":"2_ Uuma","floor":3,"turns":7},{"damage":5,"enemies":"Hallownest:2_Baldur","floor":5,"turns":4},{"damage":5,"enemies":"Hallownest:eliteMossKnight","floor":7,"turns":11},{"damage":6,"enemies":"Hallownest:eliteCrystalGuardian","floor":10,"turns":7},{"damage":9,"enemies":"Hallownest:1_Baldur_1_Crawlid_1_Warrior","floor":11,"turns":7},{"damage":24,"enemies":"Hallownest:1_Ooma_and_2_Uuma","floor":14,"turns":12},{"damage":43,"enemies":"Hallownest:BossBrokenVessel","floor":16,"turns":9}],"seed_played":"4738516486315072745","potions_obtained":[{"floor":1,"key":"jedi:StrikingPotion"},{"floor":2,"key":"GamblersBrew"},{"floor":10,"key":"Dexterity Potion"}],"is_trial":false,"path_per_floor":["M","?","M","?","M","R","E","R","T","E","M","?","?","M","R","B"],"character_chosen":"THE_BANDIT","items_purchased":[],"campfire_rested":2,"item_purchase_floors":[],"current_hp_per_floor":[64,41,38,38,33,52,47,47,57,51,42,42,42,18,42,0,0,0],"gold":60,"neow_bonus":"THREE_RARE_CARDS","is_daily":false,"chose_seed":false,"campfire_upgraded":1,"win_rate":0.0,"timestamp":1608549624,"path_taken":["M","?","M","?","M","R","E","R","T","E","M","?","?","M","R","BOSS"],"items_purchased_type":[],"build_version":"2020-12-13","purchased_purges":0,"victory":false,"max_hp_per_floor":[72,72,72,64,64,64,64,64,74,74,74,74,74,74,76,76,76,76],"relic_stats":{"counters":[8,61],"obtain_stats":[{"Hallownest:SalubrasBlessingRelic":12,"Pear":9,"wariomod:TheHat":0,"halation:WeightlessCrab":2,"infinitespire:EmpoweringShard":7,"hubris:TenFootPole":10},{"Hallownest:SalubrasBlessingRelic":6,"Pear":4,"wariomod:TheHat":0,"halation:WeightlessCrab":1,"infinitespire:EmpoweringShard":4,"hubris:TenFootPole":5},{"Hallownest:SalubrasBlessingRelic":40,"Pear":26,"wariomod:TheHat":0,"halation:WeightlessCrab":4,"infinitespire:EmpoweringShard":26,"hubris:TenFootPole":33}]},"card_choices":[{"not_picked":["wariomod:Sidestep","wariomod:ForbiddenMagic"],"picked":"wariomod:EnergizedBombs","floor":0},{"not_picked":["wariomod:Smackflip","wariomod:EmptyMind","wariomod:Goblast"],"picked":"SKIP","floor":1},{"not_picked":["wariomod:SimpleShield","wariomod:BodyBlock"],"picked":"wariomod:HappyHit","floor":2},{"not_picked":["wariomod:DoubleDash","wariomod:DropBash"],"picked":"wariomod:TreasureDig","floor":3},{"not_picked":["wariomod:SpikeSlash","wariomod:AwfulLook"],"picked":"wariomod:BodyBlock","floor":5},{"not_picked":["wariomod:SmallSprint","wariomod:OctoJump"],"picked":"wariomod:BigUpgrade","floor":7},{"not_picked":["wariomod:ImFeelingLucky","wariomod:OctoJump"],"picked":"wariomod:WhirlwindBurst","floor":10},{"not_picked":["wariomod:Smackflip","wariomod:DisarmingMoves","wariomod:BumRush"],"picked":"SKIP","floor":11},{"not_picked":["Flash of Steel+1","Survey Options+1"],"picked":"jedi:forcepull+1","floor":13},{"not_picked":["wariomod:f","wariomod:DiceyMove"],"picked":"wariomod:WhirlwindBurst","floor":14}],"player_experience":1332366,"relics_obtained":[{"floor":2,"key":"halation:WeightlessCrab"},{"floor":7,"key":"infinitespire:EmpoweringShard"},{"floor":9,"key":"Pear"},{"floor":10,"key":"hubris:TenFootPole"}],"event_choices":[{"damage_healed":0,"gold_gain":0,"player_choice":"2","damage_taken":0,"max_hp_gain":0,"max_hp_loss":0,"event_name":"betterMatch:BetterMatch","floor":13,"gold_loss":0,"cards_obtained":["betterMatch:ColorlessUncommonCard"]}],"is_beta":false,"boss_relics":[],"items_purged_floors":[],"is_endless":false,"potions_floor_spawned":[1,10,11],"killed_by":"Hallownest:BossBrokenVessel","ascension_level":17}}