{"host":"dcj2yvrgcvh5dl2s","time":1608532692,"event":{"mods":["BaseMod","Better Note","Block Reminder","Colored Powertips","DeckTracker","Minty Spire (QoL Compilation)","Quick Restart","Rare Cards Sparkle","Relic Stats","StSLib"],"gold_per_floor":[110,110,14,29,29,61,61,61,85,118,130,130,130,141,141,240,240,210,16,16,16,16,16,16,16,16,16,16,16,16,16,16,16,16,16,16,16,0,0,0,0,0,0,0,0,0,0,0,0,0],"floor_reached":51,"playtime":1753,"items_purged":["Regret"],"score":1471,"play_id":"eef3add1-f868-4e0b-86e2-901b34fbb913","local_time":"20201221163812","is_ascension_mode":true,"campfire_choices":[{"data":"True Grit","floor":7,"key":"SMITH"},{"data":"Double Tap","floor":12,"key":"SMITH"},{"data":"Apotheosis","floor":15,"key":"SMITH"},{"data":"Infernal Blade","floor":24,"key":"SMITH"},{"floor":30,"key":"DIG"},{"floor":32,"key":"DIG"},{"floor":41,"key":"DIG"},{"floor":49,"key":"DIG"}],"circlet_count":0,"master_deck":["AscendersBane","Strike_R","Strike_R","Strike_R","Strike_R","Strike_R","Defend_R","Defend_R","Defend_R","Defend_R","Bash","Apotheosis+1","Pommel Strike","True Grit+1","Infernal Blade+1","Feel No Pain","Double Tap+1","Intimidate","Impervious","Immolate","Cleave","Shrug It Off","Shrug It Off","Shrug It Off","Shockwave","Seeing Red+1","Shrug It Off","Intimidate","Offering","Sword Boomerang","Pummel+1","Juggernaut","Shrug It Off","Seeing Red+1","Battle Trance","Body Slam+1","Feel No Pain"],"relics":["Burning Blood","The Courier","Shovel","Meat on the Bone","Pen Nib","Akabeko","Ectoplasm","Gremlin Horn","Centennial Puzzle","Nunchaku","CeramicFish","HornCleat","Old Coin","Ornamental Fan","Question Card","Mercury Hourglass","Coffee Dripper","Red Mask","Happy Flower","Art of War","Dream Catcher","Anchor","Self Forming Clay","Bag of Preparation"],"acts_visited":["Exordium","TheCity","TheBeyond"],"potions_floor_usage":[11,23,25,28,29,33,50,50],"damage_taken":[{"damage":5,"enemies":"Small Slimes","floor":1,"turns":3},{"damage":6,"enemies":"Cultist","floor":4,"turns":3},{"damage":28,"enemies":"Lagavulin","floor":6,"turns":7},{"damage":16,"enemies":"3 Sentries","floor":10,"turns":9},{"damage":7,"enemies":"2 Louse","floor":11,"turns":2},{"damage":7,"enemies":"Large Slime","floor":14,"turns":6},{"damage":2,"enemies":"Slime Boss","floor":16,"turns":8},{"damage":22,"enemies":"2 Thieves","floor":18,"turns":2},{"damage":32,"enemies":"Shell Parasite","floor":20,"turns":5},{"damage":9,"enemies":"Cultist and Chosen","floor":21,"turns":5},{"damage":17,"enemies":"Snecko","floor":22,"turns":6},{"damage":0,"enemies":"Gremlin Leader","floor":23,"turns":3},{"damage":10,"enemies":"Slavers","floor":25,"turns":3},{"damage":27,"enemies":"Shelled Parasite and Fungi","floor":27,"turns":4},{"damage":26,"enemies":"Gremlin Leader","floor":28,"turns":4},{"damage":3,"enemies":"Colosseum Slavers","floor":29,"turns":3},{"damage":5,"enemies":"Colosseum Nobs","floor":29,"turns":2},{"damage":5,"enemies":"Cultist and Chosen","floor":31,"turns":6},{"damage":1,"enemies":"Automaton","floor":33,"turns":8},{"damage":4,"enemies":"Orb Walker","floor":35,"turns":2},{"damage":7,"enemies":"3 Shapes","floor":37,"turns":2},{"damage":29,"enemies":"Reptomancer","floor":40,"turns":5},{"damage":0,"enemies":"Sphere and 2 Shapes","floor":42,"turns":4},{"damage":6,"enemies":"Nemesis","floor":44,"turns":5},{"damage":8,"enemies":"3 Darklings","floor":45,"turns":3},{"damage":10,"enemies":"Transient","floor":46,"turns":5},{"damage":6,"enemies":"Giant Head","floor":47,"turns":5},{"damage":14,"enemies":"Writhing Mass","floor":48,"turns":4},{"damage":27,"enemies":"Awakened One","floor":50,"turns":8}],"seed_played":"4195180592157676880","potions_obtained":[{"floor":4,"key":"LiquidMemories"},{"floor":6,"key":"SpeedPotion"},{"floor":11,"key":"Fruit Juice"},{"floor":18,"key":"PowerPotion"},{"floor":20,"key":"Strength Potion"},{"floor":23,"key":"Regen Potion"},{"floor":27,"key":"BloodPotion"},{"floor":29,"key":"LiquidMemories"},{"floor":33,"key":"DuplicationPotion"},{"floor":37,"key":"Dexterity Potion"},{"floor":40,"key":"Strength Potion"}],"is_trial":false,"path_per_floor":["M","?","$","M","?","E","R","$","T","E","M","R","?","M","R","B",null,"M","$","M","M","M","E","R","E","T","M","E","?","R","M","R","B",null,"M","$","M","?","?","E","R","M","T","E","M","M","E","M","R","B",null],"character_chosen":"IRONCLAD","items_purchased":["True Grit","Gremlin Horn"],"campfire_rested":0,"item_purchase_floors":[3,19],"current_hp_per_floor":[72,72,72,72,72,50,50,50,50,52,56,56,56,55,55,59,73,57,57,43,52,53,59,59,55,55,46,53,62,62,63,63,68,75,77,77,76,76,73,50,50,56,56,56,54,50,50,54,54,45],"gold":0,"neow_bonus":"RANDOM_COLORLESS_2","is_daily":false,"chose_seed":false,"campfire_upgraded":4,"win_rate":0.0,"timestamp":1608532692,"path_taken":["M","?","$","M","?","E","R","$","T","E","?","R","?","M","R","BOSS","M","$","M","M","M","E","R","E","T","M","E","?","R","M","R","BOSS","M","$","M","?","?","E","R","M","T","E","M","M","E","M","R","BOSS"],"items_purchased_type":["Card","Relic"],"build_version":"2020-12-13","purchased_purges":1,"victory":true,"max_hp_per_floor":[72,72,72,72,72,72,72,72,72,72,77,77,77,77,77,77,77,77,77,77,77,77,77,77,77,77,77,77,77,77,77,77,77,77,77,77,77,77,73,73,73,73,73,73,73,73,73,73,73,73],"relic_stats":{"Gremlin Horn":[24,24],"Happy Flower":[11],"counters":[29,131],"Self Forming Clay":[18],"CeramicFish":0,"Pen Nib":[26],"Bag of Preparation":[2],"Question Card":11,"Burning Blood":173,"Mercury Hourglass":[191],"Centennial Puzzle":[48],"Nunchaku":[17],"Dream Catcher":0,"Shovel":4,"Ornamental Fan":[116],"Ectoplasm":1025,"Art of War":[1],"obtain_stats":[{"Gremlin Horn":19,"Happy Flower":40,"Self Forming Clay":47,"CeramicFish":26,"The Courier":2,"Pen Nib":9,"Bag of Preparation":49,"Question Card":30,"Burning Blood":0,"Akabeko":10,"Old Coin":29,"Mercury Hourglass":32,"Centennial Puzzle":23,"Nunchaku":25,"Dream Catcher":43,"Anchor":44,"Shovel":5,"HornCleat":28,"Ornamental Fan":29,"Ectoplasm":17,"Coffee Dripper":34,"Red Mask":38,"Art of War":41,"Meat on the Bone":6},{"Gremlin Horn":8,"Happy Flower":22,"Self Forming Clay":27,"CeramicFish":13,"The Courier":1,"Pen Nib":3,"Bag of Preparation":28,"Question Card":17,"Burning Blood":0,"Akabeko":4,"Old Coin":17,"Mercury Hourglass":18,"Centennial Puzzle":12,"Nunchaku":13,"Dream Catcher":23,"Anchor":24,"Shovel":2,"HornCleat":15,"Ornamental Fan":17,"Ectoplasm":7,"Coffee Dripper":19,"Red Mask":21,"Art of War":22,"Meat on the Bone":3},{"Gremlin Horn":40,"Happy Flower":98,"Self Forming Clay":119,"CeramicFish":62,"The Courier":3,"Pen Nib":13,"Bag of Preparation":123,"Question Card":75,"Burning Blood":0,"Akabeko":22,"Old Coin":75,"Mercury Hourglass":81,"Centennial Puzzle":59,"Nunchaku":62,"Dream Catcher":101,"Anchor":106,"Shovel":6,"HornCleat":70,"Ornamental Fan":75,"Ectoplasm":38,"Coffee Dripper":89,"Red Mask":93,"Art of War":98,"Meat on the Bone":13}],"Meat on the Bone":96},"card_choices":[{"not_picked":["Master of Strategy","Magnetism"],"picked":"Apotheosis","floor":0},{"not_picked":["Body Slam","Metallicize"],"picked":"Pommel Strike","floor":1},{"not_picked":["Clothesline","Headbutt"],"picked":"Infernal Blade","floor":4},{"not_picked":["Power Through","Burning Pact"],"picked":"Feel No Pain","floor":6},{"not_picked":["Inflame","Disarm"],"picked":"Double Tap","floor":10},{"not_picked":["Pommel Strike","Havoc"],"picked":"Intimidate","floor":11},{"not_picked":["True Grit","Dropkick"],"picked":"Impervious","floor":14},{"not_picked":["Impervious","Brutality"],"picked":"Immolate","floor":16},{"not_picked":["Clash","Rampage"],"picked":"Cleave","floor":18},{"not_picked":["Dropkick","Perfected Strike"],"picked":"Shrug It Off","floor":20},{"not_picked":["Battle Trance","Thunderclap"],"picked":"Shrug It Off","floor":21},{"not_picked":["Entrench","Wild Strike"],"picked":"Shrug It Off","floor":22},{"not_picked":["Armaments","Cleave+1"],"picked":"Shockwave","floor":23},{"not_picked":["Warcry","Blood for Blood","Armaments"],"picked":"SKIP","floor":25},{"not_picked":["Uppercut","Headbutt","Armaments"],"picked":"SKIP","floor":27},{"not_picked":["Double Tap","Inflame"],"picked":"Seeing Red+1","floor":28},{"not_picked":["True Grit+1","Iron Wave"],"picked":"Shrug It Off","floor":29},{"not_picked":["Battle Trance","Clothesline","Pommel Strike+1"],"picked":"Intimidate","floor":31},{"not_picked":["Double Tap","Corruption","Juggernaut"],"picked":"Offering","floor":33},{"not_picked":["Havoc","Perfected Strike","Seeing Red"],"picked":"Sword Boomerang","floor":35},{"not_picked":["Perfected Strike","Reckless Charge","Heavy Blade"],"picked":"Pummel+1","floor":37},{"not_picked":["Twin Strike+1","Burning Pact","Clash"],"picked":"Juggernaut","floor":40},{"not_picked":["Heavy Blade+1","Hemokinesis+1","Power Through"],"picked":"Shrug It Off","floor":42},{"not_picked":["Iron Wave+1","Blood for Blood","Perfected Strike"],"picked":"Seeing Red+1","floor":44},{"not_picked":["Sword Boomerang+1","Headbutt+1","Spot Weakness"],"picked":"Battle Trance","floor":45},{"not_picked":["Anger+1","True Grit+1","Heavy Blade+1"],"picked":"Body Slam+1","floor":46},{"not_picked":["Armaments","Perfected Strike","Cleave+1","Clash"],"picked":"SKIP","floor":47},{"not_picked":["Anger","Twin Strike","Power Through"],"picked":"Feel No Pain","floor":48}],"player_experience":1996782,"relics_obtained":[{"floor":6,"key":"Meat on the Bone"},{"floor":9,"key":"Pen Nib"},{"floor":10,"key":"Akabeko"},{"floor":23,"key":"Centennial Puzzle"},{"floor":25,"key":"Nunchaku"},{"floor":26,"key":"CeramicFish"},{"floor":28,"key":"HornCleat"},{"floor":29,"key":"Old Coin"},{"floor":29,"key":"Ornamental Fan"},{"floor":30,"key":"Question Card"},{"floor":32,"key":"Mercury Hourglass"},{"floor":40,"key":"Happy Flower"},{"floor":41,"key":"Art of War"},{"floor":43,"key":"Dream Catcher"},{"floor":44,"key":"Anchor"},{"floor":47,"key":"Self Forming Clay"},{"floor":49,"key":"Bag of Preparation"}],"event_choices":[{"damage_healed":0,"gold_gain":0,"player_choice":"Box","damage_taken":0,"relics_obtained":["The Courier"],"max_hp_gain":0,"max_hp_loss":0,"event_name":"Big Fish","floor":2,"gold_loss":0,"cards_obtained":["Regret"]},{"damage_healed":0,"gold_gain":0,"player_choice":"Gave Potion","damage_taken":0,"relics_obtained":["Shovel"],"max_hp_gain":0,"max_hp_loss":0,"event_name":"WeMeetAgain","floor":5,"gold_loss":0},{"damage_healed":0,"gold_gain":0,"player_choice":"Ignored","damage_taken":0,"max_hp_gain":0,"max_hp_loss":0,"event_name":"Liars Game","floor":13,"gold_loss":0},{"damage_healed":0,"gold_gain":0,"player_choice":"Fight","damage_taken":0,"max_hp_gain":0,"max_hp_loss":0,"event_name":"Colosseum","floor":29,"gold_loss":0},{"damage_healed":0,"gold_gain":0,"player_choice":"Fought Nobs","damage_taken":0,"max_hp_gain":0,"max_hp_loss":0,"event_name":"Colosseum","floor":29,"gold_loss":0},{"damage_healed":0,"gold_gain":0,"player_choice":"Paid","damage_taken":0,"relics_obtained":["Red Mask"],"max_hp_gain":0,"max_hp_loss":0,"event_name":"Tomb of Lord Red Mask","floor":38,"gold_loss":16},{"damage_healed":0,"gold_gain":0,"player_choice":"Max HP","damage_taken":0,"max_hp_gain":0,"max_hp_loss":4,"event_name":"Winding Halls","floor":39,"gold_loss":0}],"is_beta":false,"boss_relics":[{"not_picked":["Velvet Choker","SacredBark"],"picked":"Ectoplasm"},{"not_picked":["Tiny House","Pandora\u0027s Box"],"picked":"Coffee Dripper"}],"items_purged_floors":[3],"is_endless":false,"potions_floor_spawned":[4,6,11,18,20,23,27,29,33,37,40,45,48],"ascension_level":12}}