{"host":"rewczy2ihmzhwqlt","time":1608576877,"event":{"mods":["Act Like it!","BaseMod","Hallownest","Minty Spire (QoL Compilation)","Permanent Neow","Quick Restart","Rare Cards Sparkle","Robot Space Explorer","StSLib","The Bug Knight","TheHeartMod"],"gold_per_floor":[217,217,147,0,40,70,90,103,126,143,143,143,108,137,137,236,236,255,266,279,279,291,316,226,226,226,244,184,99,112,112,112,209,209,222,234,253,253,273,273,163,163,163,28,68,80,80,93,93,192,192,192,32,65,65],"floor_reached":56,"playtime":3440,"items_purged":["RobotSpaceExplorer:Strike","RobotSpaceExplorer:Strike","RobotSpaceExplorer:Strike","RobotSpaceExplorer:Strike+1","RobotSpaceExplorer:Defend","RobotSpaceExplorer:MiniLasers+1"],"score":1352,"play_id":"4b3852b1-f835-4b8f-9f36-ffd29794c34d","local_time":"20201222025437","is_ascension_mode":false,"campfire_choices":[{"data":"RobotSpaceExplorer:Jetpack","floor":11.0,"key":"SMITH"},{"data":"RobotSpaceExplorer:StarLightning","floor":15.0,"key":"SMITH"},{"data":"RobotSpaceExplorer:ChargingLaser","floor":25.0,"key":"SMITH"},{"floor":32.0,"key":"RECALL"},{"data":"RobotSpaceExplorer:Accelerator","floor":40.0,"key":"SMITH"},{"data":"RobotSpaceExplorer:Scan","floor":47.0,"key":"SMITH"},{"data":"RobotSpaceExplorer:Defend","floor":49.0,"key":"SMITH"},{"data":"RobotSpaceExplorer:Defend","floor":52.0,"key":"SMITH"}],"circlet_count":0,"master_deck":["RobotSpaceExplorer:Defend+1","RobotSpaceExplorer:Defend","RobotSpaceExplorer:Defend+1","RobotSpaceExplorer:Scan+1","RobotSpaceExplorer:StarLightning+1","RobotSpaceExplorer:Scanner","RobotSpaceExplorer:Jetpack+1","RobotSpaceExplorer:ChargingLaser+1","RobotSpaceExplorer:ShovelStrike+1","RobotSpaceExplorer:Pulsar+1","RobotSpaceExplorer:GearShield","RobotSpaceExplorer:Accelerator+1","RobotSpaceExplorer:Fix","RobotSpaceExplorer:FranticSearch+1","RobotSpaceExplorer:TrailblazerForm"],"relics":["RobotSpaceExplorer:RoboCore","Hallownest:BankAccountRelic","Lantern","Hallownest:DreamNailRelic","Bronze Scales","Coffee Dripper","Hallownest:WatcherSealRelic","RobotSpaceExplorer:FoglandsKnife","Hallownest:StagBellStandRelic","Bottled Lightning","RobotSpaceExplorer:Reprocessor","Hallownest:HeavyBlowRelic","RobotSpaceExplorer:PlasmaHourglass","Bag of Preparation"],"acts_visited":["Exordium","Hallownest:Greenpath","Hallownest:CityofTears","TheEnding"],"potions_floor_usage":[55,55,55],"damage_taken":[{"damage":0.0,"enemies":"2_ Uuma","floor":1.0,"turns":7.0},{"damage":14.0,"enemies":"Hallownest:eliteCrystalGuardian","floor":6.0,"turns":5.0},{"damage":0.0,"enemies":"Hallownest:monsterHuskWarrior","floor":7.0,"turns":3.0},{"damage":0.0,"enemies":"Hallownest:2_MossCreeps","floor":8.0,"turns":4.0},{"damage":7.0,"enemies":"Hallownest:Guard_and_Warrior","floor":10.0,"turns":6.0},{"damage":0.0,"enemies":"Hallownest:eliteVengeflyKing","floor":14.0,"turns":7.0},{"damage":45.0,"enemies":"Hallownest:BossHornet","floor":16.0,"turns":12.0},{"damage":3.0,"enemies":"Hallownest:Flukemon_and_Top","floor":18.0,"turns":5.0},{"damage":0.0,"enemies":"Hallownest:Guard_and_Sentry","floor":19.0,"turns":5.0},{"damage":2.0,"enemies":"Hallownest:2_Husk_Sentries","floor":20.0,"turns":5.0},{"damage":3.0,"enemies":"Hallownest:Warrior_and_Youth","floor":22.0,"turns":4.0},{"damage":0.0,"enemies":"Hallownest:Nosk","floor":23.0,"turns":8.0},{"damage":11.0,"enemies":"Hallownest:3_Mistakes","floor":27.0,"turns":8.0},{"damage":0.0,"enemies":"Hallownest:2_Husk_Sentries","floor":30.0,"turns":4.0},{"damage":12.0,"enemies":"Hallownest:BossSoulMaster","floor":33.0,"turns":8.0},{"damage":0.0,"enemies":"Hallownest:Shield_Heavy","floor":35.0,"turns":4.0},{"damage":0.0,"enemies":"Hallownest:2_Littles","floor":36.0,"turns":4.0},{"damage":0.0,"enemies":"Hallownest:2_Great","floor":37.0,"turns":5.0},{"damage":7.0,"enemies":"Hallownest:2_Wandering_and_1_Horned","floor":39.0,"turns":5.0},{"damage":0.0,"enemies":"Hallownest:Shield_Sturdy","floor":46.0,"turns":3.0},{"damage":0.0,"enemies":"Hallownest:2_Great","floor":48.0,"turns":3.0},{"damage":7.0,"enemies":"Hallownest:BossGreyPrinceZote","floor":50.0,"turns":6.0},{"damage":37.0,"enemies":"Shield and Spear","floor":54.0,"turns":8.0},{"damage":29,"enemies":"The Heart","floor":55,"turns":8}],"seed_played":"-877563201386918800","potions_obtained":[{"floor":6.0,"key":"CultistPotion"},{"floor":14.0,"key":"SteroidPotion"},{"floor":19.0,"key":"Dexterity Potion"},{"floor":22.0,"key":"EssenceOfSteel"},{"floor":46.0,"key":"Block Potion"}],"is_trial":false,"path_per_floor":["M","?","?","?","$","E","M","M","T","M","R","?","$","E","R","B",null,"M","M","M","?","M","E","?","R","T","M","$","$","M","?","R","B",null,"M","M","M","?","M","R","$","?","T","$","$","M","R","M","R","B",null,"R","$","E","B",null],"character_chosen":"RobotSpaceExplorer","items_purchased":[],"campfire_rested":0,"item_purchase_floors":[],"current_hp_per_floor":[75,75,75,75,75,61,61,61,61,54,54,54,54,54,54,9,75,72,72,70,70,67,67,67,67,67,56,56,56,56,56,56,44,75,75,75,75,75,72,72,72,72,72,72,72,75,75,75,75,69,75,75,75,42,17],"gold":65,"neow_bonus":"HUNDRED_GOLD","is_daily":false,"chose_seed":false,"campfire_upgraded":7,"win_rate":0.0,"timestamp":1608576877,"path_taken":["M","?","?","?","?","E","M","M","T","?","R","?","$","E","R","BOSS","M","M","M","?","?","E","?","R","T","M","?","$","M","?","R","BOSS","M","M","?","?","M","R","$","?","T","?","$","?","R","M","R","BOSS","R","$","E","BOSS"],"items_purchased_type":[],"build_version":"2020-12-13","purchased_purges":6,"victory":true,"max_hp_per_floor":[75,75,75,75,75,75,75,75,75,75,75,75,75,75,75,75,75,75,75,75,75,75,75,75,75,75,75,75,75,75,75,75,75,75,75,75,75,75,75,75,75,75,75,75,75,75,75,75,75,75,75,75,75,75,75],"card_choices":[{"not_picked":["RobotSpaceExplorer:StunGrenade","RobotSpaceExplorer:FrostMissile"],"picked":"RobotSpaceExplorer:StarLightning","floor":1.0},{"not_picked":["RobotSpaceExplorer:ScrapMissile","RobotSpaceExplorer:Counterblock"],"picked":"RobotSpaceExplorer:Scanner","floor":6.0},{"not_picked":["RobotSpaceExplorer:Ammunition","RobotSpaceExplorer:Pulsar","RobotSpaceExplorer:ShovelStrike"],"picked":"SKIP","floor":7.0},{"not_picked":["RobotSpaceExplorer:ScrapMissile","RobotSpaceExplorer:JunkDive"],"picked":"RobotSpaceExplorer:Jetpack","floor":8.0},{"not_picked":["RobotSpaceExplorer:ImprovisedAttack","RobotSpaceExplorer:Pulsar","RobotSpaceExplorer:BigMissile"],"picked":"SKIP","floor":10.0},{"not_picked":["RobotSpaceExplorer:Discharger","RobotSpaceExplorer:FreezingShield","RobotSpaceExplorer:ScrapMissile"],"picked":"SKIP","floor":14.0},{"not_picked":["RobotSpaceExplorer:Exploration","RobotSpaceExplorer:Blaster"],"picked":"RobotSpaceExplorer:ChargingLaser","floor":16.0},{"not_picked":["RobotSpaceExplorer:Pulsar","RobotSpaceExplorer:ShockKick","RobotSpaceExplorer:ImprovisedAttack"],"picked":"SKIP","floor":18.0},{"not_picked":["RobotSpaceExplorer:Pulsar","RobotSpaceExplorer:FranticSearch","RobotSpaceExplorer:Counterblock"],"picked":"SKIP","floor":19.0},{"not_picked":["RobotSpaceExplorer:ShockKick","RobotSpaceExplorer:SurgingShield","RobotSpaceExplorer:MetalStrike"],"picked":"SKIP","floor":20.0},{"not_picked":["RobotSpaceExplorer:Counterblock","RobotSpaceExplorer:SlimeMissile"],"picked":"RobotSpaceExplorer:ShovelStrike","floor":22.0},{"not_picked":["RobotSpaceExplorer:Electropulse","RobotSpaceExplorer:GlueShot+1","RobotSpaceExplorer:SurgingShield"],"picked":"SKIP","floor":23.0},{"not_picked":["RobotSpaceExplorer:Ammunition+1","RobotSpaceExplorer:FranticSearch"],"picked":"RobotSpaceExplorer:Pulsar+1","floor":27.0},{"not_picked":["RobotSpaceExplorer:ImprovisedAttack","RobotSpaceExplorer:SwiftStep"],"picked":"RobotSpaceExplorer:GearShield","floor":30.0},{"not_picked":["RobotSpaceExplorer:HighVoltage","RobotSpaceExplorer:ChargingLaser"],"picked":"RobotSpaceExplorer:Accelerator","floor":33.0},{"not_picked":["RobotSpaceExplorer:BigMissile+1","RobotSpaceExplorer:ExhaustFan+1"],"picked":"RobotSpaceExplorer:Fix","floor":35.0},{"not_picked":["RobotSpaceExplorer:Pulsar","RobotSpaceExplorer:StunGrenade"],"picked":"RobotSpaceExplorer:FranticSearch+1","floor":36.0},{"not_picked":["RobotSpaceExplorer:SurgingStrike","RobotSpaceExplorer:MetalStrike+1","RobotSpaceExplorer:Pulsar"],"picked":"SKIP","floor":37.0},{"not_picked":["RobotSpaceExplorer:FranticSearch+1","RobotSpaceExplorer:FrostMissile","RobotSpaceExplorer:ScrapMissile"],"picked":"SKIP","floor":39.0},{"not_picked":["RobotSpaceExplorer:ScrapMissile","RobotSpaceExplorer:Autoloader","RobotSpaceExplorer:IronShell"],"picked":"SKIP","floor":46.0},{"not_picked":["RobotSpaceExplorer:MiniDrones","RobotSpaceExplorer:ScrapMissile","RobotSpaceExplorer:Smokescreen+1"],"picked":"SKIP","floor":48.0},{"not_picked":["RobotSpaceExplorer:Multitool","RobotSpaceExplorer:DroneSwarm"],"picked":"RobotSpaceExplorer:TrailblazerForm","floor":50.0},{"not_picked":["RobotSpaceExplorer:DoubleFind+1","RobotSpaceExplorer:SurgingStrike+1","RobotSpaceExplorer:Counterblock+1"],"picked":"SKIP","floor":54.0}],"player_experience":591583,"relics_obtained":[{"floor":6.0,"key":"Lantern"},{"floor":14.0,"key":"Bronze Scales"},{"floor":23.0,"key":"RobotSpaceExplorer:FoglandsKnife"},{"floor":26.0,"key":"Bottled Lightning"},{"floor":43.0,"key":"RobotSpaceExplorer:PlasmaHourglass"},{"floor":54.0,"key":"Bag of Preparation"}],"event_choices":[],"is_beta":false,"boss_relics":[{"not_picked":["Busted Crown","Runic Pyramid"],"picked":"Coffee Dripper"},{"not_picked":["Sozu","Velvet Choker"],"picked":"RobotSpaceExplorer:Reprocessor"}],"items_purged_floors":[13,28,29,41,44,53],"is_endless":false,"potions_floor_spawned":[6,14,19,22,30,36,46,48,54],"ascension_level":0}}