{"host":"6ybgukafx9v6je7q","time":1608512241,"event":{"mods":["AchievementEnabler","Aspiration","BaseMod","BetterRewards","Conspire","Custom Start","Downfall","Hubris","Infinite Spire","Minty Spire (QoL Compilation)","Random Character Button","Replay The Spire","StSLib"],"gold_per_floor":[110,35,135,147,159,185,0,17,94,119,119,131,142,158,158,257,257,269,319,45,58,58,92,92,117,143,152,169,213,241,268,268,382,382,400,409,409,409],"floor_reached":37,"playtime":1387,"items_purged":["Strike_G","hubris:Gluttony","Slimebound:Icky"],"score":423,"play_id":"a7edc2eb-9372-4167-b426-43667174ad43","local_time":"20201220195720","is_ascension_mode":false,"campfire_choices":[{"data":"Catalyst","floor":11.0,"key":"SMITH"},{"data":"conspire:PoisonWeapons","floor":15.0,"key":"SMITH"},{"floor":24,"key":"REST"},{"floor":32,"key":"REST"}],"circlet_count":0,"master_deck":["Strike_G","Strike_G","Strike_G","Strike_G","Defend_G","Defend_G","Defend_G","Defend_G","Defend_G","Survivor","Neutralize","Quick Slash","Poisoned Stab","Dagger Spray","Poisoned Stab+1","Catalyst+1","conspire:PoisonWeapons+1","Poisoned Stab","Adrenaline","Spreading Infection","Flying Knee","Blade Dance+1","Leg Sweep","hubris:Fate","Backflip+1","Corpse Explosion","Poisoned Stab","Adrenaline","hubris:Fate"],"relics":["Ring of the Serpent","NeowsBlessing","ReplayTheSpireMod:TigerMarble","conspire:TreasureMap","Meat on the Bone","hubris:AncientText","Replay:Ancient Bell","Orichalcum","conspire:BottledYoYo","conspire:InfiniteJournal","infinitespire:Beetle Shell","CeramicFish","Akabeko","hubris:64BitClover","Replay:Grab Bag","Sozu","Philosopher\u0027s Stone","hubris:Backtick","Snake Skull"],"acts_visited":["Exordium","TheCity","TheBeyond"],"potions_floor_usage":[23,29,33],"damage_taken":[{"damage":0.0,"enemies":"Jaw Worm","floor":1.0,"turns":1.0},{"damage":0.0,"enemies":"Cultist","floor":4.0,"turns":1.0},{"damage":0.0,"enemies":"2 Louse","floor":5.0,"turns":1.0},{"damage":12.0,"enemies":"Replay:BlueRogue","floor":6.0,"turns":7.0},{"damage":0.0,"enemies":"Lots of Slimes","floor":8.0,"turns":1.0},{"damage":20.0,"enemies":"3 Sentries","floor":10.0,"turns":7.0},{"damage":6.0,"enemies":"2 Fungi Beasts","floor":12.0,"turns":4.0},{"damage":9.0,"enemies":"Large Slime","floor":13.0,"turns":4.0},{"damage":0.0,"enemies":"Looter","floor":14.0,"turns":2.0},{"damage":0.0,"enemies":"Slime Boss","floor":16.0,"turns":3.0},{"damage":0.0,"enemies":"2 Thieves","floor":18.0,"turns":2.0},{"damage":0.0,"enemies":"Shell Parasite","floor":21.0,"turns":2.0},{"damage":54,"enemies":"Gremlin Leader","floor":23,"turns":5},{"damage":13,"enemies":"Cultist and Chosen","floor":25,"turns":5},{"damage":22,"enemies":"Snake Plant","floor":28,"turns":4},{"damage":2,"enemies":"Book of Stabbing","floor":29,"turns":3},{"damage":0,"enemies":"conspire:HollyBat","floor":30,"turns":6},{"damage":12,"enemies":"Chosen and Byrds","floor":31,"turns":4},{"damage":0,"enemies":"Automaton","floor":33,"turns":2},{"damage":16,"enemies":"3 Shapes","floor":35,"turns":2},{"damage":42,"enemies":"3 Darklings","floor":37,"turns":4}],"seed_played":"4657072329749478326","potions_obtained":[{"floor":1.0,"key":"GhostInAJar"},{"floor":5.0,"key":"AttackPotion"},{"floor":6.0,"key":"Poison Potion"},{"floor":10.0,"key":"Explosive Potion"},{"floor":13.0,"key":"Strength Potion"},{"floor":14.0,"key":"Adrenaline Potion"},{"floor":21.0,"key":"champ:CounterPotion"},{"floor":23,"key":"PowerPotion"},{"floor":30,"key":"PowerPotion"},{"floor":33,"key":"champ:CounterPotion"}],"is_trial":false,"path_per_floor":["M","$","?","M","M","E","$","M","T","E","R","M","M","M","R","B",null,"M","?","$","M","?","E","R","M","T","AVR","M","E","M","M","R","B",null,"M","?","M"],"character_chosen":"THE_SILENT","items_purchased":["Poisoned Stab+1","conspire:TreasureMap","Flying Knee","infinitespire:Beetle Shell"],"campfire_rested":2,"item_purchase_floors":[7,7,20,20],"current_hp_per_floor":[70,70,70,70,70,58,58,58,58,38,38,44,47,47,47,47,70,70,70,70,70,70,28,49,36,36,36,27,37,37,37,58,58,71,55,37,0,0],"gold":409,"neow_bonus":"THREE_ENEMY_KILL","is_daily":false,"chose_seed":false,"campfire_upgraded":2,"win_rate":0.0,"timestamp":1608512240,"path_taken":["M","$","?","M","?","E","$","M","T","E","R","M","M","M","R","BOSS","M","?","$","?","?","E","R","M","T","AVR","M","E","M","M","R","BOSS","M","?","M"],"items_purchased_type":["Card","Relic","Card","Relic"],"build_version":"2020-12-13","purchased_purges":3,"victory":false,"max_hp_per_floor":[70,70,70,70,70,70,70,70,70,70,70,70,70,70,70,70,70,70,70,70,70,70,70,70,70,70,70,71,71,71,71,71,71,71,71,71,71,71],"card_choices":[{"not_picked":["Underhanded Strike","hubris:Sniper"],"picked":"Quick Slash","floor":1.0},{"not_picked":["Dodge and Roll","ReplayTheSpireMod:Speed Training"],"picked":"Poisoned Stab","floor":4.0},{"not_picked":["Hidden Blade","PiercingWail"],"picked":"Dagger Spray","floor":5.0},{"not_picked":["ReplayTheSpireMod:Necrosis","Dodge and Roll","Prepared"],"picked":"SKIP","floor":6.0},{"not_picked":["Acrobatics","Dodge and Roll"],"picked":"Catalyst","floor":8.0},{"not_picked":["Finisher","Distraction","Underhanded Strike"],"picked":"SKIP","floor":10.0},{"not_picked":["Prepared","Blade Dance","Outmaneuver"],"picked":"SKIP","floor":12.0},{"not_picked":["Deflect","Slice"],"picked":"conspire:PoisonWeapons","floor":13.0},{"not_picked":["Prepared","Blur"],"picked":"Poisoned Stab","floor":14.0},{"not_picked":["Grand Finale","A Thousand Cuts"],"picked":"Adrenaline","floor":16.0},{"not_picked":["hubris:Despair","Voices"],"picked":"Slimebound:Icky","floor":17.0},{"not_picked":["ReplayTheSpireMod:Restless Dread","hubris:Lust"],"picked":"Spreading Infection","floor":17.0},{"not_picked":["Delirium","infinitespire:Pacifist"],"picked":"hubris:Gluttony","floor":17.0},{"not_picked":["Outmaneuver+1","Tools of the Trade","Bane"],"picked":"SKIP","floor":18.0},{"not_picked":["Quick Slash","Dodge and Roll","Toxin Wave"],"picked":"SKIP","floor":21.0},{"not_picked":["hubris:TrickCloak","Accuracy"],"picked":"Blade Dance+1","floor":23},{"not_picked":["Slice+1","Acrobatics"],"picked":"Leg Sweep","floor":25},{"not_picked":["Flechettes","Slice","Eviscerate"],"picked":"SKIP","floor":28},{"not_picked":["ReplayTheSpireMod:Speed Training+1","hubris:Counter+1"],"picked":"Backflip+1","floor":29},{"not_picked":["Leg Sweep","Quick Slash+1"],"picked":"Corpse Explosion","floor":30},{"not_picked":["Bane","Quick Slash"],"picked":"Poisoned Stab","floor":31},{"not_picked":["Bullet Time","Poison Darts"],"picked":"Adrenaline","floor":33},{"not_picked":["Outmaneuver","Underhanded Strike","PiercingWail"],"picked":"SKIP","floor":35},{"not_picked":["infinitespire:SevenWalls","infinitespire:Collect"],"picked":"hubris:Fate","floor":36}],"player_experience":1018444,"relics_obtained":[{"floor":6.0,"key":"ReplayTheSpireMod:TigerMarble"},{"floor":9.0,"key":"Meat on the Bone"},{"floor":10.0,"key":"hubris:AncientText"},{"floor":23,"key":"CeramicFish"},{"floor":26,"key":"Akabeko"},{"floor":29,"key":"hubris:64BitClover"}],"event_choices":[{"damage_healed":0.0,"max_hp_gain":0.0,"max_hp_loss":0.0,"gold_gain":100.0,"event_name":"Golden Shrine","player_choice":"Pray","floor":3.0,"gold_loss":0.0,"damage_taken":0.0},{"damage_healed":0.0,"max_hp_gain":0.0,"max_hp_loss":0.0,"gold_gain":100.0,"event_name":"The Joust","player_choice":"Bet on Murderer","floor":19.0,"gold_loss":50.0,"damage_taken":0.0},{"damage_healed":0.0,"max_hp_gain":0.0,"max_hp_loss":0.0,"gold_gain":0.0,"event_name":"Cursed Tome","player_choice":"Ignored","floor":22.0,"gold_loss":0.0,"damage_taken":0.0}],"is_beta":false,"boss_relics":[{"not_picked":["SlaversCollar","Painkiller Herb"],"picked":"Replay:Ancient Bell"},{"not_picked":["aspiration:HiddenCompartment","Centennial Puzzle"],"picked":"Orichalcum"},{"not_picked":["Sundial","Mercury Hourglass"],"picked":"conspire:BottledYoYo"},{"not_picked":["Replay:Towering Pillar of Hats","TungstenRod"],"picked":"conspire:InfiniteJournal"},{"not_picked":["Cursed Key","Coffee Dripper"],"picked":"Replay:Grab Bag"},{"not_picked":["Replay:Bronze Core","Runic Dome"],"picked":"Sozu"},{"not_picked":["conspire:RoyalGoblet","hubris:CrackedHourglass"],"picked":"Philosopher\u0027s Stone"},{"not_picked":["Replay:Drink Me","HoveringKite"],"picked":"Ring of the Serpent"},{"not_picked":["Ring of Chaos","hubris:Stopwatch"],"picked":"hubris:Backtick"}],"items_purged_floors":[2,20,27],"is_endless":false,"potions_floor_spawned":[1,5,6,10,13,14,21,23,30,33],"killed_by":"3 Darklings","ascension_level":0}}