{"host":"ufl0k2so27eic2iy","time":1608585953,"event":{"mods":["BaseMod","Minty Spire (QoL Compilation)","StSLib","The Animator"],"gold_per_floor":[131,131,131,150,168,213,213,231,231,251,8,8,51,78,78,173,173,208,229,242,142,156,200,51,91,117,67,67,83,124,145,145,240,240,264,264,66,87,87,123,123,123,136,136,152,166,210,210,251,251,251,251,251,30,70,70],"floor_reached":57,"playtime":4203,"items_purged":["animator:Strike","animator:Strike","animator:Strike+1","animator:Defend"],"score":2093,"play_id":"f15390fd-f1f0-46b3-8ebb-4cb62253a440","local_time":"20201221212553","is_ascension_mode":true,"campfire_choices":[{"data":"animator:KrulTepes","floor":7.0,"key":"SMITH"},{"data":"animator:Benimaru","floor":12.0,"key":"SMITH"},{"data":"animator:Sora","floor":15.0,"key":"SMITH"},{"data":"animator:ShikizakiKiki","floor":32.0,"key":"SMITH"},{"floor":41,"key":"RECALL"},{"data":"animator:Shichika","floor":48,"key":"SMITH"},{"data":"animator:Chibimoth","floor":50,"key":"SMITH"},{"data":"animator:Kaijin","floor":53,"key":"SMITH"}],"circlet_count":0,"master_deck":["AscendersBane","animator:Defend_Katanagatari","animator:Defend","animator:Azekura","animator:Emonzaemon+1","animator:Sonic","animator:KrulTepes+1","animator:Benimaru+1","animator:ZankiKiguchi","animator:Shichika+1","animator:Sora+1","animator:Rimuru","animator:Togame","animator:ChihayaOhtori","animator:ShizuruNakatsu","animator:FielNirvalen","animator:Kaijin+1","animator:SougenEsaka","animator:SilverFang","animator:ToukaNishikujou+1","animator:ShikizakiKiki+1","animator:SilverFang","animator:Shimakaze","animator:Chibimoth+1","animator:LizardPriest+1","animator:SougenEsaka","animator:Nanami","animator:IchigoKurosaki","animator:Sonic+1"],"relics":["animator:LivingPicture","animator:TheMissingPiece","HornCleat","Golden Idol","MealTicket","TungstenRod","animator:BattleDrones","Bag of Marbles","Coffee Dripper","Art of War","animator:Buoy","Smiling Mask","Question Card","animator:CursedGlyph","Empty Cage","Oddly Smooth Stone","animator:ExquisiteBloodVial","Strawberry","Mango","Centennial Puzzle","Akabeko"],"acts_visited":["Exordium","TheCity","TheBeyond","TheEnding"],"potions_floor_usage":[40,51,56,56,56,56],"damage_taken":[{"damage":2.0,"enemies":"Jaw Worm","floor":1.0,"turns":3.0},{"damage":0.0,"enemies":"Cultist","floor":4.0,"turns":4.0},{"damage":2.0,"enemies":"2 Louse","floor":5.0,"turns":2.0},{"damage":7.0,"enemies":"3 Sentries","floor":6.0,"turns":6.0},{"damage":0.0,"enemies":"Blue Slaver","floor":8.0,"turns":4.0},{"damage":3.0,"enemies":"Large Slime","floor":10.0,"turns":6.0},{"damage":3.0,"enemies":"Lagavulin","floor":13.0,"turns":5.0},{"damage":6.0,"enemies":"Hexaghost","floor":16.0,"turns":10.0},{"damage":17.0,"enemies":"2 Thieves","floor":18.0,"turns":3.0},{"damage":0.0,"enemies":"Chosen","floor":19.0,"turns":4.0},{"damage":9.0,"enemies":"Shelled Parasite and Fungi","floor":20.0,"turns":4.0},{"damage":10.0,"enemies":"Snake Plant","floor":22.0,"turns":5.0},{"damage":0.0,"enemies":"Gremlin Leader","floor":23.0,"turns":6.0},{"damage":6.0,"enemies":"Book of Stabbing","floor":25.0,"turns":6.0},{"damage":3.0,"enemies":"Cultist and Chosen","floor":29.0,"turns":5.0},{"damage":18.0,"enemies":"Slavers","floor":30.0,"turns":7.0},{"damage":0.0,"enemies":"Sentry and Sphere","floor":31.0,"turns":3.0},{"damage":29,"enemies":"Automaton","floor":33,"turns":11},{"damage":1,"enemies":"Orb Walker","floor":35,"turns":5},{"damage":23,"enemies":"3 Shapes","floor":38,"turns":5},{"damage":7,"enemies":"Reptomancer","floor":40,"turns":8},{"damage":10,"enemies":"animator:KrulTepes","floor":42,"turns":10},{"damage":2,"enemies":"4 Shapes","floor":43,"turns":6},{"damage":34,"enemies":"Writhing Mass","floor":45,"turns":10},{"damage":0,"enemies":"3 Darklings","floor":46,"turns":9},{"damage":10,"enemies":"Giant Head","floor":47,"turns":9},{"damage":6,"enemies":"Nemesis","floor":49,"turns":9},{"damage":12,"enemies":"Awakened One","floor":51,"turns":9},{"damage":16,"enemies":"Shield and Spear","floor":55,"turns":6},{"damage":8,"enemies":"The Heart","floor":56,"turns":12}],"seed_played":"-3119599928080886765","potions_obtained":[{"floor":1.0,"key":"EntropicBrew"},{"floor":10.0,"key":"SteroidPotion"},{"floor":13.0,"key":"BlessingOfTheForge"},{"floor":23.0,"key":"LiquidMemories"},{"floor":40,"key":"Swift Potion"},{"floor":46,"key":"DistilledChaos"},{"floor":49,"key":"PowerPotion"},{"floor":55,"key":"EntropicBrew"}],"is_trial":false,"path_per_floor":["M","?","?","M","M","E","R","M","T","M","$","R","E","T","R","B",null,"M","M","M","$","M","E","$","E","T","$","?","M","E","M","R","B",null,"M","?","$","M","$","E","R","M","M","T","M","M","E","R","E","R","B",null,"R","$","E","B",null],"character_chosen":"THE_ANIMATOR","items_purchased":["animator:BattleDrones","animator:ShizuruNakatsu","animator:SougenEsaka","Oddly Smooth Stone","animator:Chibimoth","Ancient Potion","animator:IchigoKurosaki"],"campfire_rested":0,"item_purchase_floors":[11,21,24,37,37,54,54],"current_hp_per_floor":[52,34,34,34,32,25,25,27,27,27,42,42,41,41,41,41,52,38,44,41,55,46,52,56,50,50,56,56,53,38,46,46,23,45,51,47,52,29,44,52,52,49,61,61,32,49,71,71,79,79,75,84,84,87,75,88],"gold":70,"neow_bonus":"UPGRADE_CARD","is_daily":false,"chose_seed":true,"campfire_upgraded":7,"win_rate":0.0,"timestamp":1608585953,"path_taken":["M","?","?","M","M","E","R","M","T","M","$","R","E","?","R","BOSS","M","?","M","$","M","E","$","E","T","$","?","M","E","M","R","BOSS","M","?","$","M","$","E","R","M","T","M","M","E","R","E","R","BOSS","R","$","E","BOSS"],"items_purchased_type":["Relic","Card","Card","Relic","Card","Potion","Card"],"build_version":"2020-12-13","purchased_purges":4,"victory":true,"max_hp_per_floor":[60,60,54,54,54,54,54,54,54,55,55,55,55,55,55,55,55,55,55,55,55,56,56,56,56,56,56,56,56,56,52,52,52,52,52,52,52,52,52,59,59,59,61,61,63,65,82,82,84,84,87,87,87,87,90,93],"card_choices":[{"not_picked":["animator:Shimako","animator:DolaRiku"],"picked":"animator:Sonic","floor":1.0},{"not_picked":["animator:Benimaru","animator:GazelDwargon"],"picked":"animator:KrulTepes","floor":4.0},{"not_picked":["animator:Genos","animator:Tatsumaki"],"picked":"animator:Benimaru","floor":5.0},{"not_picked":["animator:UneriGinkaku","animator:Togame"],"picked":"animator:ZankiKiguchi","floor":6.0},{"not_picked":["animator:Shuna","animator:Genos","animator:ZankiKiguchi"],"picked":"SKIP","floor":8.0},{"not_picked":["animator:Mitsuba","animator:SakuyaOhtori"],"picked":"animator:Shichika","floor":10.0},{"not_picked":["animator:Melzalgald","animator:Benimaru"],"picked":"animator:Sora","floor":13.0},{"not_picked":["animator:Shizu","animator:Guren"],"picked":"animator:Rimuru","floor":16.0},{"not_picked":["animator:Konayuki","animator:UneriGinkaku"],"picked":"animator:Togame","floor":18.0},{"not_picked":["animator:LizardPriest","animator:Genos","animator:UneriGinkaku"],"picked":"SKIP","floor":19.0},{"not_picked":["animator:LizardPriest","animator:ToukaNishikujou"],"picked":"animator:ChihayaOhtori","floor":20.0},{"not_picked":["animator:SougenEsaka","animator:Hakurou"],"picked":"animator:FielNirvalen","floor":22.0},{"not_picked":["animator:Hakurou","animator:Benimaru"],"picked":"animator:Kaijin","floor":23.0},{"not_picked":["animator:DwarfShaman+1","animator:Priestess","animator:SougenEsaka"],"picked":"SKIP","floor":25.0},{"not_picked":["animator:ZankiKiguchi","animator:KotoriKanbe","animator:DolaCouronne"],"picked":"SKIP","floor":29.0},{"not_picked":["animator:Vesta","animator:Konayuki"],"picked":"animator:ToukaNishikujou+1","floor":30.0},{"not_picked":["animator:Azekura","animator:UneriGinkaku","animator:Emonzaemon"],"picked":"animator:ShikizakiKiki","floor":31.0},{"not_picked":["animator:Midou","animator:Shuna","animator:DolaCouronne+1"],"picked":"animator:SilverFang","floor":35},{"not_picked":["animator:NononJakuzure","animator:Cirno","animator:Urushihara"],"picked":"animator:Shimakaze","floor":36},{"not_picked":["animator:DwarfShaman","animator:Hitei","animator:Geryuganshoop","animator:Chibimoth+1"],"picked":"SKIP","floor":38},{"not_picked":["animator:Yoichi+1","animator:Vesta","animator:Shuna"],"picked":"animator:LizardPriest+1","floor":40},{"not_picked":["animator:SakuyaOhtori","animator:YoshinoHaruhiko","animator:ChihayaOhtori"],"picked":"animator:SougenEsaka","floor":43},{"not_picked":["animator:Priestess+1","animator:GuildGirl","animator:Souei","animator:DolaSchwi"],"picked":"SKIP","floor":45},{"not_picked":["animator:DolaCouronne","animator:KotarouTennouji","animator:Yoichi","animator:Midou"],"picked":"SKIP","floor":46},{"not_picked":["animator:GazelDwargon+1","animator:Chibimoth","animator:Mitsuba+1"],"picked":"animator:Nanami","floor":47},{"not_picked":["animator:YoshinoHaruhiko","animator:SilverFang","animator:UneriGinkaku+1"],"picked":"animator:Sonic+1","floor":55}],"player_experience":2343272,"relics_obtained":[{"floor":6.0,"key":"Blood Vial"},{"floor":6.0,"key":"MealTicket"},{"floor":9.0,"key":"TungstenRod"},{"floor":13.0,"key":"Blood Vial"},{"floor":13.0,"key":"Blood Vial"},{"floor":14.0,"key":"Bag of Marbles"},{"floor":23.0,"key":"Art of War"},{"floor":25.0,"key":"animator:Buoy"},{"floor":26.0,"key":"Smiling Mask"},{"floor":30.0,"key":"Blood Vial"},{"floor":30.0,"key":"Question Card"},{"floor":31.0,"key":"animator:CursedGlyph"},{"floor":33,"key":"Blood Vial"},{"floor":40,"key":"animator:ExquisiteBloodVial"},{"floor":40,"key":"Strawberry"},{"floor":47,"key":"Mango"},{"floor":49,"key":"Blood Vial"},{"floor":49,"key":"Centennial Puzzle"},{"floor":55,"key":"Blood Vial"},{"floor":55,"key":"Akabeko"}],"event_choices":[{"damage_healed":0.0,"max_hp_gain":0.0,"max_hp_loss":0.0,"gold_gain":0.0,"event_name":"Scrap Ooze","player_choice":"Success","floor":2.0,"gold_loss":0.0,"damage_taken":18.0,"relics_obtained":["HornCleat"]},{"damage_healed":0.0,"max_hp_gain":0.0,"max_hp_loss":6.0,"gold_gain":0.0,"event_name":"Golden Idol","player_choice":"Lose Max HP","floor":3.0,"gold_loss":0.0,"damage_taken":0.0,"relics_obtained":["Golden Idol"]},{"damage_healed":0.0,"max_hp_gain":0.0,"max_hp_loss":0.0,"gold_gain":0.0,"event_name":"The Library","player_choice":"Read","floor":28.0,"gold_loss":0.0,"damage_taken":0.0,"cards_obtained":["animator:SilverFang"]},{"damage_healed":0,"gold_gain":0,"player_choice":"Memory 2","damage_taken":5,"max_hp_gain":0,"max_hp_loss":0,"event_name":"SensoryStone","floor":36,"gold_loss":0}],"is_beta":false,"boss_relics":[{"not_picked":["SacredBark","Velvet Choker"],"picked":"Coffee Dripper"},{"not_picked":["Cursed Key","Philosopher\u0027s Stone"],"picked":"Empty Cage"}],"items_purged_floors":[21,24,27,54],"is_endless":false,"potions_floor_spawned":[1,10,13,18,19,23,30,35,40,42,45,46,49,55],"ascension_level":15}}