{"host":"aunmuzt9j70r7vun","time":1608576329,"event":{"mods":["BaseMod","Better Altar","Better Third Choice","BetterRewards","Clockwork Mod","Curses Come First","Downfall","Infinite Spire","LagranYue(???·?)","Mad Scientist","Marisa????????","Minty Spire (QoL Compilation)","Rare Cards Sparkle","Relic Sorter","Replay The Spire","Say the Spire","Shop Mod","Spicy Shops","StSLib","The Cursed","The Disciple","The Edgeheg","The Mystic","The Servant 0.9.4"],"gold_per_floor":[118,42,42,57,57,57,70,70,90,90,169,201,216,216,251,264,264,360,360,370,384,7,7,20,46,62,81,81,112,112,112,95,126,126,230,230,250,250,350,385,400,427,427,443,443,443,443,11,22,41,41,41,41],"floor_reached":52,"playtime":7868,"items_purged":["Parasite","Sickly","Writhe"],"score":1030,"play_id":"00aae7b8-18a1-4043-8629-e74d1f67a8d5","local_time":"20201221144529","is_ascension_mode":true,"campfire_choices":[{"data":"BasicCrystalCard","floor":8.0,"key":"SMITH"},{"data":"Zap","floor":10.0,"key":"SMITH"},{"data":"Defragment","floor":17.0,"key":"SMITH"},{"floor":31.0,"key":"REST"},{"floor":34.0,"key":"DIG"},{"floor":43,"key":"REST"},{"data":"Buffer","floor":43,"key":"SMITH"},{"floor":47,"key":"REST"},{"data":"Fission","floor":47,"key":"SMITH"},{"floor":51,"key":"REST"}],"circlet_count":0,"master_deck":["Zap+1","Dualcast","BasicCrystalCard+1","Cold Snap","Chill","Defragment+1","Electrodynamics","Echo Form","Chill+1","Heatsinks","Static Discharge+1","Static Discharge","infinitespire:Collect","Buffer+1","Coolheaded","Crystallizer","Pot Of Greed","Pot Of Greed","Seek","Pot Of Greed","Genetic Algorithm","BasicCrystalCard","Defragment","Reinforced Body","Fission+1","ReplayTheSpireMod:Repulse","Heatsinks","infinitespire:Collect","Tempest+1","ReplayTheSpireMod:Splinters","Pot Of Greed","Hello World","Crystallizer","Static Discharge","CommonCold","Creative AI","Consume+1"],"relics":["Cracked Core","NeowsBlessing","ClockworkSouvenir","infinitespire:FocusingShard","ReplayTheSpireMod:TigerMarble","Divine Protection","Cursed Key","MerchantsRug","Gremlin Food","Bag of Preparation","Black Star","Membership Card","Bottled Tornado","Lee\u0027s Waffle","Pear","Garlic","Grinning Jar","Pandora\u0027s Box","infinitespire:Magic Flask","LagranYue:RareGoldArmorRelic","Torii","Strawberry","Mirror","Potion Belt","Pocketwatch","HandDrill","Strange Spoon"],"acts_visited":["Exordium","TheCity","TheBeyond"],"potions_floor_usage":[41,52],"damage_taken":[{"damage":0.0,"enemies":"Jaw Worm","floor":1.0,"turns":1.0},{"damage":0.0,"enemies":"Cultist","floor":4.0,"turns":1.0},{"damage":0.0,"enemies":"Small Slimes","floor":7.0,"turns":1.0},{"damage":1.0,"enemies":"Blue Slaver","floor":9.0,"turns":3.0},{"damage":15.0,"enemies":"Lagavulin","floor":12.0,"turns":6.0},{"damage":12.0,"enemies":"Lots of Slimes","floor":13.0,"turns":3.0},{"damage":0.0,"enemies":"3 Sentries","floor":15.0,"turns":7.0},{"damage":0.0,"enemies":"Large Slime","floor":16.0,"turns":4.0},{"damage":8.0,"enemies":"Fading Forest","floor":18.0,"turns":11.0},{"damage":0.0,"enemies":"Chosen","floor":20.0,"turns":2.0},{"damage":0.0,"enemies":"2 Thieves","floor":21.0,"turns":3.0},{"damage":2.0,"enemies":"Snake Plant","floor":24.0,"turns":5.0},{"damage":6.0,"enemies":"Gremlin Leader","floor":25.0,"turns":5.0},{"damage":0.0,"enemies":"Centurion and Healer","floor":26.0,"turns":6.0},{"damage":0.0,"enemies":"Sentry and Sphere","floor":27.0,"turns":4.0},{"damage":18.0,"enemies":"Replay:Snechameleon","floor":29.0,"turns":3.0},{"damage":37.0,"enemies":"Slavers","floor":33.0,"turns":4.0},{"damage":0.0,"enemies":"Automaton","floor":35.0,"turns":10.0},{"damage":5.0,"enemies":"3 Shapes","floor":37.0,"turns":5.0},{"damage":4.0,"enemies":"infinitespire:Three Voidlings","floor":39.0,"turns":2.0},{"damage":44.0,"enemies":"Nightmare_Alpha","floor":39.0,"turns":9.0},{"damage":7,"enemies":"3 Darklings","floor":41,"turns":2},{"damage":1,"enemies":"Nemesis","floor":42,"turns":9},{"damage":21,"enemies":"Writhing Mass","floor":44,"turns":4},{"damage":0,"enemies":"Jaw Worm Horde","floor":49,"turns":4},{"damage":0,"enemies":"4 Shapes","floor":50,"turns":2},{"damage":109,"enemies":"Time Eater","floor":52,"turns":8}],"seed_played":"-2284224570578913128","potions_obtained":[{"floor":1.0,"key":"Fire Potion"},{"floor":4.0,"key":"FocusPotion"},{"floor":16.0,"key":"SteroidPotion"},{"floor":18.0,"key":"champ:CounterPotion"},{"floor":20.0,"key":"SteroidPotion"},{"floor":25.0,"key":"EssenceOfSteel"},{"floor":27.0,"key":"Toxic Potion"},{"floor":33.0,"key":"Explosive Potion"},{"floor":37.0,"key":"Death Potion"},{"floor":39,"key":"BlessingOfTheForge"},{"floor":49,"key":"Fire Potion"}],"is_trial":false,"path_per_floor":["M","$","?","M","PTL","PTL","M","R","M","R","T","E","M","?","E","M","R","B",null,"M","M","$","?","M","E","M","M","T","E","AVR","R","$","E","R","B",null,"M","?","?","?","M","E","R","M","T","?","R","$","M","M","R","B"],"character_chosen":"DEFECT","items_purchased":["ClockworkSouvenir","MerchantsRug","Gremlin Food","Buffer","Bottled Tornado","Lee\u0027s Waffle","Coolheaded","Creative AI","Potion Belt","Pocketwatch","HandDrill","Strange Spoon","Explosive Potion"],"campfire_rested":4,"item_purchase_floors":[2,22,22,32,32,32,32,48,48,48,48,48,48],"current_hp_per_floor":[68,68,68,68,68,68,68,68,67,67,67,52,40,58,58,58,58,50,69,69,69,69,69,67,61,61,61,61,43,43,64,79,52,52,52,80,75,75,48,48,41,47,74,53,53,53,80,80,80,80,92,0,0],"gold":41,"neow_bonus":"THREE_ENEMY_KILL","is_daily":false,"chose_seed":false,"campfire_upgraded":5,"win_rate":0.0,"timestamp":1608576329,"path_taken":["M","$","?","?","PTL","PTL","M","R","M","R","T","E","?","?","E","M","R","BOSS","M","M","$","?","M","E","?","M","T","E","AVR","R","$","E","R","BOSS","M","?","?","?","?","E","R","M","T","?","R","$","M","M","R","BOSS"],"items_purchased_type":["Relic","Relic","Relic","Card","Relic","Relic","Card","Card","Relic","Relic","Relic","Relic","Potion"],"build_version":"2020-12-13","purchased_purges":3,"victory":false,"max_hp_per_floor":[75,75,75,75,75,75,75,75,75,75,75,75,75,75,75,75,75,75,75,75,75,72,72,72,72,72,72,72,72,72,72,79,89,89,89,89,89,85,85,85,85,92,92,92,92,92,92,92,92,92,92,92,92],"card_choices":[{"not_picked":["Turbo","ReplayTheSpireMod:System Scan","Sweeping Beam"],"picked":"SKIP","floor":1.0},{"not_picked":["Go for the Eyes","Streamline"],"picked":"BasicCrystalCard","floor":4.0},{"not_picked":["Panic Button","Compile Driver"],"picked":"Cold Snap","floor":7.0},{"not_picked":["Reprogram","Genetic Algorithm"],"picked":"Chill","floor":9.0},{"not_picked":["Chill","Cold Snap"],"picked":"Defragment","floor":12.0},{"not_picked":["Reinforced Body","Beam Cell","Hologram"],"picked":"SKIP","floor":13.0},{"not_picked":["Ball Lightning","Compile Driver"],"picked":"Electrodynamics","floor":15.0},{"not_picked":["Rebound","Panic Button","Cold Snap"],"picked":"SKIP","floor":16.0},{"not_picked":["Hyperbeam","Buffer"],"picked":"Echo Form","floor":18.0},{"not_picked":["Blizzard","Conserve Battery+1"],"picked":"Chill","floor":20.0},{"not_picked":["Go for the Eyes","Beam Cell"],"picked":"Heatsinks","floor":21.0},{"not_picked":["Redo+1","Blizzard+1","Coolheaded"],"picked":"SKIP","floor":24.0},{"not_picked":["Redo","Time Bomb"],"picked":"Static Discharge","floor":25.0},{"not_picked":["Barrage+1","Auto Shields"],"picked":"Static Discharge","floor":26.0},{"not_picked":["Steam","Ball Lightning+1","Barrage+1"],"picked":"SKIP","floor":27.0},{"not_picked":["Streamline","Hologram","Turbo"],"picked":"SKIP","floor":29.0},{"not_picked":["Rainbow","Beam Cell+1"],"picked":"Crystallizer","floor":33.0},{"not_picked":["ReplayTheSpireMod:Omega Cannon","Reboot"],"picked":"Seek","floor":35.0},{"not_picked":["Recycle","Redo+1"],"picked":"Heatsinks","floor":37.0},{"not_picked":["Replay:Fractal Strike","infinitespire:Punishment"],"picked":"infinitespire:Collect","floor":39},{"not_picked":["ReplaySolidLightProjector","Turbo+1"],"picked":"Tempest+1","floor":39},{"not_picked":["Coolheaded","FTL+1"],"picked":"Hello World","floor":40},{"not_picked":["Darkness","Stack"],"picked":"Crystallizer","floor":41},{"not_picked":["BasicCrystalCard","Redo","Compile Driver+1"],"picked":"SKIP","floor":41},{"not_picked":["Sunder+1","Gash","Go for the Eyes+1"],"picked":"SKIP","floor":42},{"not_picked":["Coolheaded","Steam Power+1"],"picked":"Static Discharge","floor":44},{"not_picked":["Aggregate","Hologram"],"picked":"Consume+1","floor":49},{"not_picked":["Conserve Battery","Doom and Gloom","Ball Lightning"],"picked":"SKIP","floor":50}],"player_experience":752666,"relics_obtained":[{"floor":11.0,"key":"infinitespire:FocusingShard"},{"floor":12.0,"key":"ReplayTheSpireMod:TigerMarble"},{"floor":15.0,"key":"Divine Protection"},{"floor":25.0,"key":"Onion Ring"},{"floor":28.0,"key":"Bag of Preparation"},{"floor":29.0,"key":"Shuriken"},{"floor":33.0,"key":"Pear"},{"floor":33.0,"key":"Garlic"},{"floor":34.0,"key":"Grinning Jar"},{"floor":39,"key":"infinitespire:Magic Flask"},{"floor":40,"key":"LagranYue:RareGoldArmorRelic"},{"floor":42,"key":"Torii"},{"floor":42,"key":"Strawberry"},{"floor":45,"key":"Mirror"}],"event_choices":[{"cards_removed":["Strike_B"],"damage_healed":0.0,"max_hp_gain":0.0,"max_hp_loss":0.0,"gold_gain":0.0,"event_name":"Purifier","player_choice":"Purged","floor":3.0,"gold_loss":0.0,"damage_taken":0.0},{"damage_healed":18.0,"max_hp_gain":0.0,"max_hp_loss":0.0,"gold_gain":0.0,"event_name":"Mushrooms","player_choice":"Healed and dodged fight","floor":14.0,"gold_loss":0.0,"damage_taken":0.0,"cards_obtained":["Parasite"]},{"damage_healed":0.0,"max_hp_gain":0.0,"max_hp_loss":0.0,"gold_gain":0.0,"event_name":"WeMeetAgain","player_choice":"Gave Potion","floor":23.0,"gold_loss":0.0,"damage_taken":0.0,"relics_obtained":["Replay:Multitool"]},{"damage_healed":0.0,"max_hp_gain":0.0,"max_hp_loss":4.0,"gold_gain":0.0,"event_name":"Winding Halls","player_choice":"Max HP","floor":38.0,"gold_loss":0.0,"damage_taken":0.0},{"damage_healed":21,"gold_gain":0,"player_choice":"Writhe","damage_taken":0,"max_hp_gain":0,"max_hp_loss":0,"event_name":"Winding Halls","floor":39,"gold_loss":0,"cards_obtained":["Writhe"]},{"cards_removed":["Hyperbeam"],"damage_healed":0,"gold_gain":0,"player_choice":"Removed Attack","damage_taken":0,"max_hp_gain":0,"max_hp_loss":0,"event_name":"Falling","floor":46,"gold_loss":0}],"is_beta":false,"boss_relics":[{"not_picked":["Busted Crown","infinitespire:Cupcake"],"picked":"Cursed Key"},{"not_picked":["Runic Pyramid","LagranYue:SoulBurningRelic"],"picked":"Pandora\u0027s Box"}],"items_purged_floors":[22,32,48],"is_endless":true,"potions_floor_spawned":[1,4,16,18,20,25,27,33,37,39,49],"killed_by":"Time Eater","ascension_level":7}}