{"host":"dcj2yvrgcvh5dl2s","time":1608510942,"event":{"mods":["BaseMod","Better Note","Block Reminder","Colored Powertips","DeckTracker","Minty Spire (QoL Compilation)","Quick Restart","Rare Cards Sparkle","Relic Stats","StSLib"],"gold_per_floor":[114,114,131,143,68,94,94,126,179,196,208,208,208],"floor_reached":12,"playtime":486,"items_purged":["Strike_R"],"score":144,"play_id":"9ff597ea-9317-4585-af6e-9be778d9dfc6","local_time":"20201221103542","is_ascension_mode":true,"campfire_choices":[{"floor":7,"key":"REST"}],"circlet_count":0,"master_deck":["AscendersBane","Strike_R","Strike_R","Strike_R","Defend_R","Defend_R","Defend_R","Defend_R","Bash","Shrug It Off","Heavy Blade","Pummel","Shockwave","Double Tap","Shrug It Off"],"relics":["Burning Blood","NeowsBlessing","Bottled Lightning","Nunchaku","Pen Nib"],"acts_visited":["Exordium"],"potions_floor_usage":[8,8,12],"damage_taken":[{"damage":0,"enemies":"Small Slimes","floor":1,"turns":1},{"damage":0,"enemies":"Cultist","floor":3,"turns":1},{"damage":0,"enemies":"2 Louse","floor":4,"turns":1},{"damage":48,"enemies":"3 Sentries","floor":6,"turns":13},{"damage":32,"enemies":"Lagavulin","floor":8,"turns":6},{"damage":8,"enemies":"Looter","floor":10,"turns":3},{"damage":22,"enemies":"Large Slime","floor":11,"turns":6},{"damage":24,"enemies":"Gremlin Nob","floor":12,"turns":3}],"seed_played":"3761595762327732706","potions_obtained":[{"floor":1,"key":"DuplicationPotion"},{"floor":4,"key":"DuplicationPotion"},{"floor":11,"key":"Fire Potion"}],"is_trial":false,"path_per_floor":["M","?","M","M","$","E","R","E","T","M","M","E"],"character_chosen":"IRONCLAD","items_purchased":[],"campfire_rested":1,"item_purchase_floors":[],"current_hp_per_floor":[78,78,80,80,80,38,62,36,36,34,18,0,0],"gold":208,"neow_bonus":"THREE_ENEMY_KILL","is_daily":false,"chose_seed":false,"campfire_upgraded":0,"win_rate":0.0,"timestamp":1608510942,"path_taken":["M","?","M","?","$","E","R","E","T","M","M","E"],"items_purchased_type":[],"build_version":"2020-12-13","purchased_purges":1,"victory":false,"max_hp_per_floor":[80,80,80,80,80,80,80,80,80,80,80,80,80],"relic_stats":{"Nunchaku":[1],"counters":[8,34],"Pen Nib":[1],"obtain_stats":[{"Nunchaku":8,"NeowsBlessing":0,"Pen Nib":9,"Bottled Lightning":6,"Burning Blood":0},{"Nunchaku":5,"NeowsBlessing":0,"Pen Nib":5,"Bottled Lightning":4,"Burning Blood":0},{"Nunchaku":22,"NeowsBlessing":0,"Pen Nib":22,"Bottled Lightning":16,"Burning Blood":0}],"Burning Blood":32},"card_choices":[{"not_picked":["Bloodletting","Hemokinesis","Twin Strike"],"picked":"SKIP","floor":1},{"not_picked":["Headbutt","Clothesline"],"picked":"Shrug It Off","floor":3},{"not_picked":["Burning Pact","Dark Embrace"],"picked":"Heavy Blade","floor":4},{"not_picked":["Sword Boomerang","Second Wind"],"picked":"Pummel","floor":6},{"not_picked":["Thunderclap","Headbutt"],"picked":"Shockwave","floor":8},{"not_picked":["Cleave","Perfected Strike"],"picked":"Double Tap","floor":10},{"not_picked":["Shockwave","Flame Barrier"],"picked":"Shrug It Off","floor":11}],"player_experience":1992872,"relics_obtained":[{"floor":6,"key":"Bottled Lightning"},{"floor":8,"key":"Nunchaku"},{"floor":9,"key":"Pen Nib"}],"event_choices":[{"cards_removed":["Strike_R"],"damage_healed":0,"gold_gain":0,"player_choice":"Purged","damage_taken":0,"max_hp_gain":0,"max_hp_loss":0,"event_name":"Purifier","floor":2,"gold_loss":0}],"is_beta":false,"boss_relics":[],"items_purged_floors":[5],"is_endless":false,"potions_floor_spawned":[1,4,11],"killed_by":"Gremlin Nob","ascension_level":12}}