{"host":"p7xnybcl7rtshmbr","time":1608578285,"event":{"mods":["AchievementEnabler","AlwaysNeverKeys","Aspiration","BaseMod","Hermit","Hubris","Minty Spire (QoL Compilation)","Replay The Spire","StSLib","The Hierophant","The Marked","The Poker Player","The Servant 0.9.4"],"gold_per_floor":[113,113,124,136,216,216,245,260,260,49,68,85,50,61,61,158,158,172,184,184,184,114,114,132,149,220,220,247,261,261,276,276,276,276],"floor_reached":33,"playtime":729,"items_purged":["theMarked:Strike"],"score":276,"play_id":"f8322aee-ae34-4e39-b06f-0ab208f527e7","local_time":"20201221221805","is_ascension_mode":false,"campfire_choices":[{"data":"theMarked:WardOff","floor":6,"key":"SMITH"},{"floor":23,"key":"REST"},{"floor":27,"key":"REST"},{"data":"theMarked:HeritageOfTheMarked","floor":30,"key":"SMITH"},{"floor":32,"key":"REST"}],"circlet_count":0,"master_deck":["theMarked:Strike+1","theMarked:Strike+1","theMarked:Strike+1","theMarked:Strike+1","theMarked:Defend+1","theMarked:Defend+1","theMarked:Defend+1","theMarked:Defend+1","theMarked:SoldierOfQuellstein","theMarked:BanishingWave","theMarked:WardOff+1","theMarked:BanishingStrike+1","theMarked:BanishingStrike","theMarked:Defy","theMarked:TwofoldDefense","theMarked:HeritageOfTheMarked+1","theMarked:HeritageOfTheMarked","theMarked:Frustration","theMarked:MysticalArsenal"],"relics":["theMarked:ArtifactOfAir","NeowsBlessing","FaceOfCleric","Snack Pack","Kunai","hubris:ScarierMask","Mummified Hand","The Courier","Strawberry"],"acts_visited":["Exordium","TheCity"],"potions_floor_usage":[18,33,33],"damage_taken":[{"damage":0,"enemies":"2 Louse","floor":1,"turns":1},{"damage":0,"enemies":"Cultist","floor":3,"turns":1},{"damage":0,"enemies":"Jaw Worm","floor":4,"turns":1},{"damage":22,"enemies":"Gremlin Nob","floor":7,"turns":5},{"damage":6,"enemies":"Exordium Wildlife","floor":8,"turns":4},{"damage":0,"enemies":"3 Louse","floor":11,"turns":1},{"damage":3,"enemies":"Gremlin Gang","floor":12,"turns":4},{"damage":0,"enemies":"Lots of Slimes","floor":14,"turns":1},{"damage":39,"enemies":"The Guardian","floor":16,"turns":6},{"damage":25,"enemies":"Spheric Guardian","floor":18,"turns":6},{"damage":12,"enemies":"3 Byrds","floor":19,"turns":5},{"damage":21,"enemies":"Snake Plant","floor":24,"turns":3},{"damage":0,"enemies":"Chosen and Byrds","floor":25,"turns":4},{"damage":2,"enemies":"Cultist and Chosen","floor":29,"turns":3},{"damage":15,"enemies":"Snecko","floor":31,"turns":3},{"damage":95,"enemies":"Collector","floor":33,"turns":7}],"seed_played":"-797577184364075929","potions_obtained":[{"floor":1,"key":"Fire Potion"},{"floor":4,"key":"CultistPotion"},{"floor":8,"key":"EssenceOfSteel"},{"floor":18,"key":"SpeedPotion"}],"is_trial":false,"path_per_floor":["M","?","M","M","?","R","E","M","T","$","M","M","$","M","R","B",null,"M","M","?","?","$","R","M","M","T","R","T","M","R","M","R","B"],"character_chosen":"THE_DEFAULT","items_purchased":["theMarked:Defy","theMarked:HeritageOfTheMarked","theMarked:MysticalArsenal"],"campfire_rested":3,"item_purchase_floors":[10,13,22],"current_hp_per_floor":[70,70,71,72,72,72,51,48,48,48,49,47,47,48,71,33,78,54,43,43,43,43,67,47,48,48,72,79,80,80,68,91,0,0],"gold":276,"neow_bonus":"THREE_ENEMY_KILL","is_daily":false,"chose_seed":false,"campfire_upgraded":2,"win_rate":0.0,"timestamp":1608578285,"path_taken":["M","?","?","M","?","R","E","M","T","?","M","?","$","?","R","BOSS","M","M","?","?","?","R","M","?","T","R","?","M","R","M","R","BOSS"],"items_purchased_type":["Card","Card","Card"],"build_version":"2020-12-13","purchased_purges":1,"victory":false,"max_hp_per_floor":[70,70,71,72,72,72,73,74,74,74,75,76,76,77,77,78,78,79,80,80,80,80,80,81,82,82,82,89,90,90,91,91,91,91],"card_choices":[{"not_picked":["theMarked:BanishingWave","theMarked:RepellingDischarge","theMarked:WastefulAttack"],"picked":"SKIP","floor":1},{"not_picked":["theMarked:RepellingDischarge","theMarked:WastefulAttack"],"picked":"theMarked:BanishingWave","floor":1},{"not_picked":["theMarked:RepellingDischarge","theMarked:EnhanceMovement","theMarked:Convert"],"picked":"SKIP","floor":3},{"not_picked":["theMarked:EnhanceMovement","theMarked:Improvise"],"picked":"theMarked:WardOff","floor":4},{"not_picked":["theMarked:ResourceFulStrike","theMarked:Improvise"],"picked":"theMarked:BanishingStrike","floor":7},{"not_picked":["theMarked:RogueSparks","theMarked:Improvise"],"picked":"theMarked:BanishingStrike","floor":8},{"not_picked":["theMarked:Electrocute","theMarked:TurnInvisible"],"picked":"theMarked:TwofoldDefense","floor":11},{"not_picked":["theMarked:Panic","theMarked:Overthink"],"picked":"theMarked:HeritageOfTheMarked","floor":12},{"not_picked":["theMarked:Convert","theMarked:ShockingTouch","theMarked:HeightenedSenses"],"picked":"SKIP","floor":14},{"not_picked":["theMarked:HeightenedSenses+1","theMarked:Indomitable+1"],"picked":"theMarked:Frustration","floor":18},{"not_picked":["theMarked:Improvise","theMarked:TwofoldDefense","theMarked:ChainLightning"],"picked":"SKIP","floor":19},{"not_picked":["theMarked:MysticalArsenal","theMarked:Parkour","theMarked:DeterminationOfTheMarked+1"],"picked":"SKIP","floor":24},{"not_picked":["theMarked:CreepingChasm","theMarked:HeightenedSenses+1","theMarked:WastefulAttack"],"picked":"SKIP","floor":25},{"not_picked":["theMarked:ParalyzingBlade","theMarked:StartUp","theMarked:Reabsorb"],"picked":"SKIP","floor":29},{"not_picked":["theMarked:ChainLightning+1","theMarked:StartUp","theMarked:Overthink"],"picked":"SKIP","floor":31}],"player_experience":321418,"relics_obtained":[{"floor":7,"key":"Snack Pack"},{"floor":9,"key":"Kunai"},{"floor":26,"key":"The Courier"},{"floor":28,"key":"Strawberry"}],"event_choices":[{"damage_healed":0,"gold_gain":0,"player_choice":"Trade","damage_taken":0,"relics_obtained":["FaceOfCleric"],"max_hp_gain":0,"max_hp_loss":0,"event_name":"FaceTrader","floor":2,"gold_loss":0},{"damage_healed":0,"gold_gain":80,"player_choice":"Gained Gold","damage_taken":0,"max_hp_gain":0,"max_hp_loss":0,"event_name":"Golden Wing","floor":5,"gold_loss":0},{"damage_healed":0,"gold_gain":0,"player_choice":"Simplicity","damage_taken":0,"max_hp_gain":0,"max_hp_loss":0,"event_name":"Back to Basics","floor":20,"gold_loss":0,"cards_upgraded":["theMarked:Strike","theMarked:Strike","theMarked:Strike","theMarked:Strike","theMarked:Defend","theMarked:Defend","theMarked:Defend","theMarked:Defend"]}],"is_beta":false,"boss_relics":[{"not_picked":["theMarked:SpiritSword","Abe\u0027s Treasure"],"picked":"hubris:ScarierMask"}],"items_purged_floors":[10],"is_endless":false,"potions_floor_spawned":[1,4,8,14,16,18,25,31],"killed_by":"Collector","ascension_level":0}}