{"host":"0lnx88jdgcrh6gmr","time":1608525979,"event":{"mods":["2.2 Compatiblity","AchievementEnabler","BaseMod","Beaked The Cultist","Better Note","Better Skull","Better Third Choice","Block Reminder","Colored Map","Displayed Cursed Tome","Glutton Mod","Googly Eyes","Hermit","Highlight Path","Minty Spire (QoL Compilation)","Rare Cards Sparkle","Relic Stats","Shade Mod","Spicy Shops","StSLib","The Construct","The Cursed","The Disciple","The Mystic","The Servant 0.9.4","Unceasing Turn Reminder","everything is the same but u backflip on backflip","slay the spire mod where everything is the same but ironclad has a cowboy hat"],"gold_per_floor":[119,130,2,13,30,30,45,45,113,123,135,135,210,225,225,328,328,339,249,260,15,27,54,54,54,54],"floor_reached":25,"playtime":1116,"items_purged":[],"score":217,"play_id":"5231fae2-aead-4b0d-befe-4d2a6b3b111b","local_time":"20201220214619","is_ascension_mode":false,"campfire_choices":[{"data":"Dash","floor":6,"key":"SMITH"},{"floor":12,"key":"REST"},{"floor":15,"key":"REST"}],"circlet_count":0,"master_deck":["Strike_G","Strike_G","Strike_G","Strike_G","Strike_G","Defend_G","Defend_G","Defend_G","Defend_G","Survivor","Neutralize","Poisoned Stab","Cloak And Dagger","Deflect","Leg Sweep+1","Bane","Quick Slash","Dash+1","Flying Knee","Deadly Poison","Sucker Punch+1","Bane","Envenom","Backstab+1","Backflip","Catalyst+1"],"relics":["Ring of the Snake","WristBlade","Molten Egg 2","construct:BoolHorns"],"acts_visited":["Exordium","TheCity"],"potions_floor_usage":[23,23],"damage_taken":[{"damage":4,"enemies":"2 Louse","floor":1,"turns":3},{"damage":4,"enemies":"Cultist","floor":2,"turns":4},{"damage":4,"enemies":"Small Slimes","floor":4,"turns":4},{"damage":7,"enemies":"Gremlin Gang","floor":5,"turns":6},{"damage":8,"enemies":"Lots of Slimes","floor":7,"turns":5},{"damage":0,"enemies":"Large Slime","floor":10,"turns":7},{"damage":1,"enemies":"Blue Slaver","floor":11,"turns":3},{"damage":0,"enemies":"Looter","floor":14,"turns":4},{"damage":29,"enemies":"Hexaghost","floor":16,"turns":13},{"damage":12,"enemies":"2 Thieves","floor":18,"turns":5},{"damage":8,"enemies":"3 Byrds","floor":20,"turns":7},{"damage":12,"enemies":"Snake Plant","floor":22,"turns":5},{"damage":35,"enemies":"Book of Stabbing","floor":23,"turns":6},{"damage":5,"enemies":"3 Cultists","floor":25,"turns":3}],"seed_played":"-3851754318759411626","potions_obtained":[{"floor":4,"key":"Swift Potion"},{"floor":7,"key":"Energy Potion"},{"floor":10,"key":"SpeedPotion"},{"floor":23,"key":"construct:ShiftPotion"}],"is_trial":false,"path_per_floor":["M","M","$","M","M","R","M","?","T","M","M","R","?","M","R","B",null,"M","?","M","$","M","E","?","M"],"character_chosen":"THE_SILENT","items_purchased":["Leg Sweep","Bane","Molten Egg 2"],"campfire_rested":2,"item_purchase_floors":[3,3,21],"current_hp_per_floor":[66,62,62,58,51,51,43,43,43,43,42,63,52,52,70,41,70,58,58,50,50,38,3,3,0,0],"gold":54,"neow_bonus":"THREE_CARDS","is_daily":false,"chose_seed":false,"campfire_upgraded":1,"win_rate":0.0,"timestamp":1608525979,"path_taken":["M","M","$","M","M","R","M","?","T","?","M","R","?","M","R","BOSS","M","?","M","$","M","E","?","?"],"items_purchased_type":["Card","Card","Relic"],"build_version":"2020-12-13","purchased_purges":0,"victory":false,"max_hp_per_floor":[70,70,70,70,70,70,70,70,70,70,70,70,70,70,70,70,70,70,70,70,70,70,70,70,70,70],"relic_stats":{"counters":[14,75],"obtain_stats":[{"construct:BoolHorns":23,"WristBlade":17,"Molten Egg 2":21,"Ring of the Snake":0},{"construct:BoolHorns":13,"WristBlade":9,"Molten Egg 2":11,"Ring of the Snake":0},{"construct:BoolHorns":72,"WristBlade":49,"Molten Egg 2":61,"Ring of the Snake":0}],"Ring of the Snake":[28]},"card_choices":[{"not_picked":["All Out Attack","Backflip"],"picked":"Poisoned Stab","floor":0},{"not_picked":["PiercingWail","Dagger Spray"],"picked":"Cloak And Dagger","floor":1},{"not_picked":["Reflex","Skewer"],"picked":"Deflect","floor":2},{"not_picked":["PiercingWail","Prepared"],"picked":"Quick Slash","floor":4},{"not_picked":["Catalyst","Distraction"],"picked":"Dash","floor":5},{"not_picked":["Distraction","Prepared"],"picked":"Flying Knee","floor":7},{"not_picked":["Distraction","Accuracy"],"picked":"Deadly Poison","floor":10},{"not_picked":["Flying Knee","Acrobatics"],"picked":"Sucker Punch","floor":11},{"not_picked":["Acrobatics","A Thousand Cuts"],"picked":"Bane","floor":14},{"not_picked":["Phantasmal Killer","Bullet Time"],"picked":"Envenom","floor":16},{"not_picked":["Dagger Throw","Dodge and Roll"],"picked":"Backstab+1","floor":18},{"not_picked":["Underhanded Strike+1","Outmaneuver"],"picked":"Backflip","floor":20},{"not_picked":["Prepared","Distraction"],"picked":"Catalyst+1","floor":22},{"not_picked":["A Thousand Cuts","Concentrate+1","Masterful Stab+1"],"picked":"SKIP","floor":23}],"player_experience":200124,"relics_obtained":[{"floor":23,"key":"construct:BoolHorns"}],"event_choices":[{"damage_healed":0,"gold_gain":0,"player_choice":"Forge","damage_taken":0,"max_hp_gain":0,"max_hp_loss":0,"event_name":"Accursed Blacksmith","floor":8,"gold_loss":0,"cards_upgraded":["Leg Sweep"]},{"damage_healed":0,"gold_gain":75,"player_choice":"Gold","damage_taken":11,"max_hp_gain":0,"max_hp_loss":0,"event_name":"betterThird:BetterGoop","floor":13,"gold_loss":0},{"cards_removed":["Defend_G"],"damage_healed":0,"gold_gain":0,"player_choice":"Upgrade and Remove","damage_taken":0,"max_hp_gain":0,"max_hp_loss":0,"event_name":"Designer","floor":19,"gold_loss":90,"cards_upgraded":["Sucker Punch"]},{"cards_removed":["Backstab"],"damage_healed":0,"gold_gain":0,"player_choice":"Give","damage_taken":0,"max_hp_gain":0,"max_hp_loss":0,"event_name":"betterNote:BetterNote","floor":24,"gold_loss":0,"cards_obtained":["DeceiveReality"]}],"is_beta":false,"boss_relics":[{"not_picked":["Tiny House","Coffee Dripper"],"picked":"WristBlade"}],"items_purged_floors":[],"is_endless":false,"potions_floor_spawned":[4,7,10,11,22,23],"killed_by":"3 Cultists","ascension_level":0}}