{"host":"kjehzzhcyp0nyrrl","time":1608565871,"event":{"mods":["AchievementEnabler","BaseMod","Custom Start","Hermit","Keyboard Shortcuts","Koishi","Minty Spire (QoL Compilation)","StSLib","SuperFastMode","The Dragon Tamer","The Gatherer","everything is the same but u backflip on backflip"],"gold_per_floor":[111,127,146,146,156,156,74,74,98,123,141,66,79,32,32,32,32],"floor_reached":16,"playtime":344,"items_purged":["Strike_R"],"score":133,"play_id":"dc5857dd-2a41-4bb1-acdd-22f575bc019b","local_time":"20201222005111","is_ascension_mode":true,"campfire_choices":[{"data":"Armaments","floor":6.0,"key":"SMITH"},{"data":"Evolve","floor":8.0,"key":"SMITH"},{"data":"Heavy Blade","floor":15.0,"key":"SMITH"}],"circlet_count":0,"master_deck":["Strike_R+1","Strike_R","Strike_R","Defend_R","Defend_R","Defend_R","Bash+1","Rupture","Armaments+1","Reckless Charge","Rupture","Evolve+1","Bloodletting","Rampage","Heavy Blade+1"],"relics":["Burning Blood","PreservedInsect"],"acts_visited":["Exordium"],"potions_floor_usage":[16],"damage_taken":[{"damage":0.0,"enemies":"Small Slimes","floor":1.0,"turns":4.0},{"damage":7.0,"enemies":"Jaw Worm","floor":2.0,"turns":5.0},{"damage":1.0,"enemies":"Cultist","floor":3.0,"turns":3.0},{"damage":3.0,"enemies":"3 Louse","floor":5.0,"turns":4.0},{"damage":43.0,"enemies":"Lagavulin","floor":10.0,"turns":6.0},{"damage":12.0,"enemies":"2 Fungi Beasts","floor":11.0,"turns":3.0},{"damage":12.0,"enemies":"Blue Slaver","floor":13.0,"turns":4.0},{"damage":18,"enemies":"The Guardian","floor":16,"turns":5}],"seed_played":"8136428114274127463","potions_obtained":[{"floor":2.0,"key":"Swift Potion"},{"floor":3.0,"key":"BloodPotion"},{"floor":13.0,"key":"FearPotion"}],"is_trial":false,"path_per_floor":["M","M","M","?","M","R","$","R","T","E","M","$","M","$","R","B"],"character_chosen":"IRONCLAD","items_purchased":["Evolve","Heavy Blade"],"campfire_rested":0,"item_purchase_floors":[7,14],"current_hp_per_floor":[72,71,72,58,61,61,61,61,61,38,32,32,26,26,26,8,8],"gold":32,"neow_bonus":"REMOVE_TWO","is_daily":false,"chose_seed":false,"campfire_upgraded":3,"win_rate":0.0,"timestamp":1608565871,"path_taken":["M","M","M","?","M","R","?","R","T","E","M","$","M","$","R","BOSS"],"items_purchased_type":["Card","Card"],"build_version":"2020-12-13","purchased_purges":1,"victory":false,"max_hp_per_floor":[72,72,72,72,72,72,72,72,72,72,72,72,72,72,72,72,72],"card_choices":[{"not_picked":["Headbutt","Sever Soul"],"picked":"Rupture","floor":1.0},{"not_picked":["Thunderclap","Body Slam"],"picked":"Armaments","floor":2.0},{"not_picked":["Headbutt","Flex"],"picked":"Reckless Charge","floor":3.0},{"not_picked":["Rage","Thunderclap"],"picked":"Rupture","floor":5.0},{"not_picked":["Anger","Pommel Strike"],"picked":"Bloodletting","floor":10.0},{"not_picked":["Body Slam","Sword Boomerang","Armaments"],"picked":"SKIP","floor":11.0},{"not_picked":["Flex","Twin Strike"],"picked":"Rampage","floor":13.0}],"player_experience":374430,"relics_obtained":[{"floor":10.0,"key":"PreservedInsect"}],"event_choices":[{"damage_healed":0.0,"max_hp_gain":0.0,"max_hp_loss":0.0,"gold_gain":0.0,"event_name":"Shining Light","player_choice":"Entered Light","floor":4.0,"gold_loss":0.0,"damage_taken":14.0,"cards_upgraded":["Bash","Strike_R"]}],"is_beta":false,"boss_relics":[],"items_purged_floors":[12],"is_endless":false,"potions_floor_spawned":[2,3,13],"killed_by":"The Guardian","ascension_level":6}}