{"host":"aioitfzuz1h9wkvz","time":1608534558,"event":{"mods":["AchievementEnabler","BaseMod","Colored Map","Minty Spire (QoL Compilation)","Quick Restart","Relic Stats","Spicy Shops","StSLib"],"gold_per_floor":[112,112,187,187,201,201,230,247,247,272,290,47,47,57,57,157,157,175,191,205,222,235,235,235,235,235,267,267,300,314,333,333,333,333],"floor_reached":33,"playtime":1245,"items_purged":[],"score":359,"play_id":"f6e3852b-1b21-4531-8b8e-50aacddbc1d2","local_time":"20201221170918","is_ascension_mode":true,"campfire_choices":[{"data":"Clash","floor":6,"key":"SMITH"},{"data":"Whirlwind","floor":13,"key":"SMITH"},{"data":"Shrug It Off","floor":15,"key":"SMITH"},{"floor":23,"key":"REST"},{"data":"Double Tap","floor":32,"key":"SMITH"}],"circlet_count":0,"master_deck":["Strike_R","Strike_R","Strike_R","Defend_R","Defend_R","Defend_R","Defend_R","Bash","Clash+1","Rage","Twin Strike","Shrug It Off+1","Whirlwind+1","Double Tap+1","Heavy Blade","Spot Weakness","Whirlwind"],"relics":["Burning Blood","Thread and Needle","Calipers","Meat on the Bone","Tiny Chest","StrikeDummy","Mark of Pain","Turnip","Molten Egg 2","Eternal Feather","Red Skull"],"acts_visited":["Exordium","TheCity"],"potions_floor_usage":[7,16,29,33,33],"damage_taken":[{"damage":12,"enemies":"Small Slimes","floor":1,"turns":4},{"damage":0,"enemies":"Jaw Worm","floor":5,"turns":3},{"damage":50,"enemies":"Lagavulin","floor":7,"turns":7},{"damage":0,"enemies":"Cultist","floor":8,"turns":3},{"damage":8,"enemies":"3 Sentries","floor":10,"turns":11},{"damage":9,"enemies":"Blue Slaver","floor":11,"turns":2},{"damage":0,"enemies":"3 Louse","floor":14,"turns":1},{"damage":50,"enemies":"The Guardian","floor":16,"turns":12},{"damage":9,"enemies":"3 Byrds","floor":18,"turns":5},{"damage":22,"enemies":"Shell Parasite","floor":19,"turns":4},{"damage":40,"enemies":"Snake Plant","floor":20,"turns":4},{"damage":31,"enemies":"Sentry and Sphere","floor":21,"turns":6},{"damage":37,"enemies":"Centurion and Healer","floor":22,"turns":5},{"damage":24,"enemies":"Slavers","floor":27,"turns":3},{"damage":62,"enemies":"Gremlin Leader","floor":29,"turns":9},{"damage":37,"enemies":"Cultist and Chosen","floor":30,"turns":5},{"damage":8,"enemies":"Chosen and Byrds","floor":31,"turns":4},{"damage":56,"enemies":"Automaton","floor":33,"turns":8}],"seed_played":"-3654067322288531739","potions_obtained":[{"floor":4,"key":"ColorlessPotion"},{"floor":4,"key":"Dexterity Potion"},{"floor":4,"key":"BlessingOfTheForge"},{"floor":5,"key":"FairyPotion"},{"floor":8,"key":"ColorlessPotion"},{"floor":16,"key":"FairyPotion"},{"floor":22,"key":"PowerPotion"},{"floor":29,"key":"Fruit Juice"},{"floor":31,"key":"Block Potion"}],"is_trial":false,"path_per_floor":["M","?","?","?","M","R","E","M","T","E","M","$","R","M","R","B",null,"M","M","M","M","M","R","?","?","T","E","T","E","M","M","R","B"],"character_chosen":"IRONCLAD","items_purchased":["StrikeDummy"],"campfire_rested":1,"item_purchase_floors":[12],"current_hp_per_floor":[82,75,64,64,70,70,26,32,32,42,51,51,51,57,57,25,88,85,69,47,34,44,70,70,70,70,52,52,49,30,40,49,0,0],"gold":333,"neow_bonus":"TEN_PERCENT_HP_BONUS","is_daily":false,"chose_seed":false,"campfire_upgraded":4,"win_rate":0.0,"timestamp":1608534558,"path_taken":["M","?","?","?","M","R","E","M","T","E","?","$","R","M","R","BOSS","M","M","M","M","M","R","?","?","T","E","?","E","?","M","R","BOSS"],"items_purchased_type":["Relic"],"build_version":"2020-12-13","purchased_purges":0,"victory":false,"max_hp_per_floor":[88,88,88,88,88,88,88,88,88,88,88,88,88,88,88,88,88,88,88,88,88,88,88,88,88,88,88,88,93,93,93,93,93,93],"relic_stats":{"counters":[18,96],"Tiny Chest":1,"Eternal Feather":9,"Turnip":[0],"obtain_stats":[{"Calipers":7,"Thread and Needle":2,"Tiny Chest":10,"Molten Egg 2":27,"Eternal Feather":28,"Mark of Pain":17,"Turnip":26,"StrikeDummy":12,"Burning Blood":0,"Red Skull":29,"Meat on the Bone":9},{"Calipers":3,"Thread and Needle":1,"Tiny Chest":5,"Molten Egg 2":14,"Eternal Feather":14,"Mark of Pain":8,"Turnip":13,"StrikeDummy":6,"Burning Blood":0,"Red Skull":15,"Meat on the Bone":4},{"Calipers":14,"Thread and Needle":4,"Tiny Chest":28,"Molten Egg 2":70,"Eternal Feather":70,"Mark of Pain":43,"Turnip":67,"StrikeDummy":30,"Burning Blood":0,"Red Skull":79,"Meat on the Bone":17}],"Burning Blood":102,"Meat on the Bone":108},"card_choices":[{"not_picked":["Clothesline","Uppercut"],"picked":"Clash","floor":1},{"not_picked":["Warcry","Perfected Strike"],"picked":"Rage","floor":5},{"not_picked":["Sentinel","Thunderclap"],"picked":"Twin Strike","floor":7},{"not_picked":["Clash","Anger"],"picked":"Shrug It Off","floor":8},{"not_picked":["Pommel Strike","Brutality"],"picked":"Whirlwind","floor":10},{"not_picked":["Cleave","Wild Strike","Clash"],"picked":"SKIP","floor":11},{"not_picked":["Second Wind","Havoc","Sword Boomerang"],"picked":"SKIP","floor":14},{"not_picked":["Feed","Impervious"],"picked":"Double Tap","floor":16},{"not_picked":["Dark Embrace","True Grit","Sentinel"],"picked":"SKIP","floor":18},{"not_picked":["Hemokinesis+1","Pummel+1","Rupture+1"],"picked":"SKIP","floor":19},{"not_picked":["Clothesline+1","Body Slam","Infernal Blade"],"picked":"SKIP","floor":20},{"not_picked":["Cleave","Twin Strike+1","Rupture+1"],"picked":"SKIP","floor":21},{"not_picked":["Inflame","True Grit","Clothesline"],"picked":"SKIP","floor":22},{"not_picked":["Uppercut+1","Clash+1","Body Slam+1"],"picked":"SKIP","floor":27},{"not_picked":["Fire Breathing","Headbutt+1","Armaments"],"picked":"SKIP","floor":29},{"not_picked":["Clash+1","Impervious","Havoc"],"picked":"SKIP","floor":30},{"not_picked":["Sword Boomerang+1","Combust","Headbutt+1"],"picked":"SKIP","floor":31}],"player_experience":688207,"relics_obtained":[{"floor":7,"key":"Calipers"},{"floor":9,"key":"Meat on the Bone"},{"floor":10,"key":"Tiny Chest"},{"floor":26,"key":"Turnip"},{"floor":27,"key":"Molten Egg 2"},{"floor":28,"key":"Eternal Feather"},{"floor":29,"key":"Red Skull"}],"event_choices":[{"damage_healed":0,"gold_gain":0,"player_choice":"Success","damage_taken":7,"relics_obtained":["Thread and Needle"],"max_hp_gain":0,"max_hp_loss":0,"event_name":"Scrap Ooze","floor":2,"gold_loss":0},{"damage_healed":0,"gold_gain":75,"player_choice":"Gather Gold","damage_taken":11,"max_hp_gain":0,"max_hp_loss":0,"event_name":"World of Goop","floor":3,"gold_loss":0},{"damage_healed":0,"gold_gain":0,"player_choice":"Got Potions","damage_taken":0,"max_hp_gain":0,"max_hp_loss":0,"event_name":"Lab","floor":4,"gold_loss":0},{"damage_healed":0,"gold_gain":0,"cards_transformed":["Strike_R","Strike_R"],"player_choice":"Became Test Subject","damage_taken":0,"max_hp_gain":0,"max_hp_loss":0,"event_name":"Drug Dealer","floor":24,"gold_loss":0,"cards_obtained":["Heavy Blade","Spot Weakness"]},{"damage_healed":0,"gold_gain":0,"player_choice":"Read","damage_taken":0,"max_hp_gain":0,"max_hp_loss":0,"event_name":"The Library","floor":25,"gold_loss":0,"cards_obtained":["Whirlwind"]}],"is_beta":false,"boss_relics":[{"not_picked":["Runic Pyramid","Velvet Choker"],"picked":"Mark of Pain"}],"items_purged_floors":[],"is_endless":false,"potions_floor_spawned":[5,8,16,20,22,27,29,31],"killed_by":"Automaton","ascension_level":4}}