{"host":"aunmuzt9j70r7vun","time":1608594343,"event":{"mods":["BaseMod","Better Altar","Better Third Choice","BetterRewards","Clockwork Mod","Curses Come First","Downfall","Infinite Spire","LagranYue(???·?)","Mad Scientist","Marisa????????","Minty Spire (QoL Compilation)","Rare Cards Sparkle","Relic Sorter","Replay The Spire","Say the Spire","Shop Mod","Spicy Shops","StSLib","The Cursed","The Disciple","The Edgeheg","The Mystic","The Servant 0.9.4"],"gold_per_floor":[118,42,58,133,133,133,162,162,162,162,162,162,190,207,207,207,207],"floor_reached":16,"playtime":969,"items_purged":[],"score":177,"play_id":"4eae4a57-fd35-4d46-8f47-eefa1438a770","local_time":"20201221194543","is_ascension_mode":true,"campfire_choices":[{"data":"Bash","floor":6,"key":"SMITH"},{"data":"Combust","floor":8,"key":"SMITH"},{"data":"Clash","floor":11,"key":"SMITH"}],"circlet_count":0,"master_deck":["Strike_R","Strike_R","Strike_R","Strike_R","Strike_R","Defend_R","Defend_R","Defend_R","Bash+1","Clash+1","Regret","Combust+1","Regret","Reckless Charge+1","Blood for Blood"],"relics":["Burning Blood","LagranYue:RandomDrawCardRelic","NeowsBlessing","infinitespire:Satchel","Pet Ghost","Nunchaku","ReplayTheSpireMod:Ninjato","Replay:Rubber Ducky","Bird Faced Urn"],"acts_visited":["Exordium"],"potions_floor_usage":[16],"damage_taken":[{"damage":0,"enemies":"Small Slimes","floor":1,"turns":1},{"damage":0,"enemies":"2 Louse","floor":3,"turns":1},{"damage":0,"enemies":"Replay:BlueRogue","floor":7,"turns":1},{"damage":53,"enemies":"Lagavulin","floor":13,"turns":6},{"damage":15,"enemies":"Cultist","floor":14,"turns":3},{"damage":62,"enemies":"Fading Forest","floor":16,"turns":9}],"seed_played":"576507534445161658","potions_obtained":[{"floor":1,"key":"Strength Potion"},{"floor":14,"key":"Weak Potion"}],"is_trial":false,"path_per_floor":["M","$","M","?","?","R","E","R","T","?","R","?","E","M","R","B"],"character_chosen":"IRONCLAD","items_purchased":["infinitespire:Satchel"],"campfire_rested":0,"item_purchase_floors":[2],"current_hp_per_floor":[78,78,80,69,69,69,75,75,75,75,75,75,28,21,45,0,0],"gold":207,"neow_bonus":"THREE_ENEMY_KILL","is_daily":false,"chose_seed":false,"campfire_upgraded":3,"win_rate":0.0,"timestamp":1608594343,"path_taken":["M","$","M","?","?","R","E","R","T","?","R","?","E","M","R","BOSS"],"items_purchased_type":["Relic"],"build_version":"2020-12-13","purchased_purges":0,"victory":false,"max_hp_per_floor":[80,80,80,80,80,80,80,80,80,80,80,80,80,80,80,80,80],"card_choices":[{"not_picked":["Thunderclap","ReplayTheSpireMod:Strike From Hell","Twin Strike"],"picked":"SKIP","floor":1},{"not_picked":["True Grit","Anger"],"picked":"Clash","floor":3},{"not_picked":["Thunderclap","Pommel Strike"],"picked":"Combust","floor":7},{"not_picked":["Shockwave","Iron Wave","Uppercut"],"picked":"SKIP","floor":13},{"not_picked":["Wild Strike","Perfected Strike"],"picked":"Blood for Blood","floor":14}],"player_experience":760534,"relics_obtained":[{"floor":7,"key":"Nunchaku"},{"floor":9,"key":"ReplayTheSpireMod:Ninjato"},{"floor":13,"key":"Bird Faced Urn"}],"event_choices":[{"damage_healed":0,"gold_gain":75,"player_choice":"Gold","damage_taken":11,"max_hp_gain":0,"max_hp_loss":0,"event_name":"betterThird:BetterGoop","floor":4,"gold_loss":0},{"damage_healed":0,"gold_gain":0,"player_choice":"Box","damage_taken":0,"relics_obtained":["Pet Ghost"],"max_hp_gain":0,"max_hp_loss":0,"event_name":"Big Fish","floor":5,"gold_loss":0,"cards_obtained":["Regret"]},{"damage_healed":0,"gold_gain":0,"player_choice":"Box","damage_taken":0,"relics_obtained":["Replay:Rubber Ducky"],"max_hp_gain":0,"max_hp_loss":0,"event_name":"Big Fish","floor":10,"gold_loss":0,"cards_obtained":["Regret"]},{"damage_healed":0,"gold_gain":0,"cards_transformed":["Defend_R"],"player_choice":"Transformed","damage_taken":0,"max_hp_gain":0,"max_hp_loss":0,"event_name":"Transmorgrifier","floor":12,"gold_loss":0,"cards_obtained":["Reckless Charge"]}],"is_beta":false,"boss_relics":[],"items_purged_floors":[],"is_endless":false,"potions_floor_spawned":[1,14],"killed_by":"Fading Forest","ascension_level":7}}