{"host":"2e3z4r48quhw80cc","time":1608553154,"event":{"mods":["BaseMod","Minty Spire (QoL Compilation)","Quick Restart","StSLib","SuperFastMode"],"gold_per_floor":[114,38,38,213,225,225,257,272,295,324,334,368,368,387,387,387,387],"floor_reached":16,"playtime":616,"items_purged":[],"score":196,"play_id":"a49e88e9-8775-4ff8-9169-74bf345b079c","local_time":"20201221211914","is_ascension_mode":true,"campfire_choices":[{"data":"Neutralize","floor":6.0,"key":"SMITH"},{"floor":15.0,"key":"REST"}],"circlet_count":0,"master_deck":["Strike_G","Strike_G+1","Strike_G","Strike_G","Strike_G","Defend_G","Defend_G","Defend_G","Defend_G","Defend_G","Survivor","Neutralize+1","Flying Knee+1","Escape Plan","Doubt","Backflip","Well Laid Plans","Blur","Poisoned Stab","Doppelganger"],"relics":["Ring of the Snake","NeowsBlessing","HornCleat","Orichalcum","Lantern","Boot","Art of War"],"acts_visited":["Exordium"],"potions_floor_usage":[],"damage_taken":[{"damage":0.0,"enemies":"Cultist","floor":1.0,"turns":1.0},{"damage":0.0,"enemies":"2 Louse","floor":5.0,"turns":1.0},{"damage":0.0,"enemies":"Lagavulin","floor":7.0,"turns":1.0},{"damage":0.0,"enemies":"Jaw Worm","floor":8.0,"turns":4.0},{"damage":21.0,"enemies":"3 Sentries","floor":10.0,"turns":15.0},{"damage":11.0,"enemies":"Exordium Thugs","floor":11.0,"turns":7.0},{"damage":22.0,"enemies":"Lagavulin","floor":12.0,"turns":9.0},{"damage":0.0,"enemies":"2 Fungi Beasts","floor":14.0,"turns":3.0},{"damage":30,"enemies":"Slime Boss","floor":16,"turns":13}],"seed_played":"5661013559191641032","potions_obtained":[{"floor":7.0,"key":"Block Potion"},{"floor":10.0,"key":"Regen Potion"},{"floor":12.0,"key":"Weak Potion"}],"is_trial":false,"path_per_floor":["M","$","T","?","M","R","E","M","T","E","M","E","?","M","R","B"],"character_chosen":"THE_SILENT","items_purchased":["Escape Plan"],"campfire_rested":1,"item_purchase_floors":[2],"current_hp_per_floor":[63,63,63,63,63,63,63,63,63,42,31,24,10,10,31,1,1],"gold":387,"neow_bonus":"THREE_ENEMY_KILL","is_daily":false,"chose_seed":false,"campfire_upgraded":1,"win_rate":0.0,"timestamp":1608553154,"path_taken":["M","$","?","?","M","R","E","M","T","E","M","E","?","?","R","BOSS"],"items_purchased_type":["Card"],"build_version":"2020-12-13","purchased_purges":0,"victory":false,"max_hp_per_floor":[70,70,70,70,70,70,70,70,70,70,70,70,70,70,70,70,70],"card_choices":[{"not_picked":["PiercingWail","Bane"],"picked":"Flying Knee","floor":1.0},{"not_picked":["Acrobatics","Flying Knee"],"picked":"Backflip","floor":5.0},{"not_picked":["Slice","Flechettes","Choke"],"picked":"SKIP","floor":7.0},{"not_picked":["Poisoned Stab","Bane"],"picked":"Well Laid Plans","floor":8.0},{"not_picked":["Leg Sweep","Deadly Poison"],"picked":"Blur","floor":10.0},{"not_picked":["Prepared","Bane"],"picked":"Poisoned Stab","floor":11.0},{"not_picked":["Quick Slash","Dodge and Roll"],"picked":"Doppelganger","floor":12.0},{"not_picked":["Riddle With Holes","Sucker Punch","Poisoned Stab"],"picked":"SKIP","floor":14.0}],"player_experience":75761,"relics_obtained":[{"floor":3.0,"key":"HornCleat"},{"floor":7.0,"key":"Orichalcum"},{"floor":9.0,"key":"Lantern"},{"floor":10.0,"key":"Boot"},{"floor":12.0,"key":"Art of War"}],"event_choices":[{"damage_healed":0.0,"max_hp_gain":0.0,"max_hp_loss":0.0,"gold_gain":175.0,"event_name":"Liars Game","player_choice":"AGREE","floor":4.0,"gold_loss":0.0,"damage_taken":0.0,"cards_obtained":["Doubt"]},{"damage_healed":0.0,"max_hp_gain":0.0,"max_hp_loss":0.0,"gold_gain":0.0,"event_name":"Shining Light","player_choice":"Entered Light","floor":13.0,"gold_loss":0.0,"damage_taken":14.0,"cards_upgraded":["Strike_G","Flying Knee"]}],"is_beta":false,"boss_relics":[],"items_purged_floors":[],"is_endless":false,"potions_floor_spawned":[7,10,12],"killed_by":"Slime Boss","ascension_level":7}}