{"host":"xyexbe31ku0ov20l","time":1608526088,"event":{"mods":["AchievementEnabler","AlwaysNeverKeys","BaseMod","Bestiary","Block Reminder","Colored Map","Colored Powertips","Curses Come First","Displayed Cursed Tome","Minty Spire (QoL Compilation)","Permanent Neow","Quick Restart","Random Character Button","Rare Cards Sparkle","Relic Stats","StSLib"],"gold_per_floor":[116,116,81,98,98,109,134,134,186,186,186,186,209,227,227,227,227],"floor_reached":16,"playtime":2383,"items_purged":[],"score":200,"play_id":"2f4b2780-d834-4473-92a4-55282bd2733e","local_time":"20201220204808","is_ascension_mode":true,"campfire_choices":[{"data":"Footwork","floor":8,"key":"SMITH"},{"data":"Setup","floor":10,"key":"SMITH"},{"data":"Neutralize","floor":15,"key":"SMITH"}],"circlet_count":0,"master_deck":["AscendersBane","Strike_G","Strike_G","Strike_G","Strike_G","Defend_G","Defend_G","Defend_G","Defend_G","Defend_G","Survivor","Neutralize+1","Footwork+1","Sucker Punch","Setup+1","Backstab","Injury","Parasite","Acrobatics","Deadly Poison"],"relics":["Coffee Dripper","Smiling Mask","Matryoshka","Juzu Bracelet","Snake Skull","Golden Idol"],"acts_visited":["Exordium"],"potions_floor_usage":[6,7,14],"damage_taken":[{"damage":0,"enemies":"2 Louse","floor":1,"turns":3},{"damage":0,"enemies":"Small Slimes","floor":4,"turns":4},{"damage":4,"enemies":"Cultist","floor":6,"turns":4},{"damage":59,"enemies":"Gremlin Nob","floor":7,"turns":7},{"damage":0,"enemies":"2 Fungi Beasts","floor":13,"turns":5},{"damage":0,"enemies":"Large Slime","floor":14,"turns":9},{"damage":24,"enemies":"Hexaghost","floor":16,"turns":7}],"seed_played":"4937642555850626887","potions_obtained":[{"floor":1,"key":"FearPotion"},{"floor":6,"key":"LiquidMemories"},{"floor":13,"key":"FearPotion"}],"is_trial":false,"path_per_floor":["M","?","?","M","?","M","E","R","T","R","?","?","M","M","R","B"],"character_chosen":"THE_SILENT","items_purchased":[],"campfire_rested":0,"item_purchase_floors":[],"current_hp_per_floor":[59,54,66,66,66,62,3,3,3,3,3,19,19,19,19,0,0],"gold":227,"neow_bonus":"BOSS_RELIC","is_daily":false,"chose_seed":false,"campfire_upgraded":3,"win_rate":0.0,"timestamp":1608526088,"path_taken":["M","?","?","M","?","?","E","R","T","R","?","?","M","M","R","BOSS"],"items_purchased_type":[],"build_version":"2020-12-13","purchased_purges":0,"victory":false,"max_hp_per_floor":[66,66,66,66,66,66,66,66,66,66,66,66,66,66,66,66,66],"relic_stats":{"counters":[7,39],"Golden Idol":9,"Snake Skull":[2],"Juzu Bracelet":0,"Smiling Mask":0,"obtain_stats":[{"Matryoshka":7,"Golden Idol":11,"Snake Skull":9,"Coffee Dripper":0,"Juzu Bracelet":9,"Smiling Mask":2,"Ring of the Snake":0},{"Matryoshka":4,"Golden Idol":4,"Snake Skull":4,"Coffee Dripper":0,"Juzu Bracelet":4,"Smiling Mask":1,"Ring of the Snake":0},{"Matryoshka":18,"Golden Idol":18,"Snake Skull":18,"Coffee Dripper":0,"Juzu Bracelet":18,"Smiling Mask":3,"Ring of the Snake":0}]},"card_choices":[{"not_picked":["Skewer","Blade Dance"],"picked":"Footwork","floor":1},{"not_picked":["Slice","Cloak And Dagger"],"picked":"Sucker Punch","floor":4},{"not_picked":["Accuracy","Blade Dance"],"picked":"Setup","floor":6},{"not_picked":["Setup","PiercingWail"],"picked":"Backstab","floor":7},{"not_picked":["Blade Dance","Flechettes"],"picked":"Acrobatics","floor":13},{"not_picked":["Distraction","Accuracy"],"picked":"Deadly Poison","floor":14}],"player_experience":2249656,"relics_obtained":[{"floor":7,"key":"Matryoshka"},{"floor":9,"key":"Juzu Bracelet"},{"floor":9,"key":"Snake Skull"}],"event_choices":[{"damage_healed":0,"gold_gain":0,"player_choice":"Success","damage_taken":5,"relics_obtained":["Smiling Mask"],"max_hp_gain":0,"max_hp_loss":0,"event_name":"Scrap Ooze","floor":2,"gold_loss":0},{"damage_healed":16,"gold_gain":0,"player_choice":"Healed","damage_taken":0,"max_hp_gain":0,"max_hp_loss":0,"event_name":"The Cleric","floor":3,"gold_loss":35},{"cards_removed":["Strike_G"],"damage_healed":0,"gold_gain":0,"player_choice":"Purged","damage_taken":0,"max_hp_gain":0,"max_hp_loss":0,"event_name":"Purifier","floor":5,"gold_loss":0},{"damage_healed":0,"gold_gain":0,"player_choice":"Take Wound","damage_taken":0,"relics_obtained":["Golden Idol"],"max_hp_gain":0,"max_hp_loss":0,"event_name":"Golden Idol","floor":11,"gold_loss":0,"cards_obtained":["Injury"]},{"damage_healed":16,"gold_gain":0,"player_choice":"Healed and dodged fight","damage_taken":0,"max_hp_gain":0,"max_hp_loss":0,"event_name":"Mushrooms","floor":12,"gold_loss":0,"cards_obtained":["Parasite"]}],"is_beta":false,"boss_relics":[],"items_purged_floors":[],"is_endless":false,"potions_floor_spawned":[1,6,13],"killed_by":"Hexaghost","ascension_level":20}}