{"host":"6pgtslebjnyv5xmi","time":1608565245,"event":{"mods":["AchievementEnabler","BaseMod","Colored Map","Minty Spire (QoL Compilation)","Rare Cards Sparkle","SuperFastMode","everything is the same but u backflip on backflip"],"gold_per_floor":[111,111,39,54,54,54,84,100,100,123,123,140,140,172,172,272,272,290,215,58,157,174,174,209,209,232,232,232,232],"floor_reached":28,"playtime":1160,"items_purged":[],"score":278,"play_id":"25ce2cda-a391-4f0b-9ae8-6a8ac20c2978","local_time":"20201222004045","is_ascension_mode":true,"campfire_choices":[{"data":"Zap","floor":6,"key":"SMITH"},{"data":"Defragment","floor":11,"key":"SMITH"},{"data":"Redo","floor":13,"key":"SMITH"},{"data":"Biased Cognition","floor":15,"key":"SMITH"},{"data":"Consume","floor":23,"key":"SMITH"},{"data":"Turbo","floor":25,"key":"SMITH"}],"circlet_count":0,"master_deck":["Defend_B","Defend_B","Defend_B","Defend_B","Zap+1","Dualcast","Redo+1","Consume+1","Defragment+1","Ball Lightning+1","Turbo+1","Biased Cognition+1","Ball Lightning+1","Amplify","Streamline+1","Creative AI+1","Ball Lightning+1","Conserve Battery+1","Self Repair"],"relics":["Cracked Core","Pear","Meat on the Bone","Odd Mushroom","Potion Belt","Astrolabe","OrangePellets","Whetstone","Bronze Scales"],"acts_visited":["Exordium","TheCity"],"potions_floor_usage":[7,14,14,14],"damage_taken":[{"damage":2,"enemies":"Jaw Worm","floor":1,"turns":3},{"damage":1,"enemies":"Cultist","floor":4,"turns":3},{"damage":35,"enemies":"3 Sentries","floor":7,"turns":6},{"damage":10,"enemies":"2 Louse","floor":8,"turns":3},{"damage":20,"enemies":"The Mushroom Lair","floor":10,"turns":4},{"damage":13,"enemies":"Exordium Wildlife","floor":12,"turns":2},{"damage":5,"enemies":"Lagavulin","floor":14,"turns":4},{"damage":22,"enemies":"The Guardian","floor":16,"turns":6},{"damage":11,"enemies":"Spheric Guardian","floor":18,"turns":3},{"damage":34,"enemies":"2 Thieves","floor":22,"turns":3},{"damage":43,"enemies":"Gremlin Leader","floor":24,"turns":6},{"damage":24,"enemies":"Snake Plant","floor":28,"turns":1}],"seed_played":"-6898003535586646552","potions_obtained":[{"floor":1,"key":"LiquidBronze"},{"floor":2,"key":"Energy Potion"},{"floor":2,"key":"DuplicationPotion"},{"floor":2,"key":"Weak Potion"},{"floor":10,"key":"LiquidBronze"},{"floor":12,"key":"Regen Potion"}],"is_trial":false,"path_per_floor":["M","?","$","M","$","R","E","M","T","?","R","M","R","E","R","B",null,"M","?","$","?","M","R","E","R","T","?","M"],"character_chosen":"DEFECT","items_purchased":["Defragment","OrangePellets"],"campfire_rested":0,"item_purchase_floors":[3,20],"current_hp_per_floor":[73,73,73,72,72,72,47,37,37,29,29,28,28,47,47,37,85,74,74,74,74,52,52,21,21,21,21,0,0],"gold":232,"neow_bonus":"TRANSFORM_CARD","is_daily":false,"chose_seed":false,"campfire_upgraded":6,"win_rate":0.0,"timestamp":1608565245,"path_taken":["M","?","?","?","$","R","E","M","T","?","R","M","R","E","R","BOSS","M","?","$","?","M","R","E","R","T","?","M"],"items_purchased_type":["Card","Relic"],"build_version":"2020-12-13","purchased_purges":0,"victory":false,"max_hp_per_floor":[75,75,75,75,75,75,85,85,85,85,85,85,85,85,85,85,85,85,85,85,85,85,85,85,85,85,85,85,85],"card_choices":[{"not_picked":["FTL","Leap"],"picked":"Consume","floor":1},{"not_picked":["Hello World","Sweeping Beam","Steam"],"picked":"SKIP","floor":4},{"not_picked":["Streamline","Rip and Tear","Stack"],"picked":"SKIP","floor":7},{"not_picked":["Beam Cell","Rip and Tear"],"picked":"Ball Lightning","floor":8},{"not_picked":["Compile Driver","Stack"],"picked":"Turbo","floor":10},{"not_picked":["Rebound","Barrage"],"picked":"Biased Cognition","floor":12},{"not_picked":["Barrage","Go for the Eyes"],"picked":"Ball Lightning","floor":14},{"not_picked":["Reboot","Creative AI"],"picked":"Amplify","floor":16},{"not_picked":["Aggregate","Compile Driver+1","Turbo"],"picked":"SKIP","floor":18},{"not_picked":["Recycle","Reprogram"],"picked":"Ball Lightning+1","floor":22},{"not_picked":["Coolheaded","Meteor Strike"],"picked":"Conserve Battery+1","floor":24}],"player_experience":342723,"relics_obtained":[{"floor":7,"key":"Pear"},{"floor":9,"key":"Meat on the Bone"},{"floor":10,"key":"Odd Mushroom"},{"floor":14,"key":"Potion Belt"},{"floor":24,"key":"Whetstone"},{"floor":26,"key":"Bronze Scales"}],"event_choices":[{"damage_healed":0,"gold_gain":0,"player_choice":"Got Potions","damage_taken":0,"max_hp_gain":0,"max_hp_loss":0,"event_name":"Lab","floor":2,"gold_loss":0},{"damage_healed":0,"gold_gain":0,"player_choice":"Fought Mushrooms","damage_taken":0,"max_hp_gain":0,"max_hp_loss":0,"event_name":"Mushrooms","floor":10,"gold_loss":0},{"cards_removed":["Reprogram"],"damage_healed":0,"gold_gain":0,"player_choice":"Gave Gold","damage_taken":0,"max_hp_gain":0,"max_hp_loss":0,"event_name":"Beggar","floor":19,"gold_loss":75},{"damage_healed":0,"gold_gain":99,"player_choice":"Stole From Cult","damage_taken":0,"max_hp_gain":0,"max_hp_loss":0,"event_name":"Nest","floor":21,"gold_loss":0},{"damage_healed":0,"gold_gain":0,"player_choice":"Read","damage_taken":0,"max_hp_gain":0,"max_hp_loss":0,"event_name":"The Library","floor":27,"gold_loss":0,"cards_obtained":["Self Repair"]}],"is_beta":false,"boss_relics":[{"not_picked":["Ectoplasm","SlaversCollar"],"picked":"Astrolabe"}],"items_purged_floors":[],"is_endless":false,"potions_floor_spawned":[1,10,12],"killed_by":"Snake Plant","ascension_level":3}}