{"host":"vfjw5z5u57sxa51v","time":1608575078,"event":{"mods":["AchievementEnabler","BaseMod","Better Altar","Better Match","Better Note","Better Sensory Stone","Better Skull","Better Third Choice","BetterRewards","CCEM","Clawfect","Colored Map","Conspire","Downfall","GifTheSpireLib","Googly Eyes","Halation","Highlight Path","Hubris","Infinite Spire","Minty Spire (QoL Compilation)","Permanent Neow","Replay The Spire","Shop Mod","Spicy Shops","StSLib","Stuff the Spire","The Jungle"],"gold_per_floor":[109,37,51,64,64,97,139,139,166,166,184,207,227,39,39,136,136,152,26,40,56,56,82,82,182,208,226,226,226,226,226,226],"floor_reached":31,"playtime":2286,"items_purged":[],"score":278,"play_id":"99e68cb8-0292-408f-b066-20fb39598d2e","local_time":"20201221192438","is_ascension_mode":false,"campfire_choices":[{"floor":8,"key":"REST"},{"floor":15,"key":"REST"},{"floor":24,"key":"REST"}],"circlet_count":0,"master_deck":["Strike_R","Strike_R","Strike_R","Strike_R","Defend_R","Defend_R","Defend_R","Defend_R","Bash","StuffTheSpire:RockThrow","Dropkick","StuffTheSpire:Slingshot","conspire:Charge+1","ReplayTheSpireMod:Strike From Hell","Seeing Red","Feed","StuffTheSpire:RockThrow","Shrug It Off","Armaments+1","hubris:CleavingFinish+1"],"relics":["Burning Blood","Lantern","hubris:CrystalStatue","StuffTheSpire:Experiment12","CCEMRelics:PorcelainBowl","Strawberry","Strange Spoon","hubris:Backtick","infinitespire:Joker Card","infinitespire:Eraser","ReplayTheSpireMod:Shallot","Replay:Rubber Ducky","hubris:Towel","Regal Pillow"],"acts_visited":["Exordium","Exordium"],"potions_floor_usage":[7,31,31],"damage_taken":[{"damage":1,"enemies":"Cultist","floor":1,"turns":4},{"damage":6,"enemies":"conspire:RoseBush","floor":3,"turns":2},{"damage":1,"enemies":"Jaw Worm","floor":4,"turns":3},{"damage":39,"enemies":"Lagavulin","floor":6,"turns":7},{"damage":37,"enemies":"conspire:MimicChest","floor":7,"turns":7},{"damage":0,"enemies":"2 Fungi Beasts","floor":11,"turns":2},{"damage":15,"enemies":"Large Slime","floor":13,"turns":5},{"damage":51,"enemies":"The Guardian","floor":16,"turns":8},{"damage":31,"enemies":"theJungle:Flameango_and_Byrd","floor":18,"turns":5},{"damage":7,"enemies":"theJungle:5_Spyders","floor":20,"turns":8},{"damage":35,"enemies":"theJungle:Snecko_Cultist_And_Trap","floor":21,"turns":6},{"damage":20,"enemies":"theJungle:MamaSnecko","floor":23,"turns":5},{"damage":20,"enemies":"theJungle:Lyon","floor":27,"turns":4},{"damage":20,"enemies":"theJungle:2_Phrogs","floor":31,"turns":6}],"seed_played":"-8571021766654174212","potions_obtained":[{"floor":1,"key":"ColorlessPotion"},{"floor":4,"key":"sneckomod:MuddlingPotion"},{"floor":16,"key":"Weak Potion"},{"floor":20,"key":"Fire Potion"}],"is_trial":false,"path_per_floor":["M","$","M","M","?","E","?","R","T","?","M","T","M","$","R","B",null,"M","$","M","M","?","E","R","?","T","M","?","?","AVR","E"],"character_chosen":"IRONCLAD","items_purchased":["Lantern","Strange Spoon","Seeing Red","infinitespire:Eraser"],"campfire_rested":3,"item_purchase_floors":[2,14,14,19],"current_hp_per_floor":[80,80,80,80,73,40,9,33,33,33,39,46,37,37,63,18,87,62,62,67,41,41,27,55,55,55,44,44,46,46,3,3],"gold":226,"neow_bonus":"","is_daily":false,"chose_seed":false,"campfire_upgraded":0,"win_rate":0.0,"timestamp":1608575078,"path_taken":["M","?","M","?","?","E","?","R","T","?","?","?","?","$","R","BOSS","M","$","M","?","?","E","R","?","T","?","?","?","AVR","E"],"items_purchased_type":["Relic","Relic","Card","Relic"],"build_version":"2020-12-13","purchased_purges":0,"victory":false,"max_hp_per_floor":[80,80,80,80,80,80,80,80,80,80,80,87,87,87,87,87,87,87,87,93,96,96,96,96,96,96,99,99,99,99,99,99],"card_choices":[{"not_picked":["Anger","Intimidate"],"picked":"StuffTheSpire:RockThrow","floor":1},{"not_picked":["ReplayTheSpireMod:Strike From Hell","Pummel"],"picked":"Replay:Undeath\u0027s Touch","floor":3},{"not_picked":["Twin Strike","ReplayTheSpireMod:Strike From Hell"],"picked":"Dropkick","floor":4},{"not_picked":["Flex","Sword Boomerang","ReplayTheSpireMod:Limb From Limb"],"picked":"SKIP","floor":6},{"not_picked":["ReplayTheSpireMod:Limb From Limb","Perfected Strike"],"picked":"StuffTheSpire:Slingshot","floor":7},{"not_picked":["StuffTheSpire:Resist","Blood for Blood","Defy Death"],"picked":"SKIP","floor":11},{"not_picked":["Headbutt","Flame Barrier"],"picked":"ReplayTheSpireMod:Strike From Hell","floor":13},{"not_picked":["conspire:Purge","Offering"],"picked":"Feed","floor":16},{"not_picked":["Shockwave","StuffTheSpire:Incineration"],"picked":"StuffTheSpire:RockThrow","floor":18},{"not_picked":["Sword Boomerang+1","Blood for Blood+1"],"picked":"Shrug It Off","floor":20},{"not_picked":["Thunderclap","Hemokinesis"],"picked":"Armaments+1","floor":21},{"not_picked":["Iron Wave","Sword Boomerang+1"],"picked":"hubris:CleavingFinish+1","floor":23},{"not_picked":["Iron Wave","Replay:Undeath\u0027s Touch","Flex"],"picked":"SKIP","floor":27}],"player_experience":0,"relics_obtained":[{"floor":6,"key":"hubris:CrystalStatue"},{"floor":7,"key":"StuffTheSpire:Experiment12"},{"floor":9,"key":"CCEMRelics:PorcelainBowl"},{"floor":12,"key":"Strawberry"},{"floor":23,"key":"ReplayTheSpireMod:Shallot"},{"floor":26,"key":"Replay:Rubber Ducky"}],"event_choices":[{"cards_removed":["Strike_R"],"damage_healed":0,"gold_gain":0,"player_choice":"Card Removal","damage_taken":7,"max_hp_gain":0,"max_hp_loss":0,"event_name":"Golden Wing","floor":5,"gold_loss":0},{"cards_removed":["conspire:Charge"],"damage_healed":0,"gold_gain":0,"player_choice":"Give","damage_taken":0,"max_hp_gain":0,"max_hp_loss":0,"event_name":"betterNote:BetterNote","floor":22,"gold_loss":0,"cards_obtained":["None"]},{"damage_healed":0,"gold_gain":100,"player_choice":"Pray","damage_taken":0,"max_hp_gain":0,"max_hp_loss":0,"event_name":"Golden Shrine","floor":25,"gold_loss":0}],"is_beta":false,"boss_relics":[{"not_picked":["hubris:Stopwatch","halation:SmartPhone"],"picked":"hubris:Backtick"}],"items_purged_floors":[],"is_endless":false,"potions_floor_spawned":[1,4,16,20],"killed_by":"theJungle:2_Phrogs","ascension_level":0}}