{"host":"87fdiiwflhrwsj8a","time":1608586546,"event":{"mods":["Aspiration","BaseMod","Better Match","Better Third Choice","BetterRewards","Colored Map","Downfall","GifTheSpireLib","Infinite Spire","Minty Spire (QoL Compilation)","Relic Sorter","Replay The Spire","Robot Space Explorer","StSLib","Stuff the Spire","The Cursed"],"gold_per_floor":[117,151,151,171,0,0,27,27,54,80,96,154,154,182,182,258,258,274,274,274,274,293,324,324,324,324],"floor_reached":25,"playtime":567,"items_purged":[],"score":520,"play_id":"963b85cb-61d6-47f4-9154-1e15fa325bfc","local_time":"20201221163546","is_ascension_mode":true,"campfire_choices":[{"floor":6.0,"key":"REST"},{"data":"Enlightenment","floor":13.0,"key":"SMITH"},{"floor":15.0,"key":"REST"},{"data":"Armaments","floor":24,"key":"SMITH"}],"circlet_count":0,"master_deck":["AscendersBane","Strike_R","Strike_R","Strike_R","Strike_R","Strike_R","Defend_R","Bash","Inflame","Enlightenment+1","Reckless Charge","Perfected Strike","Uppercut","ReplayTheSpireMod:Limb From Limb","Bludgeon","Replay:Undeath\u0027s Touch","Shrug It Off+1","Armaments+1"],"relics":["Burning Blood","NeowsBlessing","ReplayTheSpireMod:Spearhead","Strawberry","Frozen Egg 2","Red Skull","aspiration:AnachronicSnailShell","Calipers","Replay:Drink Me","Girya","StuffTheSpire:Barrel"],"acts_visited":["Exordium","TheCity"],"potions_floor_usage":[23,25],"damage_taken":[{"damage":0.0,"enemies":"Small Slimes","floor":1.0,"turns":1.0},{"damage":0.0,"enemies":"Jaw Worm","floor":4.0,"turns":1.0},{"damage":0.0,"enemies":"Gremlin Nob","floor":7.0,"turns":1.0},{"damage":35.0,"enemies":"3 Sentries","floor":10.0,"turns":8.0},{"damage":3.0,"enemies":"Cultist","floor":11.0,"turns":3.0},{"damage":20.0,"enemies":"Gremlin Nob","floor":14.0,"turns":4.0},{"damage":60.0,"enemies":"Hexaghost","floor":16.0,"turns":8.0},{"damage":18.0,"enemies":"Chosen","floor":18.0,"turns":5.0},{"damage":26.0,"enemies":"Shell Parasite","floor":22.0,"turns":4.0},{"damage":12,"enemies":"Gremlin Leader","floor":23,"turns":7},{"damage":27,"enemies":"Slavers","floor":25,"turns":2}],"seed_played":"5196914727539131732","potions_obtained":[{"floor":1.0,"key":"Fruit Juice"},{"floor":2.0,"key":"Ancient Potion"},{"floor":2.0,"key":"Adrenaline Potion"},{"floor":4.0,"key":"Fire Potion"},{"floor":14.0,"key":"champ:CounterPotion"},{"floor":18.0,"key":"GamblersBrew"},{"floor":23,"key":"BlessingOfTheForge"}],"is_trial":false,"path_per_floor":["M","?","?","M","?","R","E","?","T","E","M","?","R","E","R","B",null,"M","AVR","?","?","M","E","R","E"],"character_chosen":"IRONCLAD","items_purchased":[],"campfire_rested":2,"item_purchase_floors":[],"current_hp_per_floor":[74,50,50,56,62,81,88,88,88,64,67,67,67,53,80,26,59,47,47,47,47,27,21,21,0,0],"gold":324,"neow_bonus":"THREE_ENEMY_KILL","is_daily":false,"chose_seed":false,"campfire_upgraded":2,"win_rate":0.0,"timestamp":1608586546,"path_taken":["M","?","?","?","?","R","E","?","T","E","M","?","R","E","R","BOSS","M","AVR","?","?","?","E","R","E"],"items_purchased_type":[],"build_version":"2020-12-13","purchased_purges":0,"victory":false,"max_hp_per_floor":[75,75,75,75,81,81,88,88,88,93,93,93,93,93,93,93,70,70,70,70,70,70,70,70,70,70],"card_choices":[{"not_picked":["ReplayTheSpireMod:Corrosion Curse","Metallicize","ReplayReversal"],"picked":"SKIP","floor":1.0},{"not_picked":["Defy Death","Wild Strike"],"picked":"Inflame","floor":2.0},{"not_picked":["Massacre","Clothesline","Rampage"],"picked":"SKIP","floor":4.0},{"not_picked":["Rampage","Clothesline"],"picked":"Reckless Charge","floor":7.0},{"not_picked":["StuffTheSpire:Slingshot","Clash"],"picked":"Perfected Strike","floor":10.0},{"not_picked":["Demon Form+1","StuffTheSpire:Incineration"],"picked":"Uppercut","floor":11.0},{"not_picked":["Feel No Pain+1","Clash"],"picked":"ReplayTheSpireMod:Limb From Limb","floor":14.0},{"not_picked":["Juggernaut+1","Fiend Fire"],"picked":"Bludgeon","floor":16.0},{"not_picked":["ReplayTheSpireMod:Strike From Hell","Headbutt"],"picked":"Replay:Undeath\u0027s Touch","floor":18.0},{"not_picked":["Body Slam","Battle Trance"],"picked":"Shrug It Off+1","floor":22.0},{"not_picked":["ReplayTheSpireMod:Corrosion Curse","Replay:Undeath\u0027s Touch"],"picked":"Armaments","floor":23}],"player_experience":2611175,"relics_obtained":[{"floor":7.0,"key":"Strawberry"},{"floor":9.0,"key":"Red Skull"},{"floor":10.0,"key":"aspiration:AnachronicSnailShell"},{"floor":14.0,"key":"Calipers"},{"floor":23,"key":"StuffTheSpire:Barrel"}],"event_choices":[{"damage_healed":0.0,"max_hp_gain":0.0,"max_hp_loss":0.0,"gold_gain":0.0,"event_name":"WeMeetAgain","player_choice":"Gave Potion","floor":3.0,"gold_loss":0.0,"damage_taken":0.0,"relics_obtained":["ReplayTheSpireMod:Spearhead"]},{"damage_healed":0.0,"max_hp_gain":0.0,"max_hp_loss":0.0,"gold_gain":0.0,"event_name":"betterThird:BetterSerpent","player_choice":"RENOUNCE","floor":5.0,"gold_loss":171.0,"damage_taken":171.0,"cards_obtained":["Enlightenment"]},{"damage_healed":0.0,"max_hp_gain":0.0,"max_hp_loss":0.0,"gold_gain":58.0,"event_name":"Golden Wing","player_choice":"Gained Gold","floor":12.0,"gold_loss":0.0,"damage_taken":0.0},{"damage_healed":0.0,"max_hp_gain":0.0,"max_hp_loss":0.0,"gold_gain":0.0,"event_name":"Ghosts","player_choice":"Ignored","floor":20.0,"gold_loss":0.0,"damage_taken":0.0},{"cards_removed":["Defend_R"],"damage_healed":0.0,"max_hp_gain":0.0,"max_hp_loss":0.0,"gold_gain":0.0,"event_name":"Purifier","player_choice":"Purged","floor":21.0,"gold_loss":0.0,"damage_taken":0.0}],"is_beta":false,"boss_relics":[{"not_picked":["Replay:Wanted Poster","StuffTheSpire:RunicConfusion"],"picked":"Replay:Drink Me"}],"items_purged_floors":[],"is_endless":false,"potions_floor_spawned":[1,4,7,14,18,23],"killed_by":"Slavers","ascension_level":20}}