{"host":"7vidw0fny0glz923","time":1608566922,"event":{"mods":["ATMod(阿瑾Mod)","Act Like it!","BaseMod","Challenge The Spire","Downfall","Friendly Minions","HololiveMod","KinomotoSakuraMod(木之本樱)","Kiyohime（清姬）","KomeijiMod","Lobotomy","LobotomyExtend","Marisa（F雨　魔理沙）","Minty Spire (QoL Compilation)","MostiFishMod","Pale of the Ancients","READ ME - Guardian Mod","Reimu（博丽灵梦）","Remilia（蕾米莉亚）","Replay The Spire","RumiaBox-露米娅的神秘盒子","Shop Mod","StSLib","TestMod","The Cursed","The Jungle","The Poker Player","The Servant 0.9.4","Youmu（魂魄妖梦）","[地精首领爬塔]The Maniac","【东方二次创作】八云紫mod","【遗物卡牌】REMEMod"],"gold_per_floor":[113,131,142,142,142,177,177,208,208,219,231,248,248,282,282,356,356,372,86,86,86,86,86,104,121,121,154,164,180,180,190,190,261,261,271,271,284,284,304,304,349,349,375,161,161,175,75,75,75],"floor_reached":48,"playtime":1965,"items_purged":["Defend_P","Strike_P","Confused"],"score":1571,"play_id":"562003df-17eb-4a12-9ba9-28b8d0d1e953","local_time":"20201221160842","is_ascension_mode":true,"campfire_choices":[{"data":"Eruption","floor":7,"key":"SMITH"},{"data":"Adaptation","floor":15,"key":"SMITH"},{"data":"Seek","floor":23,"key":"SMITH"},{"data":"Evaluate","floor":32,"key":"SMITH"},{"data":"MostiFishMod:MemoryFragments","floor":40,"key":"SMITH"},{"floor":45,"key":"RECALL"}],"circlet_count":0,"master_deck":["AscendersBane","Strike_P","Strike_P","Defend_P","Defend_P","Defend_P","Eruption+1","Vigilance","AT_BreakingExtremeWeapon","Seek+1","UniverseFragment","BattleHymn+1","HappyTeddy","Consecrate","Evaluate+1","Wellcheers","Adaptation+1","VoidDream","BowlingBash","SnowQueen","ShyLook","Laetitia","Protect+1","Establishment","Voices","MostiFishMod:MemoryFragments+1","EmptyFist+1"],"relics":["testmod-TestBox","DaveBox","REME_ComplimentaryCards","AT_ATBox","Medical Kit","testmod-ChristmasGift","CogitoBucket","RabbitCall","Question Card","LetterFromLob","Replay:M_StaffOfTheSnake","RedMistMask","Yang","Bird Faced Urn","StoneCalendar","LuminousBracelet","Divine Protection","GodSword5","ImportantClient","RedLine:ReiMu","BackwardClock","Molten Egg 2","GreatHeart","AT_Manta","Potion Belt","AtMidnight","ChangeAnything","ReplayTheSpireMod:Ring of Exchange","ReplayTheSpireMod:Ring of Addiction","Chameleon Ring","SacredBark","DianDianMeat","CeramicFish","ChiLing","Chi","Ling"],"acts_visited":["Exordium","TheCity","TheBeyond"],"potions_floor_usage":[27,33,37,37,37],"damage_taken":[{"damage":0,"enemies":"2 Louse","floor":1,"turns":2},{"damage":19,"enemies":"Jaw Worm","floor":2,"turns":3},{"damage":0,"enemies":"Cultist","floor":3,"turns":2},{"damage":19,"enemies":"3 Sentries","floor":6,"turns":5},{"damage":0,"enemies":"Gremlin Nob","floor":8,"turns":2},{"damage":17,"enemies":"Blue Slaver","floor":10,"turns":3},{"damage":3,"enemies":"Lots of Slimes","floor":11,"turns":2},{"damage":6,"enemies":"Looter","floor":12,"turns":2},{"damage":0,"enemies":"Lagavulin","floor":14,"turns":5},{"damage":10,"enemies":"Hexaghost","floor":16,"turns":8},{"damage":38,"enemies":"Shell Parasite","floor":18,"turns":4},{"damage":0,"enemies":"3 Byrds","floor":24,"turns":2},{"damage":0,"enemies":"Centurion and Healer","floor":25,"turns":2},{"damage":0,"enemies":"Gremlin Leader","floor":27,"turns":1},{"damage":0,"enemies":"Cultist and Chosen","floor":28,"turns":2},{"damage":0,"enemies":"Snake Plant","floor":29,"turns":5},{"damage":11,"enemies":"Shelled Parasite and Fungi","floor":31,"turns":2},{"damage":0,"enemies":"Pondfish","floor":33,"turns":6},{"damage":0,"enemies":"Orb Walker","floor":35,"turns":2},{"damage":32,"enemies":"3 Darklings","floor":37,"turns":7},{"damage":0,"enemies":"Jaw Worm Horde","floor":39,"turns":2},{"damage":0,"enemies":"2 Orb Walkers","floor":41,"turns":1},{"damage":0,"enemies":"Sphere and 2 Shapes","floor":46,"turns":2},{"damage":36,"enemies":"Writhing Mass","floor":48,"turns":2}],"seed_played":"615135138564357200","potions_obtained":[{"floor":2,"key":"Fire Potion"},{"floor":8,"key":"Swift Potion"},{"floor":25,"key":"Adrenaline Potion"},{"floor":27,"key":"champ:CounterPotion"},{"floor":28,"key":"LiquidMemories"},{"floor":30,"key":"MagicPotion:ReiMu"},{"floor":31,"key":"PowerPotion"},{"floor":39,"key":"Milkshake"}],"is_trial":false,"path_per_floor":["M","M","M","?","?","E","R","E","T","M","M","M","?","E","R","B",null,"M","$","?","?","?","R","M","M","T","E","M","M","?","M","R","B",null,"M","?","M","?","M","R","?","T","T","$","R","M","$","M"],"character_chosen":"WATCHER","items_purchased":["Molten Egg 2","ChiLing"],"campfire_rested":0,"item_purchase_floors":[19,44],"current_hp_per_floor":[62,49,54,47,47,39,39,42,42,46,46,49,49,70,70,73,73,60,60,60,60,60,60,63,63,63,63,63,53,53,46,46,53,53,43,43,31,31,41,41,39,39,39,37,37,37,35,0,0],"gold":75,"neow_bonus":"","is_daily":false,"chose_seed":false,"campfire_upgraded":5,"win_rate":0.0,"timestamp":1608566922,"path_taken":["M","M","M","?","?","E","R","E","T","M","?","M","?","E","R","BOSS","M","$","?","?","?","R","M","M","T","E","M","?","?","M","R","BOSS","M","?","M","?","M","R","?","?","T","$","R","M","$","M"],"items_purchased_type":["Relic","Relic"],"build_version":"2020-12-13","purchased_purges":3,"victory":false,"max_hp_per_floor":[68,68,68,68,68,68,68,68,68,83,83,83,83,83,83,73,73,63,63,63,63,63,63,63,63,63,63,63,53,53,53,53,53,53,43,43,41,41,41,41,39,39,39,37,37,37,35,35,35],"card_choices":[{"not_picked":["SilentOrchestra","Bloodbath","MeatLantern"],"picked":"Singing Bowl","floor":1},{"not_picked":["OSAHOGD","VoidDream"],"picked":"UniverseFragment","floor":1},{"not_picked":["ClearTheMind","Pray","WaveOfTheHand"],"picked":"SKIP","floor":1},{"not_picked":["FairyFestival","OldLady","Scorched"],"picked":"Singing Bowl","floor":2},{"not_picked":["WheelKick","Pray","Collect","Replay:ManipulateFuture"],"picked":"SKIP","floor":2},{"not_picked":["GalaxyChild","FairyFestival","Scorched"],"picked":"Singing Bowl","floor":3},{"not_picked":["EmptyBody","FlurryOfBlows","Protect"],"picked":"BattleHymn","floor":3},{"not_picked":["FairyFestival","ShyLook","MHz"],"picked":"Singing Bowl","floor":6},{"not_picked":["ReachHeaven","Dagger Throw","Swivel","Replay:Hum"],"picked":"SKIP","floor":6},{"not_picked":["OSAHOGD","Bloodbath"],"picked":"HappyTeddy","floor":8},{"not_picked":["Replay:DivineShield","EmptyFist","JustLucky"],"picked":"Consecrate","floor":8},{"not_picked":["Flying Knee","Study","CrushJoints"],"picked":"Evaluate","floor":10},{"not_picked":["FairyFestival","OSAHOGD"],"picked":"Wellcheers","floor":11},{"not_picked":["PathToVictory","Replay:Cycle","REME_Repentance"],"picked":"Adaptation","floor":11},{"not_picked":["PunishingBird","Murderer"],"picked":"VoidDream","floor":12},{"not_picked":["Evaluate","DeceiveReality","MostiFishMod:StarLaLaLa"],"picked":"BowlingBash","floor":12},{"not_picked":["Halt","Indignation","Adaptation","Replay:Vibes"],"picked":"SKIP","floor":14},{"not_picked":["Bloodbath","PunishingBird"],"picked":"SnowQueen","floor":16},{"not_picked":["BlackArmy","Porccubus"],"picked":"ShyLook","floor":18},{"not_picked":["Protect","SashWhip+1","FlyingSleeves","AT_ChampionStep"],"picked":"SKIP","floor":18},{"not_picked":["CrushJoints+1","FlurryOfBlows+1","ClearTheMind","PathToVictory"],"picked":"SKIP","floor":24},{"not_picked":["Wireheading","ForeignInfluence","Replay:ManipulateFuture","Consecrate+1"],"picked":"SKIP","floor":25},{"not_picked":["CrushJoints+1","MostiFishMod:Adaptation","Vengeance","Meditate"],"picked":"SKIP","floor":27},{"not_picked":["Scorched","BigBird","Woodsman"],"picked":"Singing Bowl","floor":28},{"not_picked":["QueenBee","CherryBlossoms"],"picked":"Laetitia","floor":28},{"not_picked":["REME_WorshipGod","FlurryOfBlows+1","Replay:Hum"],"picked":"Protect+1","floor":28},{"not_picked":["WheelKick+1","ClearTheMind","Study"],"picked":"Establishment","floor":29},{"not_picked":["ThirdEye","InnerPeace+1","Evaluate","Fasting2"],"picked":"SKIP","floor":31},{"not_picked":["MostiFishMod:Moonprays","MostiFishMod:PathToVictory","MostiFishMod:KamiSmash+1"],"picked":"MostiFishMod:MemoryFragments","floor":33},{"not_picked":["Prostrate","Alpha","InnerPeace+1"],"picked":"EmptyFist+1","floor":35},{"not_picked":["Replay:ManipulateFuture","FlyingSleeves+1","Pray","Prostrate+1"],"picked":"SKIP","floor":37},{"not_picked":["EmptyFist+1","REME_Repentance","Swivel+1","Halt"],"picked":"SKIP","floor":39},{"not_picked":["AT_SoftenMuscles","Replay:ManipulateFuture","FollowUp+1","Replay:BluntJabs+1"],"picked":"SKIP","floor":46}],"player_experience":882453,"relics_obtained":[{"floor":1,"key":"Question Card"},{"floor":1,"key":"LetterFromLob"},{"floor":6,"key":"RedMistMask"},{"floor":6,"key":"Yang"},{"floor":8,"key":"Bird Faced Urn"},{"floor":9,"key":"StoneCalendar"},{"floor":14,"key":"GodSword5"},{"floor":16,"key":"ImportantClient"},{"floor":26,"key":"AT_Manta"},{"floor":27,"key":"Potion Belt"},{"floor":29,"key":"AtMidnight"},{"floor":30,"key":"ReplayTheSpireMod:Ring of Exchange"},{"floor":30,"key":"ReplayTheSpireMod:Ring of Addiction"},{"floor":30,"key":"Chameleon Ring"},{"floor":30,"key":"SacredBark"},{"floor":41,"key":"DianDianMeat"},{"floor":43,"key":"CeramicFish"}],"event_choices":[{"cards_removed":["Strike_P"],"damage_healed":0,"gold_gain":0,"player_choice":"Card Removal","damage_taken":7,"max_hp_gain":0,"max_hp_loss":0,"event_name":"Golden Wing","floor":4,"gold_loss":0},{"damage_healed":0,"gold_gain":0,"player_choice":"Gave Potion","damage_taken":0,"relics_obtained":["Divine Protection"],"max_hp_gain":0,"max_hp_loss":0,"event_name":"WeMeetAgain","floor":13,"gold_loss":0},{"damage_healed":0,"gold_gain":0,"player_choice":"Ignored","damage_taken":0,"max_hp_gain":0,"max_hp_loss":0,"event_name":"Vampires","floor":20,"gold_loss":0},{"damage_healed":0,"gold_gain":0,"player_choice":"Upgraded","damage_taken":0,"max_hp_gain":0,"max_hp_loss":0,"event_name":"Upgrade Shrine","floor":22,"gold_loss":0,"cards_upgraded":["BattleHymn"]},{"damage_healed":0,"gold_gain":0,"player_choice":"Fight","damage_taken":0,"max_hp_gain":0,"max_hp_loss":0,"event_name":"Mysterious Sphere","floor":41,"gold_loss":0}],"is_beta":false,"boss_relics":[{"not_picked":["Fusion Hammer","REME_DemonsWealth"],"picked":"RedLine:ReiMu"},{"not_picked":["OneHitWonderSystem","REME_OnlineShoppingPlatform","GuanYuAspect"]}],"items_purged_floors":[19,44,47],"is_endless":false,"potions_floor_spawned":[2,8,11,25,27,28,31,39,41],"killed_by":"Writhing Mass","ascension_level":17}}