{"host":"61r95uy0hn86b9iu","time":1608514114,"event":{"mods":["AchievementEnabler","BaseMod","Better Vampires","BetterRewards","Colored Powertips","Hubris","Minty Spire (QoL Compilation)","Shop Mod","StSLib"],"gold_per_floor":[109,120,39,56,72,72,105,105,129,129,129],"floor_reached":10,"playtime":245,"items_purged":[],"score":136,"play_id":"71aaa670-1b93-44f8-9577-a275576f9e4b","local_time":"20201220192834","is_ascension_mode":true,"campfire_choices":[{"floor":6,"key":"REST"},{"floor":8,"key":"REST"}],"circlet_count":0,"master_deck":["AscendersBane","Strike_G","Strike_G","Strike_G+1","Strike_G+1","Strike_G","Defend_G","Defend_G","Defend_G","Defend_G+1","Defend_G","Survivor","Neutralize","Caltrops","Adrenaline+1","hubris:SlightOfHand","Bouncing Flask"],"relics":["Ring of the Snake","NeowsBlessing","Whetstone","War Paint"],"acts_visited":[],"potions_floor_usage":[7],"damage_taken":[{"damage":0,"enemies":"Cultist","floor":1,"turns":1},{"damage":0,"enemies":"Jaw Worm","floor":2,"turns":1},{"damage":0,"enemies":"2 Louse","floor":4,"turns":1},{"damage":26,"enemies":"Gremlin Gang","floor":5,"turns":6},{"damage":50,"enemies":"Gremlin Nob","floor":7,"turns":5},{"damage":52,"enemies":"3 Sentries","floor":10,"turns":8}],"seed_played":"526798548411488996","potions_obtained":[{"floor":1,"key":"FairyPotion"},{"floor":5,"key":"Swift Potion"}],"is_trial":false,"path_per_floor":["M","M","$","M","M","R","E","R","T","E"],"character_chosen":"THE_SILENT","items_purchased":["Adrenaline"],"campfire_rested":2,"item_purchase_floors":[3],"current_hp_per_floor":[59,59,59,59,33,52,2,21,21,0,0],"gold":129,"neow_bonus":"THREE_ENEMY_KILL","is_daily":false,"chose_seed":false,"campfire_upgraded":0,"win_rate":0.0,"timestamp":1608514114,"path_taken":["M","?","$","?","M","R","E","R","T","E"],"items_purchased_type":["Card"],"build_version":"2020-12-13","purchased_purges":0,"victory":false,"max_hp_per_floor":[66,66,66,66,66,66,66,66,66,66,66],"card_choices":[{"not_picked":["Prepared","Quick Slash","Concentrate"],"picked":"SKIP","floor":1},{"not_picked":["Skewer","Eviscerate"],"picked":"Caltrops","floor":2},{"not_picked":["hubris:TrickCloak","Dagger Throw"],"picked":"hubris:SlightOfHand","floor":4},{"not_picked":["Quick Slash","Setup","Flying Knee"],"picked":"SKIP","floor":5},{"not_picked":["hubris:SlightOfHand","Blur"],"picked":"Bouncing Flask","floor":7}],"player_experience":3202314,"relics_obtained":[{"floor":7,"key":"Whetstone"},{"floor":9,"key":"War Paint"}],"event_choices":[],"is_beta":false,"boss_relics":[],"items_purged_floors":[],"is_endless":false,"potions_floor_spawned":[1,5],"killed_by":"3 Sentries","ascension_level":20}}