{"host":"f14d6hm2349s9jse","time":1608518278,"event":{"mods":["2.2 Compatiblity","BaseMod","Minty Spire (QoL Compilation)","StSLib","The Marked"],"gold_per_floor":[118,118,136,155,167,199,199,231,231,33,51,51,63,82,82,185,185,195,195,195,210,210,210,237,237,237,257,277,303,320,320,320,416,416,427,444,463,463,474,474,474,489,514,547,557,569,569,601,601,601,601,601,33,66,66,66],"floor_reached":55,"playtime":2693,"items_purged":[],"score":808,"play_id":"ccda8257-06c5-4d4e-a955-5b235bfe7078","local_time":"20201220213758","is_ascension_mode":false,"campfire_choices":[{"data":"theMarked:SoldierOfQuellstein","floor":7,"key":"SMITH"},{"data":"theMarked:SoldierForm","floor":12,"key":"SMITH"},{"floor":15,"key":"REST"},{"data":"theMarked:ComboAttacks","floor":23,"key":"SMITH"},{"floor":25,"key":"REST"},{"floor":32,"key":"REST"},{"floor":40,"key":"REST"},{"floor":47,"key":"REST"},{"floor":49,"key":"RECALL"},{"data":"theMarked:SoldierForm","floor":52,"key":"SMITH"}],"circlet_count":0,"master_deck":["theMarked:Strike","theMarked:Strike","theMarked:Strike","theMarked:Strike","theMarked:Defend","theMarked:Defend","theMarked:Defend","theMarked:Defend","theMarked:SoldierOfQuellstein+1","theMarked:ComboAttacks+1","theMarked:SwordAndMagic","theMarked:SwordAndMagic","theMarked:SoldierForm+1","theMarked:EmpowerWeapon","theMarked:SummonStrength","theMarked:SwordAndMagic","theMarked:TakeCover","theMarked:EmpowerWeapon","theMarked:StartUp","theMarked:BanishingWave","theMarked:BindingBlade+1","theMarked:BanishingStrike+1","theMarked:TwofoldDefense","theMarked:HeritageOfTheMarked+1","theMarked:EmpowerWeapon","Injury","theMarked:DeterminationOfTheMarked","theMarked:DeterminationOfTheMarked+1","theMarked:BanishingStrike+1","theMarked:BanishingStrike+1","theMarked:SelfDefenseTraining+1","theMarked:BanishingStrike+1","theMarked:SoldierForm+1","theMarked:RogueSparks","theMarked:BanishingStrike+1","theMarked:MysticalArsenal+1","theMarked:EmpowerWeapon+1","Parasite","theMarked:TakeOffHeels","theMarked:WardOff+1","theMarked:WardOff","theMarked:Overcharge+1","theMarked:KeepCalmAndFightOn+1"],"relics":["Cursed Key","Prayer Wheel","Ancient Tea Set","Pear","Black Star","Blue Candle","Art of War","Molten Egg 2","Pantograph","The Courier","Busted Crown","Eternal Feather","Ginger","Potion Belt","PreservedInsect","Lantern","Ornamental Fan","Bottled Tornado","Bird Faced Urn","Mummified Hand"],"acts_visited":["Exordium","TheCity","TheBeyond","TheEnding"],"potions_floor_usage":[6,14,21,24,37,37,39,44,48,50,55,55],"damage_taken":[{"damage":0,"enemies":"Cultist","floor":1,"turns":3},{"damage":0,"enemies":"2 Louse","floor":3,"turns":1},{"damage":1,"enemies":"Jaw Worm","floor":4,"turns":3},{"damage":1,"enemies":"Large Slime","floor":5,"turns":5},{"damage":4,"enemies":"Lagavulin","floor":6,"turns":5},{"damage":22,"enemies":"3 Sentries","floor":8,"turns":6},{"damage":5,"enemies":"Looter","floor":11,"turns":3},{"damage":14,"enemies":"Exordium Thugs","floor":13,"turns":3},{"damage":2,"enemies":"Blue Slaver","floor":14,"turns":3},{"damage":38,"enemies":"Hexaghost","floor":16,"turns":6},{"damage":9,"enemies":"Chosen","floor":18,"turns":4},{"damage":7,"enemies":"2 Thieves","floor":21,"turns":3},{"damage":21,"enemies":"Book of Stabbing","floor":24,"turns":4},{"damage":14,"enemies":"Centurion and Healer","floor":27,"turns":3},{"damage":24,"enemies":"3 Cultists","floor":28,"turns":4},{"damage":10,"enemies":"Gremlin Leader","floor":29,"turns":5},{"damage":15,"enemies":"Snecko","floor":30,"turns":3},{"damage":90,"enemies":"Automaton","floor":33,"turns":7},{"damage":17,"enemies":"Orb Walker","floor":35,"turns":3},{"damage":36,"enemies":"3 Darklings","floor":36,"turns":5},{"damage":31,"enemies":"Writhing Mass","floor":37,"turns":5},{"damage":0,"enemies":"Sphere and 2 Shapes","floor":39,"turns":3},{"damage":13,"enemies":"3 Darklings","floor":42,"turns":4},{"damage":12,"enemies":"Reptomancer","floor":44,"turns":4},{"damage":10,"enemies":"Transient","floor":45,"turns":5},{"damage":30,"enemies":"Maw","floor":46,"turns":6},{"damage":1,"enemies":"Giant Head","floor":48,"turns":5},{"damage":74,"enemies":"Time Eater","floor":50,"turns":7},{"damage":69,"enemies":"Shield and Spear","floor":54,"turns":5},{"damage":63,"enemies":"The Heart","floor":55,"turns":3}],"seed_played":"4713437250455700893","potions_obtained":[{"floor":3,"key":"FairyPotion"},{"floor":5,"key":"EssenceOfSteel"},{"floor":6,"key":"Weak Potion"},{"floor":11,"key":"Block Potion"},{"floor":13,"key":"Fruit Juice"},{"floor":21,"key":"Fruit Juice"},{"floor":28,"key":"LiquidMemories"},{"floor":33,"key":"LiquidMemories"},{"floor":36,"key":"Weak Potion"},{"floor":39,"key":"SkillPotion"},{"floor":42,"key":"Energy Potion"},{"floor":48,"key":"SpeedPotion"},{"floor":54,"key":"Explosive Potion"}],"is_trial":false,"path_per_floor":["M","?","M","M","M","E","R","E","T","$","M","R","M","M","R","B",null,"M","?","?","M","$","R","E","R","T","M","M","E","M","?","R","B",null,"M","M","M","?","M","R","?","M","T","E","M","M","R","E","R","B",null,"R","$","E","B"],"character_chosen":"THE_DEFAULT","items_purchased":["theMarked:SoldierForm","theMarked:EmpowerWeapon","Lantern","Ornamental Fan","Bottled Tornado","Dexterity Potion"],"campfire_rested":5,"item_purchase_floors":[10,10,53,53,53,53],"current_hp_per_floor":[70,70,70,69,68,64,64,42,52,52,47,47,33,36,61,23,85,76,76,76,69,69,69,53,80,80,66,42,32,17,17,44,27,90,73,37,6,6,6,33,79,66,66,54,44,14,61,60,79,5,79,79,79,10,0,0],"gold":66,"neow_bonus":"BOSS_RELIC","is_daily":false,"chose_seed":false,"campfire_upgraded":4,"win_rate":0.0,"timestamp":1608518278,"path_taken":["M","?","?","M","M","E","R","E","T","?","M","R","?","M","R","BOSS","M","?","?","?","$","R","E","R","T","M","M","E","?","?","R","BOSS","M","M","?","?","M","R","?","M","T","E","M","M","R","E","R","BOSS","R","$","E","BOSS"],"items_purchased_type":["Card","Card","Relic","Relic","Relic","Potion"],"build_version":"2020-12-13","purchased_purges":0,"victory":false,"max_hp_per_floor":[70,70,70,70,70,70,70,70,80,80,80,80,80,85,85,85,85,85,85,85,85,85,85,90,90,90,90,90,90,90,90,90,90,90,90,90,90,90,90,90,79,79,79,79,79,79,79,79,79,79,79,79,79,79,79,79],"card_choices":[{"not_picked":["theMarked:Electrocute","theMarked:RepellingDischarge"],"picked":"theMarked:SwordAndMagic","floor":1},{"not_picked":["theMarked:SwordAndMagic","theMarked:WastefulAttack"],"picked":"theMarked:ComboAttacks","floor":3},{"not_picked":["theMarked:EmpowerWeapon","theMarked:MaelstromOfLightning"],"picked":"theMarked:SwordAndMagic","floor":4},{"not_picked":["theMarked:TunnelVision","theMarked:ElectricStrings","theMarked:GodGivenPower"],"picked":"SKIP","floor":5},{"not_picked":["theMarked:WastefulAttack","theMarked:ResourceFulStrike"],"picked":"theMarked:SwordAndMagic","floor":6},{"not_picked":["theMarked:Frustration","theMarked:Static","theMarked:Electrocute"],"picked":"SKIP","floor":8},{"not_picked":["theMarked:Indomitable","theMarked:ResourceFulStrike"],"picked":"theMarked:SummonStrength","floor":11},{"not_picked":["theMarked:Improvise","theMarked:ContemptForTheProud"],"picked":"theMarked:SwordAndMagic","floor":11},{"not_picked":["theMarked:ChainLightning","theMarked:Electrocute"],"picked":"theMarked:TakeCover","floor":13},{"not_picked":["theMarked:SwordAndMagic","theMarked:MagicAdept"],"picked":"theMarked:EmpowerWeapon","floor":13},{"not_picked":["theMarked:SelfDefenseTraining","theMarked:Parkour"],"picked":"theMarked:StartUp","floor":14},{"not_picked":["theMarked:ReduceFriction","theMarked:ChainLightning"],"picked":"theMarked:BanishingWave","floor":14},{"not_picked":["theMarked:Challenge","theMarked:SummonStrength"],"picked":"theMarked:BindingBlade","floor":16},{"not_picked":["theMarked:RepellingDischarge","theMarked:Overthink"],"picked":"theMarked:BanishingStrike+1","floor":18},{"not_picked":["theMarked:WastefulAttack","theMarked:ChainLightning+1"],"picked":"theMarked:TwofoldDefense","floor":18},{"not_picked":["theMarked:ReduceFriction","theMarked:MuscleMemory"],"picked":"theMarked:HeritageOfTheMarked+1","floor":21},{"not_picked":["theMarked:Parkour","theMarked:Static+1","theMarked:ResourceFulStrike"],"picked":"SKIP","floor":21},{"not_picked":["theMarked:ResourceFulStrike","theMarked:ThrowWeapon"],"picked":"theMarked:EmpowerWeapon","floor":24},{"not_picked":["theMarked:Improvise","theMarked:Indomitable"],"picked":"theMarked:DeterminationOfTheMarked","floor":27},{"not_picked":["theMarked:PowerFlow+1","theMarked:Improvise+1"],"picked":"theMarked:DeterminationOfTheMarked+1","floor":27},{"not_picked":["theMarked:SelfDefenseTraining+1","theMarked:Convert"],"picked":"theMarked:BanishingStrike+1","floor":28},{"not_picked":["theMarked:Static+1","theMarked:Overthink","theMarked:RepellingDischarge"],"picked":"SKIP","floor":28},{"not_picked":["theMarked:Overcharge","theMarked:Frustration+1"],"picked":"theMarked:BanishingStrike+1","floor":29},{"not_picked":["theMarked:Seal","theMarked:TurnInvisible"],"picked":"theMarked:SelfDefenseTraining+1","floor":30},{"not_picked":["theMarked:ElectricStrings+1","theMarked:Improvise"],"picked":"theMarked:BanishingStrike+1","floor":30},{"not_picked":["theMarked:TurnInvisible","theMarked:SummonStrength"],"picked":"theMarked:SoldierForm","floor":33},{"not_picked":[],"picked":"theMarked:RogueSparks","floor":35},{"not_picked":["theMarked:Frustration+1"],"picked":"SKIP","floor":35},{"not_picked":["theMarked:Parkour+1"],"picked":"SKIP","floor":36},{"not_picked":["theMarked:ShockingTouch+1"],"picked":"SKIP","floor":36},{"not_picked":[],"picked":"theMarked:BanishingStrike+1","floor":37},{"not_picked":["theMarked:Electrocute+1"],"picked":"SKIP","floor":37},{"not_picked":[],"picked":"theMarked:MysticalArsenal+1","floor":39},{"not_picked":["theMarked:Static"],"picked":"SKIP","floor":39},{"not_picked":[],"picked":"theMarked:EmpowerWeapon+1","floor":42},{"not_picked":["theMarked:CreepingChasm"],"picked":"SKIP","floor":42},{"not_picked":[],"picked":"theMarked:TakeOffHeels","floor":44},{"not_picked":[],"picked":"theMarked:WardOff+1","floor":45},{"not_picked":[],"picked":"theMarked:WardOff","floor":45},{"not_picked":[],"picked":"theMarked:Overcharge+1","floor":46},{"not_picked":["theMarked:ElectricStrings+1"],"picked":"SKIP","floor":46},{"not_picked":[],"picked":"theMarked:KeepCalmAndFightOn+1","floor":48},{"not_picked":["theMarked:Parkour+1"],"picked":"SKIP","floor":54}],"player_experience":2472571,"relics_obtained":[{"floor":6,"key":"Prayer Wheel"},{"floor":8,"key":"Ancient Tea Set"},{"floor":9,"key":"Pear"},{"floor":24,"key":"Blue Candle"},{"floor":24,"key":"Art of War"},{"floor":26,"key":"Molten Egg 2"},{"floor":29,"key":"Pantograph"},{"floor":29,"key":"The Courier"},{"floor":44,"key":"Eternal Feather"},{"floor":44,"key":"Ginger"},{"floor":48,"key":"Potion Belt"},{"floor":48,"key":"PreservedInsect"},{"floor":54,"key":"Bird Faced Urn"},{"floor":54,"key":"Mummified Hand"}],"event_choices":[{"cards_removed":["theMarked:Strike"],"damage_healed":0,"gold_gain":0,"player_choice":"Card Removal","damage_taken":0,"max_hp_gain":0,"max_hp_loss":0,"event_name":"Wheel of Change","floor":2,"gold_loss":0},{"damage_healed":0,"gold_gain":0,"player_choice":"Ignored","damage_taken":0,"max_hp_gain":0,"max_hp_loss":0,"event_name":"Vampires","floor":19,"gold_loss":0},{"cards_removed":["Normality"],"damage_healed":0,"gold_gain":0,"player_choice":"Purged","damage_taken":0,"max_hp_gain":0,"max_hp_loss":0,"event_name":"Purifier","floor":20,"gold_loss":0},{"damage_healed":0,"gold_gain":0,"player_choice":"Upgraded","damage_taken":0,"max_hp_gain":0,"max_hp_loss":0,"event_name":"Upgrade Shrine","floor":31,"gold_loss":0,"cards_upgraded":["theMarked:BindingBlade"]},{"cards_removed":["theMarked:SwordAndMagic"],"damage_healed":0,"gold_gain":0,"player_choice":"Removed Attack","damage_taken":0,"max_hp_gain":0,"max_hp_loss":0,"event_name":"Falling","floor":38,"gold_loss":0},{"damage_healed":79,"gold_gain":0,"player_choice":"Heal","damage_taken":0,"max_hp_gain":0,"max_hp_loss":11,"event_name":"The Moai Head","floor":41,"gold_loss":0}],"is_beta":false,"boss_relics":[{"not_picked":["Calling Bell","SlaversCollar"],"picked":"Black Star"},{"not_picked":["Astrolabe","Tiny House"],"picked":"Busted Crown"}],"items_purged_floors":[],"is_endless":false,"potions_floor_spawned":[3,5,6,11,13,21,28,33,36,39,42,48,54],"killed_by":"The Heart","ascension_level":0}}