{"host":"uc9rcmnrswh1l0kc","time":1608519669,"event":{"mods":["2.2 Compatiblity","A Magickal Journey","Aspiration","BaseMod","Bestiary","Better Altar","Better Third Choice","BetterRewards","Block Reminder","Colorless Booster Pack","Conspire","Defective Defect","Defuse TimeMaze Blight","Displayed Cursed Tome","Ekko","Energized Spire","GifTheSpireLib","Infinite Spire","Ironclad Rager","Minty Spire (QoL Compilation)","Rare Cards Sparkle","Red Circlet Mod","Relic Stats","Replay The Spire","SacredBarkPlus","Shop Mod","Spicy Shops","StSLib","Stuff the Spire","The Blackbeard","The Bladedancer","The Blue Laboratory","The Death Knight","The Edgeheg","The Necromancer","Uncapped","Watcher Patcher","everything is the same but u backflip on backflip","vexMod"],"gold_per_floor":[117,133,144,144,144,171,171,197,247,264,264,131,131,131,131,131,131],"floor_reached":16,"playtime":542,"items_purged":["Decay"],"score":108,"play_id":"698e8a1d-ac71-4cae-a61b-1c1131b254f3","local_time":"20201220220109","is_ascension_mode":false,"campfire_choices":[{"data":"blademaster:AspectOfLightning","floor":7,"key":"SMITH"},{"data":"blademaster:Sharpen","floor":13,"key":"SMITH"},{"data":"blademaster:AwakeningDefend","floor":15,"key":"SMITH"}],"circlet_count":0,"master_deck":["blademaster:Strike","blademaster:Strike","blademaster:Strike","blademaster:Strike","blademaster:Defend","blademaster:Defend","blademaster:Defend","blademaster:Defend","blademaster:RagingBlow","blademaster:HighVoltage","blademaster:Safeguard","blademaster:AspectOfLightning+1","blademaster:Sharpen+1","blademaster:DaggerAndCloak","blademaster:Thrust","blademaster:DaggerAndCloak","Doubt","blademaster:AwakeningDefend+1","blademaster:Flash"],"relics":["blademaster:DancersAmulet","NeowsBlessing","Potion Belt","Snack Pack","conspire:InfiniteJournal","Regal Pillow","Ring of Fangs","ReplayTheSpireMod:Ring of Exchange","ReplayTheSpireMod:CursedCoin","CultistMask"],"acts_visited":["Exordium"],"potions_floor_usage":[16,16],"damage_taken":[{"damage":0,"enemies":"Cultist","floor":1,"turns":1},{"damage":0,"enemies":"Jaw Worm","floor":2,"turns":1},{"damage":0,"enemies":"Small Slimes","floor":3,"turns":1},{"damage":3,"enemies":"Replay:BlueRogue","floor":6,"turns":6},{"damage":44,"enemies":"Gremlin Nob","floor":8,"turns":5},{"damage":0,"enemies":"2 Fungi Beasts","floor":10,"turns":2},{"damage":84,"enemies":"Fading Forest","floor":16,"turns":11}],"seed_played":"7780317428337095019","potions_obtained":[{"floor":1,"key":"Regen Potion"},{"floor":2,"key":"blueLaboratory:PhilterOfMotion"},{"floor":10,"key":"Fire Potion"}],"is_trial":false,"path_per_floor":["M","M","M","?","?","E","R","E","T","M","?","$","R","?","R","B"],"character_chosen":"THE_BLADEMASTER","items_purchased":["ReplayTheSpireMod:CursedCoin","blademaster:AwakeningDefend","blademaster:Flash"],"campfire_rested":0,"item_purchase_floors":[12,12,12],"current_hp_per_floor":[75,75,75,75,75,72,72,36,36,40,40,40,40,40,40,0,0],"gold":131,"neow_bonus":"THREE_ENEMY_KILL","is_daily":false,"chose_seed":false,"campfire_upgraded":3,"win_rate":0.0,"timestamp":1608519669,"path_taken":["M","M","M","?","?","E","R","E","T","M","?","$","R","?","R","BOSS"],"items_purchased_type":["Relic","Card","Card"],"build_version":"2020-12-13","purchased_purges":1,"victory":false,"max_hp_per_floor":[75,75,75,75,75,75,75,75,75,75,75,75,75,75,75,75,75],"relic_stats":{"Regal Pillow":0,"counters":[7,27],"obtain_stats":[{"Potion Belt":5,"ReplayTheSpireMod:Ring of Exchange":11,"Regal Pillow":9,"Ring of Fangs":11,"NeowsBlessing":0,"ReplayTheSpireMod:CursedCoin":12,"CultistMask":14,"Snack Pack":6,"blademaster:StanceHealPerk":6,"blademaster:RandomBladePerk":8,"blademaster:DancersAmulet":0,"conspire:InfiniteJournal":8},{"Potion Belt":3,"ReplayTheSpireMod:Ring of Exchange":6,"Regal Pillow":5,"Ring of Fangs":6,"NeowsBlessing":0,"ReplayTheSpireMod:CursedCoin":6,"CultistMask":6,"Snack Pack":4,"blademaster:StanceHealPerk":4,"blademaster:RandomBladePerk":5,"blademaster:DancersAmulet":0,"conspire:InfiniteJournal":5},{"Potion Belt":3,"ReplayTheSpireMod:Ring of Exchange":16,"Regal Pillow":14,"Ring of Fangs":16,"NeowsBlessing":0,"ReplayTheSpireMod:CursedCoin":16,"CultistMask":16,"Snack Pack":9,"blademaster:StanceHealPerk":9,"blademaster:RandomBladePerk":14,"blademaster:DancersAmulet":0,"conspire:InfiniteJournal":14}]},"card_choices":[{"not_picked":["blademaster:Frontflip","blademaster:AncestralHealing"],"picked":"blademaster:Safeguard","floor":1},{"not_picked":["blademaster:ThunderSlash","blademaster:ChargingUp"],"picked":"blademaster:AspectOfLightning","floor":2},{"not_picked":["blademaster:TraverseCut","blademaster:CombatPrep"],"picked":"blademaster:Sharpen","floor":3},{"not_picked":["blademaster:BloodyBlow","blademaster:CombatPrep"],"picked":"blademaster:DaggerAndCloak","floor":6},{"not_picked":["blademaster:ParryingStrike","blademaster:AwakeningStrike"],"picked":"blademaster:Thrust","floor":8},{"not_picked":["blademaster:Stormstrike","blademaster:Sunder"],"picked":"blademaster:DaggerAndCloak","floor":10}],"player_experience":435046,"relics_obtained":[{"floor":5,"key":"Potion Belt"},{"floor":6,"key":"Snack Pack"},{"floor":6,"key":"blademaster:StanceHealPerk"},{"floor":8,"key":"conspire:InfiniteJournal"},{"floor":8,"key":"blademaster:RandomBladePerk"},{"floor":9,"key":"Regal Pillow"},{"floor":11,"key":"Ring of Fangs"},{"floor":11,"key":"ReplayTheSpireMod:Ring of Exchange"}],"event_choices":[{"damage_healed":0,"gold_gain":0,"player_choice":"Trade","damage_taken":0,"relics_obtained":["CultistMask"],"max_hp_gain":0,"max_hp_loss":0,"event_name":"FaceTrader","floor":14,"gold_loss":0}],"is_beta":false,"boss_relics":[],"items_purged_floors":[12],"is_endless":false,"potions_floor_spawned":[1,2,10],"killed_by":"Fading Forest","ascension_level":0}}