{"host":"jmrtcms4w8pdo4je","time":1608530153,"event":{"mods":["AchievementEnabler","BaseMod","Colored Powertips","Gremlin Mod","Infinite Spire","Minty Spire (QoL Compilation)","Replay The Spire","StSLib","The Forsaken","The Hierophant","The Necromancer"],"gold_per_floor":[110,110,123,138,138,138,170,170,218,218,243,243,259,284,355,355,355],"floor_reached":16,"playtime":307,"items_purged":[],"score":127,"play_id":"5e10ae94-182c-48ca-8679-60098c03ced9","local_time":"20201220235553","is_ascension_mode":false,"campfire_choices":[{"data":"Bone_Wall","floor":6,"key":"SMITH"},{"data":"Spectral_Armor","floor":8,"key":"SMITH"},{"data":"Slay_Living","floor":12,"key":"SMITH"}],"circlet_count":0,"master_deck":["Strike_W","Strike_W","Strike_W","Strike_W","Defend_W","Defend_W","Defend_W","Negative_Energy_Arrows","Bone_Wall+1","Bone_Shift","Slay_Living+1","Spectral_Armor+1","Finger_Of_Death+1","Shackles_Of_Pain"],"relics":["Vampire_Amulet","NeowsBlessing","Simple Rune","Molten Egg 2","Bag of Marbles","Golden Idol"],"acts_visited":["Exordium"],"potions_floor_usage":[],"damage_taken":[{"damage":0,"enemies":"Small Slimes","floor":1,"turns":1},{"damage":0,"enemies":"Cultist","floor":3,"turns":1},{"damage":0,"enemies":"Jaw Worm","floor":4,"turns":1},{"damage":13,"enemies":"Gremlin Nob","floor":7,"turns":4},{"damage":0,"enemies":"2 Fungi Beasts","floor":11,"turns":6},{"damage":0,"enemies":"3 Louse","floor":13,"turns":2},{"damage":1,"enemies":"Exordium Wildlife","floor":14,"turns":5},{"damage":0,"enemies":"Hexaghost","floor":16,"turns":1}],"seed_played":"8851498665132801817","potions_obtained":[{"floor":4,"key":"ColorlessPotion"},{"floor":7,"key":"Reflective Coating"},{"floor":13,"key":"Fruit Juice"}],"is_trial":false,"path_per_floor":["M","?","M","M","?","R","E","R","T","?","M","R","M","M","R","B"],"character_chosen":"NECROMANCER","items_purchased":[],"campfire_rested":0,"item_purchase_floors":[],"current_hp_per_floor":[75,75,75,75,63,63,52,52,52,52,56,56,62,65,65,65,65],"gold":355,"neow_bonus":"THREE_ENEMY_KILL","is_daily":false,"chose_seed":false,"campfire_upgraded":3,"win_rate":0.0,"timestamp":1608530153,"path_taken":["M","?","?","M","?","R","E","R","T","?","M","R","M","M","R","BOSS"],"items_purchased_type":[],"build_version":"2020-12-13","purchased_purges":0,"victory":false,"max_hp_per_floor":[75,75,75,75,75,75,75,75,75,69,69,69,69,69,69,69,69],"card_choices":[{"not_picked":["Blood_Whip","Necromantic_Selection","Negative_Energy_Sphere"],"picked":"SKIP","floor":1},{"not_picked":["Negative_Energy_Shield","Shade_Step"],"picked":"Bone_Shift","floor":3},{"not_picked":["Scare","Blood_Whip"],"picked":"Slay_Living","floor":4},{"not_picked":["Consume_Illness","Toxic_Smoke_Screen"],"picked":"Spectral_Armor","floor":7},{"not_picked":["Scare","Whirlwind_of_Bones+1"],"picked":"Finger_Of_Death+1","floor":11},{"not_picked":["Exploit+1","Spectral_Armor"],"picked":"Shackles_Of_Pain","floor":13},{"not_picked":["Negative_Energy_Sphere+1","Negative_Energy_Mist","Bone_Spikes+1"],"picked":"SKIP","floor":14}],"player_experience":5532,"relics_obtained":[{"floor":7,"key":"Molten Egg 2"},{"floor":9,"key":"Bag of Marbles"}],"event_choices":[{"cards_removed":["Defend_W"],"damage_healed":0,"gold_gain":0,"player_choice":"Offered Basic","damage_taken":0,"max_hp_gain":0,"max_hp_loss":0,"event_name":"Bonfire Elementals","floor":2,"gold_loss":0},{"damage_healed":0,"gold_gain":0,"player_choice":"Success","damage_taken":12,"relics_obtained":["Simple Rune"],"max_hp_gain":0,"max_hp_loss":0,"event_name":"Scrap Ooze","floor":5,"gold_loss":0},{"damage_healed":0,"gold_gain":0,"player_choice":"Lose Max HP","damage_taken":0,"relics_obtained":["Golden Idol"],"max_hp_gain":0,"max_hp_loss":6,"event_name":"Golden Idol","floor":10,"gold_loss":0}],"is_beta":false,"boss_relics":[],"items_purged_floors":[],"is_endless":false,"potions_floor_spawned":[4,7,13],"killed_by":"Hexaghost","ascension_level":0}}