{"host":"k5ezbu40hxyit46v","time":1608593726,"event":{"mods":["Act Like it!","Aspiration","Astrologer","BaseMod","BetterRewards","Conspire","DeckTracker","Energized Spire","Googly Eyes","Halation","HexUI Lib","Highlight Path","Hubris","Infinite Spire","Jedi Mod","Mad Scientist","Marisa????????","Minty Spire (QoL Compilation)","Quarter Circle Forward PUNCH!","Quick Restart","Replay The Spire","Reworked Bosses","Shop Mod","Spikes Relics","StSLib","The Administrix","The Awakened One except there are too many feathers","The Bladedancer","The Cursed","The IronCluck","The Servant 0.9.4","The Wild Card","everything is the same but u backflip on backflip","slay the spire mod where everything is the same but ironclad has a cowboy hat","vexMod"],"gold_per_floor":[113,113,38,54,64,89,89,124,150,166,166,166,166],"floor_reached":12,"playtime":277,"items_purged":[],"score":176,"play_id":"fcab67a7-3390-48a0-8199-6b7f70e4f9e4","local_time":"20201221183526","is_ascension_mode":true,"campfire_choices":[{"data":"ReplayTheSpireMod:LeadingStrike","floor":7.0,"key":"SMITH"},{"data":"Bash","floor":11.0,"key":"SMITH"}],"circlet_count":0,"master_deck":["AscendersBane","Strike_R","Strike_R","Strike_R","Strike_R","Defend_R","Defend_R","Defend_R","Defend_R","Bash+1","Fire Breathing+1","hubris:CleavingFinish","ReplayTheSpireMod:LeadingStrike+1","Disarm"],"relics":["Burning Blood","NeowsBlessing","conspire:Flyswatter","hubris:SlimyHat","qcfpunch:Red_Beret"],"acts_visited":["Exordium"],"potions_floor_usage":[],"damage_taken":[{"damage":0.0,"enemies":"Jaw Worm","floor":1.0,"turns":1.0},{"damage":0.0,"enemies":"Small Slimes","floor":4.0,"turns":1.0},{"damage":0.0,"enemies":"infinitespire:Voidling","floor":5.0,"turns":1.0},{"damage":30.0,"enemies":"Replay:BlueRogue","floor":6.0,"turns":7.0},{"damage":39.0,"enemies":"Lagavulin","floor":8.0,"turns":6.0},{"damage":2.0,"enemies":"Lots of Slimes","floor":10.0,"turns":3.0},{"damage":0,"enemies":"Replay:BlueRogue","floor":12,"turns":1}],"seed_played":"1171421732079141048","potions_obtained":[{"floor":4.0,"key":"Fire Potion"},{"floor":5.0,"key":"Dexterity Potion"},{"floor":6.0,"key":"Strength Potion"},{"floor":8.0,"key":"Fire Potion"}],"is_trial":false,"path_per_floor":["M","?","?","M","M","E","R","E","T","M","R","E"],"character_chosen":"IRONCLAD","items_purchased":[],"campfire_rested":0,"item_purchase_floors":[],"current_hp_per_floor":[74,74,74,75,75,51,51,18,18,22,22,22,22],"gold":166,"neow_bonus":"THREE_ENEMY_KILL","is_daily":false,"chose_seed":false,"campfire_upgraded":2,"win_rate":0.0,"timestamp":1608593726,"path_taken":["M","?","?","?","M","E","R","E","T","?","R","E"],"items_purchased_type":[],"build_version":"2020-12-13","purchased_purges":0,"victory":false,"max_hp_per_floor":[75,75,75,75,75,75,75,75,75,75,75,75,75],"card_choices":[{"not_picked":["Absolvement","ReplayTheSpireMod:LeadingStrike"],"picked":"Fire Breathing","floor":1.0},{"not_picked":["Shrug It Off","Headbutt"],"picked":"hubris:CleavingFinish","floor":4.0},{"not_picked":["Body Slam","jedi:hate"],"picked":"ReplayTheSpireMod:LeadingStrike","floor":5.0},{"not_picked":["Power Through","Havoc","Evolve"],"picked":"SKIP","floor":6.0},{"not_picked":["Blood for Blood","Flex","Second Wind"],"picked":"SKIP","floor":8.0},{"not_picked":["Combust","Wild Strike"],"picked":"Disarm","floor":10.0}],"player_experience":1194710,"relics_obtained":[{"floor":6.0,"key":"conspire:Flyswatter"},{"floor":8.0,"key":"hubris:SlimyHat"},{"floor":9.0,"key":"qcfpunch:Red_Beret"}],"event_choices":[{"cards_removed":["Strike_R"],"damage_healed":0.0,"max_hp_gain":0.0,"max_hp_loss":0.0,"gold_gain":0.0,"event_name":"The Cleric","player_choice":"Card Removal","floor":3.0,"gold_loss":75.0,"damage_taken":0.0}],"is_beta":false,"boss_relics":[],"items_purged_floors":[],"is_endless":false,"potions_floor_spawned":[4,5,6,8],"killed_by":"Replay:BlueRogue","ascension_level":20}}