{"host":"3c27c697js19kaoo","time":1608531880,"event":{"mods":["Aspiration","BaseMod","CapriCore","Dota2Spire","Hermit","Minty Spire (QoL Compilation)","Quick Restart","Remilia（蕾米莉亚）","Replay The Spire","Robot Space Explorer","Spicy Shops","StSLib","The Alterego","The Cursed","The Runesmith","The Servant 0.9.4","vexMod","【遗物卡牌】REMEMod"],"gold_per_floor":[114,114,114,125,50,80,96,115,115,45,62,62,78,48,48,151,151,162,162,162,182,182,202,228,84,111,111,111,210,226,43,43,147,147,166,166,166,179,179,179,179,179,256,287,287,322,322,354,441,441,441],"floor_reached":50,"playtime":2306,"items_purged":[],"score":588,"play_id":"aefb18e2-7652-41c9-aaa7-cee672d820be","local_time":"20201221142440","is_ascension_mode":false,"campfire_choices":[{"data":"alterego_mod:BrynhildrRomantia","floor":15,"key":"SMITH"},{"data":"Runesmith:Firestorm","floor":28,"key":"SMITH"},{"floor":32,"key":"REST"},{"data":"Madness","floor":40,"key":"SMITH"},{"data":"Runesmith:PoweredAnvil","floor":45,"key":"SMITH"}],"circlet_count":0,"master_deck":["Runesmith:Strike_RS","Runesmith:Strike_RS","Runesmith:Strike_RS","Runesmith:Defend_RS","Runesmith:Defend_RS","Runesmith:Defend_RS","Runesmith:Defend_RS","Runesmith:CraftFirestone","Runesmith:Fortify","alterego_mod:BrynhildrRomantia+1","Runesmith:ChiselStab","Runesmith:HammerThrow","Runesmith:PoweredAnvil+1","Runesmith:Firestorm+1","Runesmith:CraftMagma","Runesmith:ReplicatingBarrier+1","Runesmith:RuneHurl","Pot Of Greed+1","Pot Of Greed+1","Mayhem+1","Runesmith:ArcReactor+1","vexMod:EmailVexCard","Madness+1","Madness+1"],"relics":["Runesmith:BrokenRuby","REME_ComplimentaryCards","NeowsBlessing","ReplayTheSpireMod:Shallot","Dota2Spire:MaskOfMadness","Quantum Egg","Divine Protection","Black Star","alterego_mod:SomeoneToFightFor","Dota2Spire:EchoSabre","Juzu Bracelet","CaptainsWheel","Grinning Jar","vexMod:ImprovementManual","Ring of Chaos","ReplayTheSpireMod:Ring of Challenge","Mercury Hourglass","Vajra","Regal Pillow"],"acts_visited":["Exordium","TheCity","TheBeyond"],"potions_floor_usage":[13,24,38,50,50],"damage_taken":[{"damage":7,"enemies":"2 Louse","floor":1,"turns":4},{"damage":0,"enemies":"Cultist","floor":4,"turns":3},{"damage":0,"enemies":"Lagavulin","floor":6,"turns":1},{"damage":0,"enemies":"Jaw Worm","floor":7,"turns":3},{"damage":11,"enemies":"3 Louse","floor":8,"turns":5},{"damage":0,"enemies":"2 Fungi Beasts","floor":11,"turns":4},{"damage":0,"enemies":"Blue Slaver","floor":13,"turns":3},{"damage":0,"enemies":"Looter","floor":14,"turns":4},{"damage":31,"enemies":"Fading Forest","floor":16,"turns":11},{"damage":25,"enemies":"Spheric Guardian","floor":18,"turns":6},{"damage":16,"enemies":"Shell Parasite","floor":21,"turns":9},{"damage":20,"enemies":"Snecko","floor":23,"turns":6},{"damage":69,"enemies":"Slavers","floor":24,"turns":8},{"damage":34,"enemies":"Shelled Parasite and Fungi","floor":30,"turns":10},{"damage":26,"enemies":"Champ","floor":33,"turns":9},{"damage":44,"enemies":"3 Darklings","floor":35,"turns":8},{"damage":9,"enemies":"Orb Walker","floor":38,"turns":4},{"damage":19,"enemies":"Sphere and 2 Shapes","floor":44,"turns":7},{"damage":16,"enemies":"Jaw Worm Horde","floor":46,"turns":5},{"damage":48,"enemies":"Reptomancer","floor":48,"turns":7},{"damage":116,"enemies":"Time Eater","floor":50,"turns":11}],"seed_played":"6920940334354535613","potions_obtained":[{"floor":1,"key":"Swift Potion"},{"floor":6,"key":"Dota2Spire:Clarity"},{"floor":13,"key":"FairyPotion"},{"floor":30,"key":"Weak Potion"},{"floor":38,"key":"Energy Potion"},{"floor":46,"key":"Cursed Concoction"},{"floor":48,"key":"Venom Potion"}],"is_trial":false,"path_per_floor":["M","$","?","M","$","E","M","M","T","$","M","?","M","M","R","B",null,"M","?","?","M","?","M","E","$","T","$","R","?","M","$","R","B",null,"M","?","?","M","?","R","?","?","T","M","R","M","?","E","R","B"],"character_chosen":"RUNESMITH_CLASS","items_purchased":["Dota2Spire:MaskOfMadness","Runesmith:PoweredAnvil","CaptainsWheel","Mayhem"],"campfire_rested":1,"item_purchase_floors":[5,10,25,31],"current_hp_per_floor":[72,72,72,75,75,74,77,82,82,82,88,88,91,91,91,81,91,77,77,87,71,71,62,47,47,47,47,47,47,46,46,79,60,111,88,88,88,86,72,72,72,72,72,86,86,88,88,85,85,0,0],"gold":441,"neow_bonus":"THREE_ENEMY_KILL","is_daily":false,"chose_seed":false,"campfire_upgraded":4,"win_rate":0.0,"timestamp":1608531880,"path_taken":["M","$","?","M","?","E","?","M","T","$","M","?","M","M","R","BOSS","M","?","?","M","?","M","E","?","T","?","R","?","M","$","R","BOSS","M","?","?","M","?","R","?","?","T","M","R","M","?","E","R","BOSS"],"items_purchased_type":["Relic","Card","Relic","Card"],"build_version":"2020-12-13","purchased_purges":0,"victory":false,"max_hp_per_floor":[72,72,72,75,75,74,77,82,82,82,88,88,91,91,91,91,91,95,95,95,95,95,99,103,103,103,103,103,103,111,111,111,111,111,111,111,111,111,111,111,111,111,111,123,123,127,127,131,131,131,131],"card_choices":[{"not_picked":["Runesmith:NanitesCloud","Runesmith:CraftReservo","Runesmith:UnstableHammer"],"picked":"SKIP","floor":1},{"not_picked":["Runesmith:StaticCage","Runesmith:Malloc","Runesmith:CraftVitae"],"picked":"SKIP","floor":4},{"not_picked":["Runesmith:WhiteBalance","Runesmith:Grindstone","Runesmith:ChaoticBlast"],"picked":"SKIP","floor":6},{"not_picked":["Runesmith:FrozenChisel","Runesmith:BackupBattery"],"picked":"Runesmith:ChiselStab","floor":7},{"not_picked":["Runesmith:EarthShield","Runesmith:MakeshiftArmor"],"picked":"Runesmith:HammerThrow","floor":8},{"not_picked":["Runesmith:Grindstone","Runesmith:CraftPrismatica"],"picked":"Runesmith:Firestorm","floor":11},{"not_picked":["Runesmith:EnergizedChisel","Runesmith:HammerThrow"],"picked":"Runesmith:CraftMagma","floor":13},{"not_picked":["Runesmith:CraftProtectio","Runesmith:Empowerment","Runesmith:Firestorm"],"picked":"SKIP","floor":14},{"not_picked":["Runesmith:Supernova","Runesmith:DuctTape"],"picked":"Runesmith:ReplicatingBarrier","floor":16},{"not_picked":["Runesmith:Overpower","Runesmith:Permafrost","Runesmith:BackupBattery"],"picked":"SKIP","floor":18},{"not_picked":["Runesmith:UnstableHammer","Runesmith:BackupBattery","Runesmith:CraftProtectio"],"picked":"SKIP","floor":21},{"not_picked":["Runesmith:ChiselStab","Runesmith:StaticCage","Runesmith:Empowerment"],"picked":"SKIP","floor":23},{"not_picked":["Runesmith:BackupBattery","Runesmith:Grindstone","Runesmith:LithiumIon"],"picked":"SKIP","floor":24},{"not_picked":["Runesmith:Overpower","Runesmith:CraftMagma","Runesmith:MakeshiftArmor+1"],"picked":"SKIP","floor":30},{"not_picked":["Runesmith:FissionHammer","Runesmith:LightningRod"],"picked":"Runesmith:ArcReactor","floor":33},{"not_picked":["Runesmith:FieryHammer","Runesmith:RuneHurl+1","Runesmith:ChiselStab"],"picked":"SKIP","floor":35},{"not_picked":["Impatience","Survey Options"],"picked":"vexMod:EmailVexCard","floor":37},{"not_picked":["Runesmith:EnergizedChisel+1","Runesmith:BackupBattery+1","Runesmith:WhiteBalance"],"picked":"SKIP","floor":38},{"not_picked":["Runesmith:HeatExchange+1","Runesmith:CraftVitae","Runesmith:ShiftingStrike"],"picked":"SKIP","floor":44},{"not_picked":["Runesmith:MakeshiftArmor","Runesmith:ElementalConversion+1","Runesmith:Empowerment"],"picked":"SKIP","floor":46},{"not_picked":["Runesmith:Superposition","Runesmith:CraftProtectio","Runesmith:CraftObretio+1"],"picked":"SKIP","floor":48}],"player_experience":159974,"relics_obtained":[{"floor":3,"key":"ReplayTheSpireMod:Shallot"},{"floor":6,"key":"Quantum Egg"},{"floor":9,"key":"Divine Protection"},{"floor":24,"key":"Dota2Spire:EchoSabre"},{"floor":24,"key":"Juzu Bracelet"},{"floor":26,"key":"Grinning Jar"},{"floor":42,"key":"Ring of Chaos"},{"floor":42,"key":"ReplayTheSpireMod:Ring of Challenge"},{"floor":43,"key":"Mercury Hourglass"},{"floor":48,"key":"Vajra"},{"floor":48,"key":"Regal Pillow"}],"event_choices":[{"damage_healed":0,"gold_gain":0,"player_choice":"Relic","damage_taken":0,"max_hp_gain":0,"max_hp_loss":0,"event_name":"Wheel of Change","floor":3,"gold_loss":0},{"damage_healed":0,"gold_gain":0,"player_choice":"Read","damage_taken":0,"max_hp_gain":0,"max_hp_loss":0,"event_name":"The Library","floor":19,"gold_loss":0,"cards_obtained":["Runesmith:RuneHurl"]},{"damage_healed":0,"gold_gain":0,"player_choice":"Choice 2","damage_taken":0,"relics_obtained":["alterego_mod:SomeoneToFightFor"],"max_hp_gain":0,"max_hp_loss":0,"event_name":"爱的神圣花园","floor":22,"gold_loss":0},{"damage_healed":0,"gold_gain":99,"player_choice":"Stole From Cult","damage_taken":0,"max_hp_gain":0,"max_hp_loss":0,"event_name":"Nest","floor":29,"gold_loss":0},{"cards_removed":["Runesmith:Strike_RS"],"damage_healed":0,"gold_gain":0,"player_choice":"Removed Attack","damage_taken":0,"max_hp_gain":0,"max_hp_loss":0,"event_name":"Falling","floor":36,"gold_loss":0},{"damage_healed":0,"gold_gain":0,"player_choice":"Memory 1","damage_taken":0,"max_hp_gain":0,"max_hp_loss":0,"event_name":"SensoryStone","floor":37,"gold_loss":0},{"damage_healed":0,"gold_gain":0,"player_choice":"Embrace Madness","damage_taken":14,"max_hp_gain":0,"max_hp_loss":0,"event_name":"Winding Halls","floor":39,"gold_loss":0,"cards_obtained":["Madness","Madness"]},{"damage_healed":0,"gold_gain":0,"player_choice":"Upgraded","damage_taken":0,"max_hp_gain":0,"max_hp_loss":0,"event_name":"Upgrade Shrine","floor":41,"gold_loss":0,"cards_upgraded":["Madness"]},{"damage_healed":0,"gold_gain":0,"player_choice":"Ignored","damage_taken":0,"max_hp_gain":0,"max_hp_loss":0,"event_name":"Tomb of Lord Red Mask","floor":47,"gold_loss":0}],"is_beta":false,"boss_relics":[{"not_picked":["ChewingGum","Runic Dome"],"picked":"Black Star"},{"not_picked":["Replay:Drink Me","REME_DemonsWealth"],"picked":"vexMod:ImprovementManual"}],"items_purged_floors":[],"is_endless":false,"potions_floor_spawned":[1,6,13,21,30,38,46,48],"killed_by":"Time Eater","ascension_level":0}}