{"host":"sav7uxregyirlf69","time":1608528888,"event":{"mods":["AchievementEnabler","BaseMod","Colored Map","DeckTracker","Keyboard Shortcuts","Minty Spire (QoL Compilation)","READ ME - Guardian Mod","StSLib","SuperFastMode"],"gold_per_floor":[110,160,179,227,237,237,237,237,264,23,55,75,105,134,146,158,158],"floor_reached":16,"playtime":203,"items_purged":["Strike_G"],"score":220,"play_id":"8c04c171-b814-4f4c-a598-e479434ba7ee","local_time":"20201221143448","is_ascension_mode":true,"campfire_choices":[{"data":"Dash","floor":6,"key":"SMITH"},{"data":"Prepared","floor":8,"key":"SMITH"},{"data":"Bane","floor":15,"key":"SMITH"}],"circlet_count":0,"master_deck":["AscendersBane","Strike_G","Strike_G","Strike_G","Strike_G","Defend_G","Defend_G","Defend_G","Defend_G","Defend_G","Survivor","Neutralize","Dash+1","Prepared+1","Bane+1","Endless Agony","PiercingWail","Reflex"],"relics":["Ring of the Snake","NeowsBlessing","Centennial Puzzle","Bag of Marbles","TwistedFunnel","Bronze Scales","MawBank"],"acts_visited":["Exordium"],"potions_floor_usage":[16],"damage_taken":[{"damage":0.0,"enemies":"2 Louse","floor":1.0,"turns":1.0},{"damage":0,"enemies":"Cultist","floor":3,"turns":1},{"damage":0,"enemies":"Small Slimes","floor":5,"turns":1},{"damage":29,"enemies":"Lagavulin","floor":11,"turns":7},{"damage":0,"enemies":"Exordium Wildlife","floor":12,"turns":4},{"damage":3,"enemies":"Gremlin Nob","floor":13,"turns":3},{"damage":0,"enemies":"2 Fungi Beasts","floor":14,"turns":2},{"damage":28,"enemies":"Hexaghost","floor":16,"turns":13}],"seed_played":"-4461098959412989389","potions_obtained":[{"floor":1.0,"key":"BlessingOfTheForge"},{"floor":3,"key":"SpeedPotion"}],"is_trial":false,"path_per_floor":["M","?","M","T","M","R","?","R","T","$","E","M","E","M","R","B"],"character_chosen":"THE_SILENT","items_purchased":["TwistedFunnel"],"campfire_rested":0,"item_purchase_floors":[10],"current_hp_per_floor":[59,53,53,53,53,53,58,58,58,58,29,29,26,26,26,0,0],"gold":158,"neow_bonus":"THREE_ENEMY_KILL","is_daily":false,"chose_seed":false,"campfire_upgraded":3,"win_rate":0.0,"timestamp":1608528888,"path_taken":["M","?","?","?","M","R","?","R","T","$","E","M","E","M","R","BOSS"],"items_purchased_type":["Relic"],"build_version":"2020-12-13","purchased_purges":1,"victory":false,"max_hp_per_floor":[66,66,66,66,66,66,71,71,71,71,71,71,71,71,71,71,71],"card_choices":[{"not_picked":["Endless Agony","Flying Knee"],"picked":"Dash","floor":1.0},{"not_picked":["Predator","Deflect"],"picked":"Prepared","floor":3},{"not_picked":["All Out Attack","Dash","Dodge and Roll"],"picked":"SKIP","floor":5},{"not_picked":["Predator","Poisoned Stab"],"picked":"Bane","floor":11},{"not_picked":["Bane","Flying Knee"],"picked":"Endless Agony","floor":12},{"not_picked":["Setup","Bouncing Flask"],"picked":"PiercingWail","floor":13},{"not_picked":["Catalyst","Finisher"],"picked":"Reflex","floor":14}],"player_experience":971658,"relics_obtained":[{"floor":4,"key":"Centennial Puzzle"},{"floor":9,"key":"Bag of Marbles"},{"floor":11,"key":"Bronze Scales"},{"floor":13,"key":"MawBank"}],"event_choices":[{"damage_healed":0,"gold_gain":50,"player_choice":"Touch","damage_taken":6,"max_hp_gain":0,"max_hp_loss":0,"event_name":"FaceTrader","floor":2,"gold_loss":0},{"damage_healed":0,"gold_gain":0,"player_choice":"Donut","damage_taken":0,"max_hp_gain":5,"max_hp_loss":0,"event_name":"Big Fish","floor":7,"gold_loss":0}],"is_beta":false,"boss_relics":[],"items_purged_floors":[10],"is_endless":false,"potions_floor_spawned":[1,3,11,13,14],"killed_by":"Hexaghost","ascension_level":20}}