{"host":"xyexbe31ku0ov20l","time":1608543610,"event":{"mods":["AchievementEnabler","AlwaysNeverKeys","BaseMod","Bestiary","Block Reminder","Colored Map","Colored Powertips","Curses Come First","Displayed Cursed Tome","Minty Spire (QoL Compilation)","Permanent Neow","Quick Restart","Random Character Button","Rare Cards Sparkle","Relic Stats","StSLib"],"gold_per_floor":[114,114,124,142,158,170,170,186,186,186,186,186],"floor_reached":11,"playtime":564,"items_purged":[],"score":97,"play_id":"2a4c86a7-5fcc-4a86-a6d3-a04d28a11da6","local_time":"20201221014010","is_ascension_mode":true,"campfire_choices":[{"floor":7.0,"key":"DIG"},{"floor":10.0,"key":"DIG"}],"circlet_count":0,"master_deck":["Strike_R","Strike_R","Strike_R","Strike_R","Defend_R","Defend_R","Defend_R","Defend_R","Bash","Evolve","Searing Blow","Thunderclap","True Grit","Body Slam","Flex","Shrug It Off"],"relics":["Burning Blood","Shovel","Unceasing Top","Charon\u0027s Ashes","Turnip"],"acts_visited":["Exordium"],"potions_floor_usage":[],"damage_taken":[{"damage":4.0,"enemies":"Jaw Worm","floor":1.0,"turns":5.0},{"damage":5.0,"enemies":"Small Slimes","floor":3.0,"turns":4.0},{"damage":1.0,"enemies":"2 Louse","floor":4.0,"turns":2.0},{"damage":15.0,"enemies":"Looter","floor":5.0,"turns":3.0},{"damage":0.0,"enemies":"Gremlin Gang","floor":6.0,"turns":3.0},{"damage":21.0,"enemies":"Blue Slaver","floor":8.0,"turns":6.0},{"damage":67,"enemies":"Lagavulin","floor":11,"turns":9}],"seed_played":"8229847003523387399","potions_obtained":[{"floor":1.0,"key":"Explosive Potion"},{"floor":3.0,"key":"Regen Potion"}],"is_trial":false,"path_per_floor":["M","?","M","M","M","M","R","M","T","R","E"],"character_chosen":"IRONCLAD","items_purchased":[],"campfire_rested":0,"item_purchase_floors":[],"current_hp_per_floor":[53,53,54,59,50,56,56,56,56,56,0,0],"gold":186,"neow_bonus":"ONE_RARE_RELIC","is_daily":false,"chose_seed":false,"campfire_upgraded":0,"win_rate":0.0,"timestamp":1608543610,"path_taken":["M","?","M","M","M","M","R","M","T","R","E"],"items_purchased_type":[],"build_version":"2020-12-13","purchased_purges":0,"victory":false,"max_hp_per_floor":[80,80,80,80,80,80,80,80,80,80,80,80],"relic_stats":{"Shovel":2,"counters":[7,32],"Charon\u0027s Ashes":[9],"Turnip":[0],"obtain_stats":[{"Shovel":0,"Charon\u0027s Ashes":9,"Turnip":10,"Burning Blood":0,"Unceasing Top":7},{"Shovel":0,"Charon\u0027s Ashes":6,"Turnip":6,"Burning Blood":0,"Unceasing Top":5},{"Shovel":0,"Charon\u0027s Ashes":23,"Turnip":23,"Burning Blood":0,"Unceasing Top":17}],"Burning Blood":36,"Unceasing Top":[0]},"card_choices":[{"not_picked":["Dual Wield","Feel No Pain"],"picked":"Evolve","floor":1.0},{"not_picked":["Perfected Strike","Second Wind"],"picked":"Thunderclap","floor":3.0},{"not_picked":["Feel No Pain","Clash"],"picked":"True Grit","floor":4.0},{"not_picked":["Havoc","Feel No Pain"],"picked":"Body Slam","floor":5.0},{"not_picked":["Clash","Havoc"],"picked":"Flex","floor":6.0},{"not_picked":["Metallicize","Clothesline"],"picked":"Shrug It Off","floor":8.0}],"player_experience":2262503,"relics_obtained":[{"floor":7.0,"key":"Unceasing Top"},{"floor":9.0,"key":"Charon\u0027s Ashes"},{"floor":10.0,"key":"Turnip"}],"event_choices":[{"damage_healed":0.0,"max_hp_gain":0.0,"max_hp_loss":0.0,"gold_gain":0.0,"cards_transformed":["Strike_R"],"event_name":"Living Wall","player_choice":"Change","floor":2.0,"gold_loss":0.0,"damage_taken":0.0,"cards_obtained":["Searing Blow"]}],"is_beta":false,"boss_relics":[],"items_purged_floors":[],"is_endless":false,"potions_floor_spawned":[1,3],"killed_by":"Lagavulin","ascension_level":9}}