{"host":"7vidw0fny0glz923","time":1608564859,"event":{"mods":["ATMod(阿瑾Mod)","Act Like it!","BaseMod","Challenge The Spire","Downfall","Friendly Minions","HololiveMod","KinomotoSakuraMod(木之本樱)","Kiyohime（清姬）","KomeijiMod","Lobotomy","LobotomyExtend","Marisa（F雨　魔理沙）","Minty Spire (QoL Compilation)","MostiFishMod","Pale of the Ancients","READ ME - Guardian Mod","Reimu（博丽灵梦）","Remilia（蕾米莉亚）","Replay The Spire","RumiaBox-露米娅的神秘盒子","Shop Mod","StSLib","TestMod","The Cursed","The Jungle","The Poker Player","The Servant 0.9.4","Youmu（魂魄妖梦）","[地精首领爬塔]The Maniac","【东方二次创作】八云紫mod","【遗物卡牌】REMEMod"],"gold_per_floor":[118,118,118,118,118,118,129,157,157,157,183,183,183,226,226,245,245,317,317,334,351,251,262,262,289,289,289,316,349,229,248,248,265,265,342,342,359,376,391,405,421,454,454,482,507,507,518,530,559,569,569,569,569,569,569,602,602],"floor_reached":58,"playtime":2930,"items_purged":["Strike_P","Defend_P","Strike_P","Defend_P"],"score":2610,"play_id":"08f8e7ad-e4ee-4b68-832f-3a84612555a9","local_time":"20201221153419","is_ascension_mode":true,"campfire_choices":[{"data":"AT_ChampionKick","floor":12,"key":"SMITH"},{"floor":15,"key":"REST"},{"data":"Evaluate","floor":17,"key":"SMITH"},{"data":"Adaptation","floor":27,"key":"SMITH"},{"data":"MostiFishMod:LegendTransform","floor":32,"key":"SMITH"},{"data":"Dazed","floor":34,"key":"PURGE"},{"data":"MostiFishMod:MemoryFragments","floor":46,"key":"SMITH"},{"floor":51,"key":"RECALL"},{"data":"Wallop","floor":54,"key":"SMITH"}],"circlet_count":0,"master_deck":["AscendersBane","Strike_P","Strike_P","Defend_P","Defend_P","Eruption+1","Vigilance","AT_MachinaRedman+1","Ecstasy+1","AT_ChampionKick+1","TalkToTheHand+1","UniverseFragment","Evaluate+1","Establishment+1","SilentOrchestra","BowlingBash","SnowQueen","DespairKnight","Adaptation+1","MostiFishMod:NightSea+1","J.A.X.+1","MostiFishMod:LegendTransform+1","BlackArmy","MostiFishMod:MemoryFragments+1","Wallop+1","BlueStar"],"relics":["PureWater","testmod-TestBox","DaveBox","REME_ComplimentaryCards","AT_ATBox","DiscerningMonocle","testmod-ChristmasGift","CogitoBucket","Question Card","LetterFromLob","WingedGreaves","Toy Ornithopter","Frozen Eye","MerchantsRug","REME_HandOfSuture","testmod-Hope","testmod-IWantAll","Omamori","ShedSkin_r","AT_TimeSand","ImportantClient","Replay:Fungal Core","TreeSap","Medical Kit","GodSword4","Bottled Tornado","CloakClasp","Ancient Tea Set","Gremlin Food","testmod-IndustrialRevolution","Regal Pillow","ChiLing","Chi","Ling","Theresia","Painkiller Herb","FleshIdol","testmod-Nyarlathotep","SecretRecord","Mango","MealTicket","testmod-ThousandKnives","Anchor","Replay:Kaleidoscope","Technique","AT_RedTearstoneRing"],"acts_visited":["Exordium","TheCity","TheBeyond","TheEnding"],"potions_floor_usage":[2,25,57,57],"damage_taken":[{"damage":5,"enemies":"Jaw Worm","floor":1,"turns":3},{"damage":0,"enemies":"2 Louse","floor":7,"turns":2},{"damage":0,"enemies":"Gremlin Nob","floor":8,"turns":3},{"damage":4,"enemies":"Small Slimes","floor":10,"turns":3},{"damage":3,"enemies":"Exordium Wildlife","floor":16,"turns":3},{"damage":0,"enemies":"The Guardian","floor":18,"turns":6},{"damage":6,"enemies":"3 Byrds","floor":20,"turns":7},{"damage":0,"enemies":"Spheric Guardian","floor":21,"turns":2},{"damage":10,"enemies":"Snake Plant","floor":23,"turns":4},{"damage":32,"enemies":"Slavers","floor":25,"turns":5},{"damage":0,"enemies":"Book of Stabbing","floor":29,"turns":1},{"damage":10,"enemies":"Snecko","floor":31,"turns":3},{"damage":5,"enemies":"Chosen and Byrds","floor":33,"turns":1},{"damage":56,"enemies":"Pondfish","floor":35,"turns":4},{"damage":25,"enemies":"3 Shapes","floor":37,"turns":1},{"damage":0,"enemies":"Orb Walker","floor":38,"turns":1},{"damage":45,"enemies":"Spire Growth","floor":39,"turns":3},{"damage":25,"enemies":"Writhing Mass","floor":40,"turns":2},{"damage":2,"enemies":"Jaw Worm Horde","floor":41,"turns":1},{"damage":41,"enemies":"Giant Head","floor":42,"turns":5},{"damage":3,"enemies":"R_Hoarder","floor":44,"turns":3},{"damage":0,"enemies":"Transient","floor":47,"turns":1},{"damage":1,"enemies":"3 Darklings","floor":48,"turns":1},{"damage":0,"enemies":"Nemesis","floor":49,"turns":1},{"damage":0,"enemies":"Maw","floor":50,"turns":3},{"damage":22,"enemies":"FixerMidnight","floor":52,"turns":2},{"damage":0,"enemies":"Shield and Spear","floor":56,"turns":1},{"damage":21,"enemies":"The Heart","floor":57,"turns":4}],"seed_played":"7541775006023206839","potions_obtained":[{"floor":29,"key":"FairyPotion"},{"floor":48,"key":"MagicPotion:ReiMu"}],"is_trial":false,"path_per_floor":["M","$","$","?","PTL","PTL","M","E","?","M","T","R","E","?","R","M","R","B",null,"M","M","$","M","?","E","?","R","T","E","$","M","R","M","R","B",null,"?","?","?","?","?","E","T","E","T","T","?","?","E","?","T","B",null,"T","T","E","B",null],"character_chosen":"WATCHER","items_purchased":["WingedGreaves","Toy Ornithopter","Frozen Eye","AT_ChampionKick","testmod-SpacePotion","Adrenaline Potion","Cursed Concoction","MerchantsRug","REME_HandOfSuture","testmod-Hope","testmod-IWantAll","Elixir","TalkToTheHand","Medical Kit","GodSword4","Bottled Tornado","Adaptation","MostiFishMod:NightSea","testmod-IndustrialRevolution","Regal Pillow","ChiLing","Anchor","Replay:Kaleidoscope","Technique"],"campfire_rested":1,"item_purchase_floors":[2,2,2,2,2,2,2,2,3,3,3,3,3,22,22,22,22,22,30,30,30,55,55,55],"current_hp_per_floor":[61,66,66,68,68,68,68,68,68,67,67,67,27,27,47,49,49,64,68,69,69,69,69,69,61,61,61,61,63,63,66,66,68,68,19,57,43,57,40,32,39,28,28,73,73,73,83,82,83,83,83,72,80,80,83,83,83],"gold":602,"neow_bonus":"","is_daily":false,"chose_seed":false,"campfire_upgraded":6,"win_rate":0.0,"timestamp":1608564859,"path_taken":["M","$","$","?","PTL","PTL","M","E","?","M","T","R","E","?","R","M","R","BOSS","M","M","$","M","?","E","?","R","T","E","$","M","R","M","R","BOSS","?","?","?","?","?","E","?","E","T","T","?","?","E","?","T","BOSS","T","T","E","BOSS"],"items_purchased_type":["Relic","Relic","Relic","Card","Potion","Potion","Potion","Relic","Relic","Relic","Relic","Potion","Card","Relic","Relic","Relic","Card","Card","Relic","Relic","Relic","Relic","Relic","Relic"],"build_version":"2020-12-13","purchased_purges":4,"victory":true,"max_hp_per_floor":[68,68,68,68,68,68,68,68,68,68,68,68,69,69,69,69,69,69,69,69,69,69,69,69,69,69,69,69,69,69,69,69,69,69,69,69,69,69,69,69,69,69,69,83,83,83,83,83,83,83,83,83,83,83,83,83,83],"card_choices":[{"not_picked":["MeltingLove","OSAHOGD","OldLady"],"picked":"Singing Bowl","floor":1},{"not_picked":["SignatureMove","Prostrate"],"picked":"Evaluate","floor":1},{"not_picked":["BeautyBeast","ShyLook","LittleHelper"],"picked":"Singing Bowl","floor":7},{"not_picked":["Wellcheers","Mercenary"],"picked":"UniverseFragment","floor":7},{"not_picked":["AT_SoftenMuscles","WaveOfTheHand","Perseverance","Crescendo"],"picked":"SKIP","floor":7},{"not_picked":["HeroicMonk","Bloodbath","Murderer"],"picked":"Singing Bowl","floor":8},{"not_picked":["FlurryOfBlows","Replay:Cycle","Wish","Fasting2"],"picked":"SKIP","floor":8},{"not_picked":["Woodsman","OSAHOGD","Bloodbath"],"picked":"Singing Bowl","floor":10},{"not_picked":["Replay:BluntJabs","WreathOfFlame","Evaluate","Worship"],"picked":"SKIP","floor":10},{"not_picked":["EmptyMind","AT_OneInchPunch","Pray"],"picked":"Evaluate","floor":14},{"not_picked":["Study","FearNoEvil","SignatureMove"],"picked":"Establishment","floor":14},{"not_picked":["Porccubus","ShyLook","CherryBlossoms"],"picked":"Singing Bowl","floor":16},{"not_picked":["VoidDream","SpiderBud"],"picked":"SilentOrchestra","floor":16},{"not_picked":["ReachHeaven","ClearTheMind","Perseverance"],"picked":"BowlingBash","floor":16},{"not_picked":["Woodsman","VoidDream","BigBird"],"picked":"Singing Bowl","floor":18},{"not_picked":["Wellcheers","VoidDream"],"picked":"SnowQueen","floor":18},{"not_picked":["Alriune","VoidDream"],"picked":"DespairKnight","floor":20},{"not_picked":["AT_OneInchPunch","Consecrate","Perseverance","ThirdEye"],"picked":"SKIP","floor":20},{"not_picked":["Freischutz","Wellcheers","GalaxyChild"],"picked":"Singing Bowl","floor":21},{"not_picked":["Pray","Replay:ManipulateFuture","Halt","Protect"],"picked":"SKIP","floor":21},{"not_picked":["BigBird","ShyLook","QueenBee"],"picked":"Singing Bowl","floor":23},{"not_picked":["BowlingBash","Consecrate","Replay:BluntJabs+1","Sanctity"],"picked":"SKIP","floor":23},{"not_picked":["Rudolta","FairyFestival","PunishingBird"],"picked":"Singing Bowl","floor":25},{"not_picked":["Replay:ManipulateFuture","Wish","MostiFishMod:Speedup","ForeignInfluence"],"picked":"SKIP","floor":25},{"not_picked":["LittleHelper","WhitesApple","LittlePrince"],"picked":"Singing Bowl","floor":29},{"not_picked":["Consecrate","FearNoEvil","Vengeance+1","MostiFishMod:Zero-Sum"],"picked":"SKIP","floor":29},{"not_picked":["Wellcheers","Scorched","Funeral"],"picked":"Singing Bowl","floor":31},{"not_picked":["Replay:ManipulateFuture","JustLucky","ThirdEye"],"picked":"MostiFishMod:LegendTransform","floor":31},{"not_picked":["Murderer","Woodsman"],"picked":"BlackArmy","floor":33},{"not_picked":["Perseverance","Sanctity","SashWhip","FlyingSleeves"],"picked":"SKIP","floor":33},{"not_picked":["BlackSwan","VoidDream","CENSORED"],"picked":"Singing Bowl","floor":35},{"not_picked":["Funeral","MeltingLove","MHz"],"picked":"Singing Bowl","floor":37},{"not_picked":["PathToVictory","BowlingBash+1","Prostrate","AT_SoftenMuscles"],"picked":"SKIP","floor":37},{"not_picked":["BlackSwan","Laetitia","GalaxyChild"],"picked":"Singing Bowl","floor":38},{"not_picked":["EmptyFist","Weave","REME_Repentance+1","Replay:BluntJabs"],"picked":"SKIP","floor":38},{"not_picked":["WhiteNight","CrumblingArmor","NothingThere"],"picked":"Singing Bowl","floor":39},{"not_picked":["Crescendo+1","Replay:AtTheReady","Replay:ManipulateFuture","Prostrate"],"picked":"SKIP","floor":39},{"not_picked":["LittleHelper","DreamingCurrent","FieryBird"],"picked":"Singing Bowl","floor":40},{"not_picked":["Crescendo","PathToVictory","MentalFortress","WreathOfFlame"],"picked":"SKIP","floor":40},{"not_picked":["NothingThere","BigBadWolf","FairyFestival"],"picked":"Singing Bowl","floor":41},{"not_picked":["MostiFishMod:Speedup","SashWhip","Worship","Pray"],"picked":"SKIP","floor":41},{"not_picked":["Woodsman","DreamingCurrent","Scorched"],"picked":"Singing Bowl","floor":42},{"not_picked":["WindmillStrike","Replay:ManipulateFuture+1","REME_Repentance"],"picked":"MostiFishMod:MemoryFragments","floor":42},{"not_picked":["Woodsman","HeroicMonk","Scarecrow"],"picked":"Singing Bowl","floor":44},{"not_picked":["EmptyBody","WheelKick","ClearTheMind","Halt"],"picked":"SKIP","floor":44},{"not_picked":["Funeral","FieryBird","LittlePrince"],"picked":"Singing Bowl","floor":47},{"not_picked":["EmptyFist","Vengeance","Crescendo","REME_Repentance"],"picked":"SKIP","floor":47},{"not_picked":["Woodsman","HeroicMonk","NothingThere"],"picked":"Singing Bowl","floor":48},{"not_picked":["Replay:ManipulateFuture+1","ClearTheMind","Judgement","ThirdEye"],"picked":"SKIP","floor":48},{"not_picked":["GreedKing","Porccubus","BlueStar"],"picked":"Singing Bowl","floor":49},{"not_picked":["CrushJoints","FollowUp+1","EmptyBody"],"picked":"Wallop","floor":49},{"not_picked":["HappyTeddy","Rudolta","QueenBee"],"picked":"Singing Bowl","floor":50},{"not_picked":["Variant","NothingThere"],"picked":"BlueStar","floor":50},{"not_picked":["EmptyFist+1","CrushJoints","Conclude","Collect"],"picked":"SKIP","floor":50},{"not_picked":["MeltingLove","Alriune","Woodsman"],"picked":"Singing Bowl","floor":56},{"not_picked":["EmptyBody+1","Pray+1","JustLucky","Replay:Battleflow"],"picked":"SKIP","floor":56}],"player_experience":879523,"relics_obtained":[{"floor":1,"key":"Question Card"},{"floor":1,"key":"LetterFromLob"},{"floor":8,"key":"Omamori"},{"floor":14,"key":"AT_TimeSand"},{"floor":16,"key":"ImportantClient"},{"floor":25,"key":"CloakClasp"},{"floor":28,"key":"Ancient Tea Set"},{"floor":29,"key":"Gremlin Food"},{"floor":42,"key":"testmod-Nyarlathotep"},{"floor":43,"key":"SecretRecord"},{"floor":44,"key":"Mango"},{"floor":45,"key":"MealTicket"},{"floor":49,"key":"testmod-ThousandKnives"},{"floor":56,"key":"AT_RedTearstoneRing"}],"event_choices":[{"damage_healed":0,"gold_gain":0,"player_choice":"Grow","damage_taken":0,"max_hp_gain":0,"max_hp_loss":0,"event_name":"Living Wall","floor":9,"gold_loss":0,"cards_upgraded":["Eruption"]},{"damage_healed":0,"gold_gain":0,"player_choice":"Obtain J.A.X.","damage_taken":0,"max_hp_gain":0,"max_hp_loss":0,"event_name":"Drug Dealer","floor":24,"gold_loss":0,"cards_obtained":["J.A.X."]},{"damage_healed":0,"gold_gain":0,"player_choice":"Upgraded","damage_taken":0,"max_hp_gain":0,"max_hp_loss":0,"event_name":"Upgrade Shrine","floor":26,"gold_loss":0,"cards_upgraded":["MostiFishMod:NightSea"]}],"is_beta":false,"boss_relics":[{"not_picked":["Replay:Drink Me","testmod-Temperance"],"picked":"Replay:Fungal Core"},{"not_picked":["Replay:Grab Bag","Tiny House"],"picked":"Painkiller Herb"}],"items_purged_floors":[2,3,22,30],"is_endless":false,"potions_floor_spawned":[7,16,18,23,29,31,33,37,38,39,42,48],"ascension_level":16}}