{"host":"2461dio7vetlq1z3","time":1608523365,"event":{"mods":["2.2 Compatiblity","AchievementEnabler","BaseMod","Better Third Choice","Hermit","Minty Spire (QoL Compilation)","Relic Stats","Spicy Shops","StSLib","Waifu the Spire"],"gold_per_floor":[213,229,229,249,263,263,75,109,109,109,136,156,156,156],"floor_reached":13,"playtime":338,"items_purged":["Strike_B"],"score":176,"play_id":"e7f9da9a-7d34-4bae-974d-b9f177f37f56","local_time":"20201221050245","is_ascension_mode":true,"campfire_choices":[{"data":"Sweeping Beam","floor":6,"key":"SMITH"},{"floor":10,"key":"REST"}],"circlet_count":0,"master_deck":["AscendersBane","Strike_B","Strike_B","Strike_B","Defend_B","Defend_B","Defend_B","Defend_B","Zap","Dualcast","Static Discharge+1","Sweeping Beam+1","Chill","Barrage","Melter","Ball Lightning","Reinforced Body","Ball Lightning"],"relics":["Cracked Core","Ornamental Fan","Pantograph","Oddly Smooth Stone"],"acts_visited":["Exordium"],"potions_floor_usage":[8,11],"damage_taken":[{"damage":3,"enemies":"2 Louse","floor":1,"turns":2},{"damage":1,"enemies":"Cultist","floor":2,"turns":3},{"damage":15,"enemies":"Small Slimes","floor":4,"turns":2},{"damage":9,"enemies":"Blue Slaver","floor":5,"turns":3},{"damage":16,"enemies":"Gremlin Nob","floor":8,"turns":3},{"damage":20,"enemies":"3 Sentries","floor":11,"turns":5},{"damage":6,"enemies":"2 Fungi Beasts","floor":12,"turns":2},{"damage":18,"enemies":"Lagavulin","floor":13,"turns":2}],"seed_played":"3191367407987379679","potions_obtained":[{"floor":2,"key":"Dexterity Potion"},{"floor":4,"key":"FearPotion"},{"floor":12,"key":"Strength Potion"}],"is_trial":false,"path_per_floor":["M","M","?","M","M","R","$","E","T","R","E","M","E"],"character_chosen":"DEFECT","items_purchased":["Melter"],"campfire_rested":1,"item_purchase_floors":[7],"current_hp_per_floor":[61,60,60,45,36,36,36,20,20,41,21,15,0,0],"gold":156,"neow_bonus":"HUNDRED_GOLD","is_daily":false,"chose_seed":false,"campfire_upgraded":1,"win_rate":0.0,"timestamp":1608523365,"path_taken":["M","M","?","M","M","R","$","E","T","R","E","?","E"],"items_purchased_type":["Card"],"build_version":"2020-12-13","purchased_purges":1,"victory":false,"max_hp_per_floor":[71,71,71,71,71,71,71,71,71,71,71,71,71,71],"relic_stats":{"counters":[8,22],"Ornamental Fan":[12],"Pantograph":0,"obtain_stats":[{"Ornamental Fan":8,"Pantograph":9,"Oddly Smooth Stone":11,"Cracked Core":0},{"Ornamental Fan":5,"Pantograph":5,"Oddly Smooth Stone":6,"Cracked Core":0},{"Ornamental Fan":13,"Pantograph":13,"Oddly Smooth Stone":18,"Cracked Core":0}]},"card_choices":[{"not_picked":["Conserve Battery","Double Energy"],"picked":"Static Discharge","floor":1},{"not_picked":["Leap","Go for the Eyes"],"picked":"Sweeping Beam","floor":2},{"not_picked":["Turbo","Go for the Eyes"],"picked":"Chill","floor":4},{"not_picked":["Lockon","Go for the Eyes"],"picked":"Barrage","floor":5},{"not_picked":["Turbo","Compile Driver"],"picked":"Ball Lightning","floor":8},{"not_picked":["Go for the Eyes","Barrage"],"picked":"Reinforced Body","floor":11},{"not_picked":["Barrage","Streamline"],"picked":"Ball Lightning","floor":12}],"player_experience":801136,"relics_obtained":[{"floor":8,"key":"Ornamental Fan"},{"floor":9,"key":"Pantograph"},{"floor":11,"key":"Oddly Smooth Stone"}],"event_choices":[{"damage_healed":0,"gold_gain":0,"player_choice":"Upgraded","damage_taken":0,"max_hp_gain":0,"max_hp_loss":0,"event_name":"Upgrade Shrine","floor":3,"gold_loss":0,"cards_upgraded":["Static Discharge"]}],"is_beta":false,"boss_relics":[],"items_purged_floors":[7],"is_endless":false,"potions_floor_spawned":[2,4,12],"killed_by":"Lagavulin","ascension_level":17}}