{"host":"6o1vh5lr98s0jjq7","time":1608551489,"event":{"mods":["2.2 Compatiblity","Act Like it!","Aspiration","BaseMod","Better Altar","Better Match","Better Note","Better Third Choice","Conspire","Downfall","Gensokyo","Hallownest","Infinite Spire","Marisa????????","Minty Spire (QoL Compilation)","Replay The Spire","StSLib","The Alterego","WarShipGirlsR/????R mod"],"gold_per_floor":[99,111,128,148,148,148,197,208,241,41,216,236,252,83,102,198,198,73,93,111,123,398,448,448,398,444,394,421,421,449,474,501,674,674,624,661,690,746,746],"floor_reached":38,"playtime":42890,"items_purged":["Doubt","Regret"],"score":452,"play_id":"ba46d0e0-5348-4e09-a446-c702d75d2f6e","local_time":"20201221055129","is_ascension_mode":false,"campfire_choices":[{"floor":5,"key":"RECALL"},{"floor":10,"key":"REST"},{"data":"Slimebound:DuplicatedForm","floor":18,"key":"SMITH"},{"floor":25,"key":"REST"},{"floor":27,"key":"REST"},{"data":"ReplayTheSpireMod:Black Plague","floor":35,"key":"SMITH"}],"circlet_count":0,"master_deck":["Slimebound:Strike_Slimebound","Slimebound:Strike_Slimebound","Slimebound:Strike_Slimebound","Slimebound:Tackle","Slimebound:Defend_Slimebound","Slimebound:Defend_Slimebound","Slimebound:Defend_Slimebound","Slimebound:Split","Slimebound:CorrosiveSpit","Slimebound:ProtectTheBoss","Slimebound:SplitMire+1","Slimebound:Nibble","Slimebound:Schlurp","Slimebound:Equalize","Slimebound:ComboTackle","Slimebound:FormOfPuddle","Slimebound:SamplingLick","Slimebound:MinionMaster","Slimebound:RallyTheTroops","Slimebound:SplitMire","Slimebound:DuplicatedForm+1","Slimebound:SplitBruiser","Slimebound:Nibble+1","Slimebound:SplitLeeching","sneckomod:UnknownClassSLIMEBOUND+1","ReplayTheSpireMod:Black Plague+1","Specialist","Reboot","Leap+1","expansioncontent:BronzeBeam","Replay:Many Hands","champ:FanOfKnives+1","Slimebound:SamplingLick+1"],"relics":["Slimebound:AbsorbEndCombat","infinitespire:Beetle Shell","Slimebound:GreedOozeRelic","Replay:Mystery Machine","downfall:HeartBlessingRed","downfall:HeartBlessingGreen","Replay:Bronze Core","downfall:HeartBlessingBlue","PrismaticShard","Tiny House","infinitespire:Midas Blood","Ornamental Fan","aspiration:RunicSpoon"],"acts_visited":["Exordium","TheCity","TheBeyond"],"potions_floor_usage":[14,16,19,20,21,26,28,28,30,33],"damage_taken":[{"damage":11,"enemies":"Jaw Worm","floor":2,"turns":3},{"damage":10,"enemies":"conspire:RoseBush","floor":3,"turns":3},{"damage":17,"enemies":"Small Slimes","floor":4,"turns":2},{"damage":39,"enemies":"Gremlin Gang","floor":8,"turns":4},{"damage":22,"enemies":"Gremlin Nob","floor":9,"turns":4},{"damage":16,"enemies":"conspire:2 RoseBushes","floor":12,"turns":4},{"damage":16,"enemies":"Red Slaver","floor":13,"turns":2},{"damage":19,"enemies":"downfall:FleeingMerchant","floor":14,"turns":4},{"damage":11,"enemies":"2 Fungi Beasts","floor":15,"turns":2},{"damage":50,"enemies":"downfall:Defect","floor":16,"turns":8},{"damage":44,"enemies":"Shell Parasite","floor":19,"turns":5},{"damage":40,"enemies":"3 Byrds","floor":20,"turns":4},{"damage":38,"enemies":"Centurion and Healer","floor":21,"turns":6},{"damage":68,"enemies":"conspire:SneckoGhost","floor":26,"turns":6},{"damage":33,"enemies":"Shelled Parasite and Fungi","floor":28,"turns":4},{"damage":17,"enemies":"Snake Plant","floor":30,"turns":3},{"damage":35,"enemies":"Centurion and Healer","floor":31,"turns":4},{"damage":31,"enemies":"3 Cultists","floor":32,"turns":5},{"damage":76,"enemies":"downfall:Silent","floor":33,"turns":10},{"damage":58,"enemies":"3 Shapes","floor":36,"turns":3},{"damage":29,"enemies":"3 Darklings","floor":37,"turns":4},{"damage":55,"enemies":"infinitespire:Three Voidlings","floor":38,"turns":5},{"damage":79,"enemies":"Nightmare_Alpha","floor":38,"turns":9}],"seed_played":"5320469168464403759","potions_obtained":[{"floor":3,"key":"DuplicationPotion"},{"floor":8,"key":"hexamod:EctoCoolerPotion"},{"floor":13,"key":"Adrenaline Potion"},{"floor":16,"key":"Weak Potion"},{"floor":19,"key":"GamblersBrew"},{"floor":20,"key":"Weak Potion"},{"floor":23,"key":"DuplicationPotion"},{"floor":26,"key":"ColorlessPotion"},{"floor":28,"key":"Adrenaline Potion"},{"floor":30,"key":"Block Potion"}],"is_trial":false,"path_per_floor":["R","M","M","M","R","?","T","M","E","R","?","M","M","$","M","B",null,"R","M","M","M","?","AVR","T","R","E","R","M","?","M","M","M","B",null,"R","M","M","?"],"character_chosen":"SLIMEBOUND","items_purchased":["Slimebound:RallyTheTroops"],"campfire_rested":3,"item_purchase_floors":[14],"current_hp_per_floor":[60,60,60,51,51,51,51,32,38,56,56,52,52,60,60,41,60,70,67,47,56,56,61,61,75,47,69,58,58,73,75,71,35,75,75,53,56,0,0],"gold":746,"neow_bonus":"RANDOM_COMMON_RELIC","is_daily":false,"chose_seed":false,"campfire_upgraded":2,"win_rate":0.0,"timestamp":1608551489,"path_taken":["R","M","M","M","R","?","T","M","E","R","?","M","M","$","M","BOSS","R","M","M","M","?","AVR","T","R","E","R","?","?","M","M","M","BOSS","R","M","M","?"],"items_purchased_type":["Card"],"build_version":"2020-12-13","purchased_purges":2,"victory":false,"max_hp_per_floor":[60,60,60,60,60,60,60,60,60,60,60,60,60,60,60,60,60,70,70,70,70,70,75,75,75,75,75,75,75,75,75,75,75,75,75,75,75,75,75],"card_choices":[{"not_picked":["Slimebound:Grow","Slimebound:Replication"],"picked":"Slimebound:SplitMire","floor":2},{"not_picked":["Slimebound:SplitBruiser","Slimebound:SplitLeeching"],"picked":"Slimebound:Nibble","floor":3},{"not_picked":["Slimebound:SplitLeeching","Slimebound:ViciousTackle"],"picked":"Slimebound:Schlurp","floor":4},{"not_picked":["Slimebound:GoopTackle","Slimebound:DisruptingSlam"],"picked":"Slimebound:Equalize","floor":8},{"not_picked":["Slimebound:BestDefense","Slimebound:SlimeSpikes"],"picked":"Slimebound:ComboTackle","floor":9},{"not_picked":["Slimebound:ComboTackle","Slimebound:GrowthPunch"],"picked":"Slimebound:FormOfPuddle","floor":12},{"not_picked":["Slimebound:PressTheAttack","Slimebound:ForwardTackle"],"picked":"Slimebound:SamplingLick","floor":13},{"not_picked":["Slimebound:Gluttony","Slimebound:Schlurp"],"picked":"Slimebound:MinionMaster","floor":14},{"not_picked":["Slimebound:FlameTackle","Slimebound:Schlurp"],"picked":"Slimebound:SplitMire","floor":15},{"not_picked":["Slimebound:DouseInSlime","Slimebound:SlimeSlap"],"picked":"Slimebound:DuplicatedForm","floor":16},{"not_picked":["Slimebound:ViciousTackle","Slimebound:SamplingLick"],"picked":"Slimebound:SplitBruiser","floor":19},{"not_picked":["Slimebound:TongueLash","Slimebound:ProtectTheBoss"],"picked":"Slimebound:Nibble+1","floor":20},{"not_picked":["Slimebound:LivingWall","Slimebound:FinishingTackle+1"],"picked":"Slimebound:SplitLeeching","floor":21},{"not_picked":["Run Through+1","Replay:SS_hec_4+1"],"picked":"sneckomod:UnknownClassSLIMEBOUND+1","floor":23},{"not_picked":["BowlingBash","Guardian:Preprogram"],"picked":"Specialist","floor":26},{"not_picked":["GalacticHalo","Guardian:RollAttack+1"],"picked":"Reboot","floor":28},{"not_picked":["Bane","champ:RecklessLeap+1"],"picked":"Leap+1","floor":30},{"not_picked":["GasGiant","Guardian:Gem_Green"],"picked":"expansioncontent:BronzeBeam","floor":31},{"not_picked":["hexamod:Again","Pommel Strike+1","Iron Wave"],"picked":"SKIP","floor":32},{"not_picked":["rmod:stealaluminum","champ:CrownThrow"],"picked":"Replay:Many Hands","floor":33},{"not_picked":["Rebound","champ:Encircle+1"],"picked":"champ:FanOfKnives+1","floor":36},{"not_picked":["ReplayTheSpireMod:LeadingStrike+1","champ:GladiatorStyle+1"],"picked":"Slimebound:SamplingLick+1","floor":37}],"player_experience":233593,"relics_obtained":[{"floor":9,"key":"Replay:Mystery Machine"},{"floor":24,"key":"infinitespire:Midas Blood"},{"floor":26,"key":"Ornamental Fan"}],"event_choices":[{"cards_removed":["ReplayTheSpireMod:Black Plague"],"damage_healed":0,"gold_gain":0,"player_choice":"Give","damage_taken":0,"max_hp_gain":0,"max_hp_loss":0,"event_name":"betterNote:BetterNote","floor":29,"gold_loss":0,"cards_obtained":["champ:IronFortress"]}],"is_beta":false,"boss_relics":[{"not_picked":["conspire:SeveredTorchhead","aspiration:PoetsPen_weak"],"picked":"Replay:Bronze Core"},{"not_picked":["Astrolabe","infinitespire:Cupcake"],"picked":"aspiration:RunicSpoon"}],"items_purged_floors":[14,23],"is_endless":false,"potions_floor_spawned":[3,8,13,16,19,20,26,28,30,38],"killed_by":"Nightmare_Alpha","ascension_level":0}}