{"host":"mgc7o2tpy0ck407l","time":1608514672,"event":{"mods":["Alarm Clock","AlwaysNeverKeys","BaseMod","Better Altar","Better Match","Better Note","Better Sensory Stone","Better Skull","Better Third Choice","Better Vampires","Block Reminder","Booster Modes","Challenge The Spire","Colored Map","Colored Powertips","Disable Question Mark Monsters","Emptier Cage","Infinite Spire","Minty Spire (QoL Compilation)","Permanent Neow","Quick Restart","Rare Cards Sparkle","Reorder Act Four","Replay The Spire","Spicy Shops","StSLib","The Blue Laboratory","Transform Curses","Unceasing Turn Reminder"],"gold_per_floor":[117,23,38,38,54,54,67,98,98,98,98,48,68,85,85,180,180,198,218,238,238,238,238,255,291,300,328,328,355,355,375,375,482,482,494,507,535,547,567,567,567,567],"floor_reached":41,"playtime":2937,"items_purged":["Clumsy"],"score":466,"play_id":"7cd98bad-3b87-41da-a2f4-bf5748855f46","local_time":"20201220203752","is_ascension_mode":true,"campfire_choices":[{"data":"WaveOfTheHand","floor":6.0,"key":"SMITH"},{"data":"Vigilance","floor":11.0,"key":"SMITH"},{"data":"Prostrate","floor":15.0,"key":"SMITH"},{"data":"Pot Of Greed","floor":23.0,"key":"SMITH"},{"data":"Replay:ManipulateFuture","floor":30.0,"key":"SMITH"},{"data":"Prostrate","floor":32.0,"key":"SMITH"},{"data":"WheelKick","floor":40,"key":"SMITH"}],"circlet_count":0,"master_deck":["Defend_P","Defend_P","Defend_P","Eruption","Vigilance+1","WaveOfTheHand+1","TalkToTheHand","Protect","MentalFortress","ForeignInfluence","Steam","WheelKick+1","FlurryOfBlows","Prostrate+1","Brilliance","Crescendo","DeusExMachina","Study+1","Replay:Cycle","Replay:BluntJabs+1","Pot Of Greed+1","Pot Of Greed","CrushJoints+1","Pot Of Greed","Prostrate+1","Replay:ManipulateFuture+1","Bite","Bite","Bite","WheelKick+1","Scrawl","ClearTheMind","JustLucky"],"relics":["PureWater","Nunchaku","Iron Hammer","infinitespire:ShieldingShard","Cursed Key","Grinning Jar","CeramicFish","Simple Rune","StrikeDummy","Runic Pyramid"],"acts_visited":["Exordium","TheCity","TheBeyond"],"potions_floor_usage":[37],"damage_taken":[{"damage":0.0,"enemies":"Jaw Worm","floor":1.0,"turns":2.0},{"damage":1.0,"enemies":"Small Slimes","floor":3.0,"turns":4.0},{"damage":7.0,"enemies":"infinitespire:Voidling","floor":5.0,"turns":4.0},{"damage":0.0,"enemies":"Looter","floor":7.0,"turns":4.0},{"damage":30.0,"enemies":"3 Sentries","floor":8.0,"turns":13.0},{"damage":0.0,"enemies":"Lots of Slimes","floor":13.0,"turns":4.0},{"damage":1.0,"enemies":"3 Louse","floor":14.0,"turns":4.0},{"damage":16.0,"enemies":"Slime Boss","floor":16.0,"turns":7.0},{"damage":0.0,"enemies":"Spheric Guardian","floor":18.0,"turns":2.0},{"damage":8.0,"enemies":"Chosen","floor":19.0,"turns":3.0},{"damage":22.0,"enemies":"Snecko","floor":20.0,"turns":4.0},{"damage":0.0,"enemies":"Snake Plant","floor":24.0,"turns":3.0},{"damage":9.0,"enemies":"Book of Stabbing","floor":25.0,"turns":7.0},{"damage":0.0,"enemies":"Centurion and Healer","floor":27.0,"turns":4.0},{"damage":1.0,"enemies":"Shelled Parasite and Fungi","floor":31.0,"turns":3.0},{"damage":30.0,"enemies":"Automaton","floor":33.0,"turns":6.0},{"damage":0,"enemies":"3 Darklings","floor":35,"turns":4},{"damage":0,"enemies":"Orb Walker","floor":36,"turns":2},{"damage":0,"enemies":"Transient","floor":37,"turns":5},{"damage":0,"enemies":"Maw","floor":38,"turns":4},{"damage":0,"enemies":"3 Darklings","floor":39,"turns":2},{"damage":63,"enemies":"Nightmare","floor":41,"turns":4}],"seed_played":"-1774805694169244653","potions_obtained":[{"floor":1.0,"key":"blueLaboratory:PolymorphPotion"},{"floor":5.0,"key":"LifebloodPotion"},{"floor":13.0,"key":"ColorlessPotion"},{"floor":25.0,"key":"SpeedPotion"},{"floor":27.0,"key":"blueLaboratory:PressurePotion"},{"floor":31.0,"key":"BottledMiracle"},{"floor":39,"key":"Ancient Potion"}],"is_trial":false,"path_per_floor":["M","$","M","?","M","R","M","E","T","?","R","$","M","M","R","B",null,"M","M","M","?","?","R","M","E","T","M","AVR","?","R","M","R","B",null,"M","M","M","M","M","R","NM"],"character_chosen":"WATCHER","items_purchased":["TalkToTheHand","Protect","Prostrate"],"campfire_rested":0,"item_purchase_floors":[2,2,12],"current_hp_per_floor":[72,72,71,71,71,71,71,41,41,41,41,41,41,40,40,24,72,72,64,42,42,42,42,42,33,33,33,33,33,33,36,36,14,59,59,59,59,59,59,59,0,0],"gold":567,"neow_bonus":"RANDOM_COMMON_RELIC","is_daily":false,"chose_seed":false,"campfire_upgraded":7,"win_rate":0.0,"timestamp":1608514672,"path_taken":["M","$","M","?","M","R","M","E","T","?","R","$","M","M","R","BOSS","M","?","M","?","?","R","?","E","T","M","AVR","?","R","M","R","BOSS","M","M","M","M","M","R","NM"],"items_purchased_type":["Card","Card","Card"],"build_version":"2020-12-13","purchased_purges":1,"victory":false,"max_hp_per_floor":[72,72,72,72,72,72,72,72,72,72,72,72,72,72,72,72,72,72,72,72,72,72,72,72,72,72,72,72,59,59,59,59,59,59,59,59,59,59,59,59,59,59],"card_choices":[{"not_picked":["MentalFortress","Halt"],"picked":"WaveOfTheHand","floor":1.0},{"not_picked":["Replay:ManipulateFuture","Perseverance"],"picked":"MentalFortress","floor":3.0},{"not_picked":["Evaluate","WreathOfFlame"],"picked":"Replay:AtTheReady","floor":5.0},{"not_picked":["Protect","EmptyFist"],"picked":"WheelKick","floor":7.0},{"not_picked":["ThirdEye","FlyingSleeves"],"picked":"FlurryOfBlows","floor":8.0},{"not_picked":["BowlingBash","Perseverance"],"picked":"Brilliance","floor":13.0},{"not_picked":["CutThroughFate","DeceiveReality"],"picked":"Crescendo","floor":14.0},{"not_picked":["Vault","Ragnarok"],"picked":"DeusExMachina","floor":16.0},{"not_picked":["LikeWater","ThirdEye"],"picked":"Study+1","floor":18.0},{"not_picked":["InnerPeace+1","DeceiveReality"],"picked":"Replay:Cycle","floor":19.0},{"not_picked":["Replay:Cycle","EmptyBody"],"picked":"Replay:BluntJabs+1","floor":20.0},{"not_picked":["DeceiveReality","Fasting2"],"picked":"CrushJoints+1","floor":24.0},{"not_picked":["Consecrate","SpiritShield"],"picked":"Prostrate","floor":25.0},{"not_picked":["EmptyFist","FlurryOfBlows+1"],"picked":"Replay:ManipulateFuture","floor":27.0},{"not_picked":["EmptyFist","BowlingBash+1"],"picked":"WheelKick+1","floor":31.0},{"not_picked":["ConjureBlade","Blasphemy"],"picked":"Scrawl","floor":33.0},{"not_picked":["Replay:BluntJabs","CrushJoints","Replay:Anticipation"],"picked":"SKIP","floor":35},{"not_picked":["Halt","Replay:Battleflow","PathToVictory+1"],"picked":"SKIP","floor":36},{"not_picked":["PathToVictory","Omniscience"],"picked":"ClearTheMind","floor":37},{"not_picked":["WaveOfTheHand+1","ForeignInfluence+1","FlyingSleeves"],"picked":"SKIP","floor":38},{"not_picked":["FollowUp+1","Replay:Battleflow"],"picked":"JustLucky","floor":39}],"player_experience":686466,"relics_obtained":[{"floor":8.0,"key":"Iron Hammer"},{"floor":9.0,"key":"infinitespire:ShieldingShard"},{"floor":25.0,"key":"CeramicFish"},{"floor":26.0,"key":"Simple Rune"}],"event_choices":[{"cards_removed":["Replay:AtTheReady"],"damage_healed":0.0,"max_hp_gain":0.0,"max_hp_loss":0.0,"gold_gain":0.0,"event_name":"Purifier","player_choice":"Purged","floor":10.0,"gold_loss":0.0,"damage_taken":0.0},{"damage_healed":0.0,"max_hp_gain":0.0,"max_hp_loss":0.0,"gold_gain":0.0,"event_name":"betterNote:BetterNote","player_choice":"Ignored","floor":21.0,"gold_loss":0.0,"damage_taken":0.0,"cards_obtained":["infinitespire:SealOfDarkness"]},{"damage_healed":0.0,"max_hp_gain":0.0,"max_hp_loss":13.0,"gold_gain":0.0,"event_name":"Vampires","player_choice":"Became a vampire","floor":29.0,"gold_loss":0.0,"damage_taken":0.0,"cards_obtained":["Bite","Bite","Bite"]}],"is_beta":false,"boss_relics":[{"not_picked":["infinitespire:Cupcake","Busted Crown"],"picked":"Cursed Key"},{"not_picked":["Snecko Eye","ChewingGum"],"picked":"Runic Pyramid"}],"items_purged_floors":[28],"is_endless":false,"potions_floor_spawned":[1,5,13,25,27,31,35,39],"killed_by":"Nightmare","ascension_level":1}}