{"host":"5gc11emcm5chfr5t","time":1608589699,"event":{"mods":["2.2 Compatiblity","AchievementEnabler","BaseMod","Bestiary","Better Note","Colored Map","Colored Powertips","Downfall","Googly Eyes","Minty Spire (QoL Compilation)","Rare Cards Sparkle","StSLib"],"gold_per_floor":[99,249,259,271,23,33,83,114,39,65,65,65,75,100,140,140,140],"floor_reached":16,"playtime":608,"items_purged":["Doubt"],"score":240,"play_id":"f2b0a782-54e3-4fb5-bd40-44512b305a32","local_time":"20201221172819","is_ascension_mode":true,"campfire_choices":[{"floor":1,"key":"RECALL"},{"floor":9,"key":"REST"},{"floor":12,"key":"REST"}],"circlet_count":0,"master_deck":["AscendersBane","sneckomod:Strike","sneckomod:Strike","sneckomod:Strike","sneckomod:Defend","sneckomod:Defend","sneckomod:Defend","sneckomod:TailWhip","sneckomod:SnekBite","sneckomod:Unknown","sneckomod:Unknown","sneckomod:TrashToTreasure","sneckomod:SlitherStrike","sneckomod:UnknownRareSkill","sneckomod:QuickBite","sneckomod:CheapStock","sneckomod:WideSting","sneckomod:SerpentIdol","sneckomod:UnknownRareSkill","sneckomod:SoulRoll"],"relics":["Philosopher\u0027s Stone","Toy Ornithopter","Happy Flower","White Beast Statue","downfall:HeartBlessingGreen","Question Card","Blue Candle","sneckomod:BlankCard"],"acts_visited":["Exordium"],"potions_floor_usage":[6,13,16,16],"damage_taken":[{"damage":18,"enemies":"2 Louse","floor":3,"turns":3},{"damage":0,"enemies":"Jaw Worm","floor":4,"turns":3},{"damage":12,"enemies":"downfall:FleeingMerchant","floor":5,"turns":4},{"damage":2,"enemies":"Cultist","floor":6,"turns":4},{"damage":35,"enemies":"3 Sentries","floor":8,"turns":7},{"damage":43,"enemies":"Lagavulin","floor":10,"turns":6},{"damage":7,"enemies":"Blue Slaver","floor":13,"turns":3},{"damage":33,"enemies":"Gremlin Nob","floor":14,"turns":4},{"damage":18,"enemies":"2 Fungi Beasts","floor":15,"turns":3},{"damage":23,"enemies":"downfall:Defect","floor":16,"turns":4}],"seed_played":"5624507045695662035","potions_obtained":[{"floor":4,"key":"Swift Potion"},{"floor":6,"key":"FairyPotion"},{"floor":10,"key":"EssenceOfSteel"},{"floor":13,"key":"Dexterity Potion"},{"floor":14,"key":"Strength Potion"}],"is_trial":false,"path_per_floor":["R","?","M","M","$","M","T","E","R","E","?","R","M","E","M","B"],"character_chosen":"THE_SNECKO","items_purchased":["Toy Ornithopter"],"campfire_rested":2,"item_purchase_floors":[5],"current_hp_per_floor":[75,75,57,57,52,55,55,20,44,1,1,25,23,24,6,0,0],"gold":140,"neow_bonus":"BOSS_RELIC","is_daily":false,"chose_seed":false,"campfire_upgraded":0,"win_rate":0.0,"timestamp":1608589699,"path_taken":["R","?","M","M","$","M","T","E","R","E","?","R","M","E","M","BOSS"],"items_purchased_type":["Relic"],"build_version":"2020-12-13","purchased_purges":1,"victory":false,"max_hp_per_floor":[83,83,83,83,83,83,83,83,83,83,83,83,83,83,83,83,83],"card_choices":[{"not_picked":["sneckomod:UnknownUncommonPower","sneckomod:UnknownVulnerable"],"picked":"sneckomod:TrashToTreasure","floor":3},{"not_picked":["sneckomod:DefensiveFlair","sneckomod:UnknownVulnerable"],"picked":"sneckomod:SlitherStrike","floor":4},{"not_picked":["sneckomod:SoulDraw","sneckomod:WideSting"],"picked":"sneckomod:UnknownRareSkill","floor":5},{"not_picked":["sneckomod:UnknownClassGUARDIAN","sneckomod:DiceCrush"],"picked":"sneckomod:QuickBite","floor":6},{"not_picked":["sneckomod:UnknownCommonSkill","sneckomod:IronFang"],"picked":"sneckomod:CheapStock","floor":8},{"not_picked":["sneckomod:UnknownCommonAttack","sneckomod:TrashToTreasure"],"picked":"sneckomod:WideSting","floor":10},{"not_picked":["sneckomod:UnknownCommonAttack","sneckomod:DefensiveFlair","sneckomod:UnknownClassSLIMEBOUND"],"picked":"sneckomod:SerpentIdol","floor":13},{"not_picked":["sneckomod:UnknownWeak","sneckomod:SoulRoll","sneckomod:UnknownClassBLUE"],"picked":"sneckomod:UnknownRareSkill","floor":14},{"not_picked":["sneckomod:UnknownBlock","sneckomod:UnknownClassGUARDIAN","sneckomod:UnknownClassGREEN"],"picked":"sneckomod:SoulRoll","floor":15}],"player_experience":467914,"relics_obtained":[{"floor":7,"key":"Happy Flower"},{"floor":8,"key":"White Beast Statue"},{"floor":10,"key":"Question Card"},{"floor":14,"key":"sneckomod:BlankCard"}],"event_choices":[],"is_beta":false,"boss_relics":[],"items_purged_floors":[5],"is_endless":false,"potions_floor_spawned":[4,6,10,13,14,15],"killed_by":"downfall:Defect","ascension_level":20}}