{"host":"qhn6g0owdgjb77rz","time":1608558833,"event":{"mods":["BaseMod","Colored Map","Downfall","Minty Spire (QoL Compilation)","Relic Sorter","Replay The Spire","StSLib"],"gold_per_floor":[99,116,141,141,176,210,236,259,65,105,129,161,197,197,229,344,344,269,269,269,313,343,343,367,292,340,340,380,421,443,443,473,483,483,483],"floor_reached":33,"playtime":3551,"items_purged":["hexamod:Strike"],"score":499,"play_id":"28eb2a16-1d03-4116-84e8-9677d3655c48","local_time":"20201221225353","is_ascension_mode":true,"campfire_choices":[{"floor":1.0,"key":"DIG"},{"data":"hexamod:Float","floor":4.0,"key":"SMITH"},{"data":"hexamod:GhostOfSpirePast","floor":18.0,"key":"SMITH"},{"data":"hexamod:TurnItUp","floor":20.0,"key":"SMITH"},{"data":"hexamod:TimeWarp","floor":25.0,"key":"SMITH"},{"data":"hexamod:StepThrough","floor":27.0,"key":"SMITH"}],"circlet_count":0,"master_deck":["hexamod:Strike","hexamod:Strike","hexamod:Strike","hexamod:Defend","hexamod:Defend","hexamod:Defend","hexamod:Defend","hexamod:Sear","hexamod:Float+1","hexamod:TimeWarp+1","hexamod:FastForward","hexamod:FourthSeal","hexamod:GhostOfSpirePast+1","hexamod:FastForward","hexamod:Hexaguard","hexamod:BacktrackSmack","hexamod:FastForward","hexamod:BacktrackSmack","hexamod:TurnItUp+1","hexamod:FirstSeal","Pain","hexamod:StepThrough+1","hexamod:SkipABeat","hexamod:AdvancingGuard+1"],"relics":["hexamod:SpiritBrand","Regal Pillow","Akabeko","Replay:Bandana","Smiling Mask","Gambling Chip","Philosopher\u0027s Stone","downfall:HeartBlessingGreen","Onion Ring","WarpedTongs","downfall:HeartBlessingBlue","Omamori","PreservedInsect"],"acts_visited":["Exordium","TheCity"],"potions_floor_usage":[32,33,33],"damage_taken":[{"damage":0.0,"enemies":"2 Louse","floor":2.0,"turns":2.0},{"damage":30.0,"enemies":"Gremlin Nob","floor":3.0,"turns":5.0},{"damage":11.0,"enemies":"Replay:BlueRogue","floor":5.0,"turns":4.0},{"damage":2.0,"enemies":"Small Slimes","floor":6.0,"turns":3.0},{"damage":1.0,"enemies":"Jaw Worm","floor":8.0,"turns":2.0},{"damage":4.0,"enemies":"downfall:FleeingMerchant","floor":9.0,"turns":4.0},{"damage":0.0,"enemies":"Lagavulin","floor":10.0,"turns":6.0},{"damage":8.0,"enemies":"Red Slaver","floor":11.0,"turns":3.0},{"damage":0.0,"enemies":"3 Louse","floor":12.0,"turns":2.0},{"damage":0.0,"enemies":"Large Slime","floor":13.0,"turns":4.0},{"damage":1.0,"enemies":"Exordium Wildlife","floor":15.0,"turns":3.0},{"damage":0.0,"enemies":"downfall:Watcher","floor":16.0,"turns":4.0},{"damage":14.0,"enemies":"Book of Stabbing","floor":21.0,"turns":4.0},{"damage":8.0,"enemies":"Chosen","floor":22.0,"turns":3.0},{"damage":8.0,"enemies":"Slavers","floor":26.0,"turns":6.0},{"damage":13.0,"enemies":"3 Byrds","floor":28.0,"turns":3.0},{"damage":0.0,"enemies":"Snecko","floor":29.0,"turns":2.0},{"damage":5.0,"enemies":"Centurion and Healer","floor":30.0,"turns":4.0},{"damage":9,"enemies":"3 Cultists","floor":32,"turns":5},{"damage":45,"enemies":"downfall:Ironclad","floor":33,"turns":4}],"seed_played":"7431014631810782392","potions_obtained":[{"floor":2.0,"key":"sneckomod:MuddlingPotion"},{"floor":3.0,"key":"sneckomod:MuddlingPotion"},{"floor":5.0,"key":"Energy Potion"},{"floor":6.0,"key":"LifebloodPotion"},{"floor":8.0,"key":"Regen Potion"},{"floor":9.0,"key":"Fruit Juice"},{"floor":10.0,"key":"Explosive Potion"},{"floor":12.0,"key":"SkillPotion"},{"floor":12.0,"key":"hexamod:EctoCoolerPotion"},{"floor":13.0,"key":"Toxic Potion"},{"floor":16.0,"key":"Weak Potion"},{"floor":16.0,"key":"Block Potion"},{"floor":21.0,"key":"Reflective Coating"},{"floor":21.0,"key":"Energy Potion"},{"floor":22.0,"key":"Guardian:BlockOnCardUsePotion"},{"floor":26.0,"key":"Fire Potion"},{"floor":26.0,"key":"hexamod:DoubleChargePotion"},{"floor":32,"key":"SkillPotion"}],"is_trial":false,"path_per_floor":["R_BF","M","E","R","E","M","T","M","$","E","M","M","M","?","M","B",null,"R","?","R","E","M","?","T","R","E","R","M","M","M","?","M","B"],"character_chosen":"THE_SPIRIT","items_purchased":["hexamod:FastForward","hexamod:Hexaguard","hexamod:BacktrackSmack"],"campfire_rested":0,"item_purchase_floors":[9,9,9],"current_hp_per_floor":[63,63,33,33,22,20,20,19,20,20,12,12,24,29,28,28,62,62,62,62,48,47,47,47,57,56,56,50,50,45,45,43,0,0,0],"gold":483,"neow_bonus":"THREE_RARE_CARDS","is_daily":false,"chose_seed":false,"campfire_upgraded":5,"win_rate":0.0,"timestamp":1608558833,"path_taken":["R_BF","M","E","R","E","M","T","M","$","E","M","M","M","?","M","BOSS","R","?","R","E","M","?","T","R","E","R","?","M","M","?","M","BOSS"],"items_purchased_type":["Card","Card","Card"],"build_version":"2020-12-13","purchased_purges":1,"victory":false,"max_hp_per_floor":[63,63,63,63,63,63,63,63,68,68,68,68,68,73,73,73,73,73,73,73,73,73,73,73,83,83,83,83,83,83,83,83,83,83,83],"card_choices":[{"not_picked":["hexamod:Toasty","hexamod:EmpoweringStance"],"picked":"hexamod:TimeWarp","floor":0.0},{"not_picked":["hexamod:Rewind","hexamod:ShieldOfDarkness"],"picked":"hexamod:FastForward","floor":2.0},{"not_picked":["hexamod:ThermalTransfer","hexamod:HauntingEcho"],"picked":"hexamod:FourthSeal","floor":3.0},{"not_picked":["hexamod:GhostShield","hexamod:SpectralAdrenaline","hexamod:FourthSeal"],"picked":"SKIP","floor":5.0},{"not_picked":["hexamod:ShieldOfDarkness","hexamod:InspiringFlames","hexamod:HauntingEcho"],"picked":"SKIP","floor":6.0},{"not_picked":["hexamod:GhostShield","hexamod:Hexaguard"],"picked":"hexamod:GhostOfSpirePast","floor":8.0},{"not_picked":["hexamod:RecurringNightmare","hexamod:NightmareGuise","hexamod:SpectralSpark"],"picked":"SKIP","floor":9.0},{"not_picked":["hexamod:UnleashSpirits","hexamod:NightmareGuise"],"picked":"hexamod:FastForward","floor":10.0},{"not_picked":["hexamod:HauntingEcho","hexamod:Firestarter","hexamod:GhostLash"],"picked":"SKIP","floor":11.0},{"not_picked":["hexamod:CatchUp","hexamod:Haunt"],"picked":"hexamod:BacktrackSmack","floor":12.0},{"not_picked":["hexamod:ThermalTransfer","hexamod:SpectersWail","hexamod:BacktrackSmack"],"picked":"SKIP","floor":13.0},{"not_picked":["hexamod:BurningTouch","hexamod:SpectersWail","hexamod:InspiringFlames"],"picked":"SKIP","floor":15.0},{"not_picked":["hexamod:Toasty","hexamod:CrushingStance"],"picked":"hexamod:TurnItUp","floor":16.0},{"not_picked":["hexamod:Firestarter","hexamod:SwordOfDarkness"],"picked":"hexamod:FirstSeal","floor":21.0},{"not_picked":["hexamod:InspiringFlames+1","hexamod:SuperheatedStrike+1","hexamod:BacktrackSmack"],"picked":"SKIP","floor":22.0},{"not_picked":["hexamod:SuperheatedStrike","hexamod:PhantomCloak"],"picked":"hexamod:StepThrough","floor":26.0},{"not_picked":["hexamod:Hexaguard","hexamod:GhostLash+1"],"picked":"hexamod:SkipABeat","floor":28.0},{"not_picked":["hexamod:CatchUp","hexamod:WildfireWeapon"],"picked":"hexamod:AdvancingGuard+1","floor":29.0},{"not_picked":["hexamod:RainOfEmbers","hexamod:SwordOfDarkness","hexamod:InspiringFlames"],"picked":"SKIP","floor":30.0},{"not_picked":["hexamod:SpectersWail+1","hexamod:ThermalTransfer+1","hexamod:NightmareGuise+1"],"picked":"SKIP","floor":32}],"player_experience":524514,"relics_obtained":[{"floor":1.0,"key":"Regal Pillow"},{"floor":3.0,"key":"Akabeko"},{"floor":5.0,"key":"Replay:Bandana"},{"floor":7.0,"key":"Smiling Mask"},{"floor":10.0,"key":"Gambling Chip"},{"floor":21.0,"key":"Onion Ring"},{"floor":26.0,"key":"Omamori"}],"event_choices":[{"damage_healed":0.0,"max_hp_gain":5.0,"max_hp_loss":0.0,"gold_gain":0.0,"event_name":"Big Fish","player_choice":"Donut","floor":14.0,"gold_loss":0.0,"damage_taken":0.0},{"damage_healed":0.0,"max_hp_gain":0.0,"max_hp_loss":0.0,"gold_gain":0.0,"event_name":"Accursed Blacksmith","player_choice":"Rummage","floor":23.0,"gold_loss":0.0,"damage_taken":0.0,"relics_obtained":["WarpedTongs"],"cards_obtained":["Pain"]},{"damage_healed":0.0,"max_hp_gain":0.0,"max_hp_loss":0.0,"gold_gain":0.0,"event_name":"Addict","player_choice":"Stole Relic","floor":31.0,"gold_loss":0.0,"damage_taken":0.0,"relics_obtained":["PreservedInsect"],"cards_obtained":["Shame"]}],"is_beta":false,"boss_relics":[{"not_picked":["ReplayTheSpireMod:DimensionalGlitch","Ectoplasm"],"picked":"Philosopher\u0027s Stone"}],"items_purged_floors":[9],"is_endless":false,"potions_floor_spawned":[2,3,12,13,21,26,28,30],"killed_by":"downfall:Ironclad","ascension_level":6}}