{"host":"wwt2ezt6nhdbor27","time":1608515267,"event":{"mods":["Act Like it!","Bard","BaseMod","Beaked The Cultist","Colored Map","Glutton Mod","Hermit","Highlight Path","Jorbs\u0027s Wanderer Trilogy","Koishi","Mad Scientist","Marisa????????","Minty Spire (QoL Compilation)","Relic Stats","StSLib","The Administrix","The Bug Knight","The Construct","The Cursed","The Marked","The Mystic","The Servant 0.9.4","The Witch"],"gold_per_floor":[115,131,131,151,168,201,56,66,146,146,68,99,114,125,125,228,228,239,250,76,95,113,113,144,144,170,170,170,183,183,210,210,310,310,326,326,326,344,344,372,372,372,372],"floor_reached":44,"playtime":5707,"items_purged":[],"score":667,"play_id":"3d99bdb6-2d25-4b00-b73d-05112648fc54","local_time":"20201220174747","is_ascension_mode":false,"campfire_choices":[{"floor":10,"key":"REST"},{"data":"beaked:Flinch","floor":15,"key":"SMITH"},{"data":"beaked:MachineEssence","floor":23,"key":"SMITH"},{"floor":30,"key":"REST"},{"data":"beaked:MaddeningMurmurs","floor":32,"key":"SMITH"},{"data":"beaked:Ceremony","floor":41,"key":"SMITH"}],"circlet_count":0,"master_deck":["beaked:Strike_Y","beaked:Strike_Y","beaked:Strike_Y","beaked:Strike_Y","beaked:Strike_Y","beaked:Defend_Y","beaked:Defend_Y","beaked:Defend_Y","beaked:Defend_Y","beaked:Ceremony","beaked:Ceremony","beaked:Ceremony+1","beaked:Windmill+1","beaked:Cower","beaked:WarriorSpirit","beaked:WindBringer","beaked:Flinch+1","beaked:TuckingFeathers","beaked:Caw","beaked:Molting","beaked:DigDeep+1","beaked:MachineEssence+1","beaked:CrazyRituals+1","beaked:MaddeningMurmurs+1","beaked:Insight","beaked:Daydream","beaked:Overpower+1","beaked:Daydream+1","beaked:TuckingFeathers","beaked:WildInstinct","beaked:ScreechingChant","beaked:Roost+1","beaked:Roost+1","Parasite","beaked:WarriorEssence"],"relics":["beaked:MendingPlumage","Pantograph","Vajra","HornCleat","construct:RocketBooster","Snecko Eye","Lee\u0027s Waffle","Happy Flower","Enchiridion","MealTicket","Lantern","Oddly Smooth Stone","construct:WeddingRing","Shuriken","Peace Pipe"],"acts_visited":["Exordium","TheCity","TheBeyond"],"potions_floor_usage":[6,12,16,16,24,28,29,39],"damage_taken":[{"damage":6,"enemies":"Cultist","floor":1,"turns":5},{"damage":17,"enemies":"Small Slimes","floor":2,"turns":4},{"damage":11,"enemies":"Jaw Worm","floor":4,"turns":4},{"damage":13,"enemies":"Large Slime","floor":5,"turns":6},{"damage":38,"enemies":"Gremlin Nob","floor":6,"turns":5},{"damage":11,"enemies":"3 Louse","floor":8,"turns":4},{"damage":22,"enemies":"3 Sentries","floor":12,"turns":5},{"damage":17,"enemies":"Red Slaver","floor":13,"turns":5},{"damage":6,"enemies":"Exordium Wildlife","floor":14,"turns":3},{"damage":22,"enemies":"Hexaghost","floor":16,"turns":9},{"damage":13,"enemies":"2 Thieves","floor":18,"turns":4},{"damage":32,"enemies":"3 Byrds","floor":19,"turns":9},{"damage":2,"enemies":"3 Cultists","floor":21,"turns":5},{"damage":7,"enemies":"Snecko","floor":22,"turns":6},{"damage":56,"enemies":"Book of Stabbing","floor":24,"turns":6},{"damage":0,"enemies":"Chosen and Byrds","floor":28,"turns":1},{"damage":51,"enemies":"Snake Plant","floor":29,"turns":8},{"damage":19,"enemies":"Slavers","floor":31,"turns":7},{"damage":33,"enemies":"Collector","floor":33,"turns":11},{"damage":36,"enemies":"3 Shapes","floor":35,"turns":6},{"damage":30,"enemies":"3 Darklings","floor":38,"turns":5},{"damage":30,"enemies":"Writhing Mass","floor":39,"turns":5},{"damage":118,"enemies":"beaked:SuperParasite","floor":40,"turns":11},{"damage":116,"enemies":"Time Eater","floor":43,"turns":13}],"seed_played":"-9136255038079927785","potions_obtained":[{"floor":1,"key":"Weak Potion"},{"floor":5,"key":"Weak Potion"},{"floor":8,"key":"Fire Potion"},{"floor":13,"key":"LiquidBronze"},{"floor":16,"key":"Dexterity Potion"},{"floor":22,"key":"Explosive Potion"},{"floor":24,"key":"SmokeBomb"},{"floor":31,"key":"BlessingOfTheForge"},{"floor":33,"key":"SmokeBomb"}],"is_trial":false,"path_per_floor":["M","M","?","M","M","E","$","M","T","R","$","E","M","M","R","B",null,"M","M","$","M","M","R","E","?","T","T","M","M","R","E","R","B",null,"M","?","?","M","M","E","R","?","B",null],"character_chosen":"BEAKED_THE_CULTIST","items_purchased":["Vajra","beaked:TuckingFeathers","beaked:WarriorEssence","Lee\u0027s Waffle","beaked:Insight"],"campfire_rested":2,"item_purchase_floors":[7,11,11,20,20],"current_hp_per_floor":[54,47,47,47,52,24,24,24,24,40,40,31,26,27,27,49,55,55,55,62,62,62,62,33,17,17,17,18,29,47,62,62,62,62,51,51,51,48,62,60,60,60,13],"gold":372,"neow_bonus":"TEN_PERCENT_HP_BONUS","is_daily":false,"chose_seed":false,"campfire_upgraded":4,"win_rate":0.0,"timestamp":1608515267,"path_taken":["M","?","?","M","M","E","?","M","T","R","$","E","M","?","R","BOSS","M","?","$","M","M","R","E","?","T","?","M","M","R","E","R","BOSS","M","?","?","?","M","E","R","?","BOSS"],"items_purchased_type":["Relic","Card","Card","Relic","Card"],"build_version":"2020-12-13","purchased_purges":0,"victory":true,"max_hp_per_floor":[55,55,55,55,55,55,55,55,55,55,55,55,55,55,55,55,55,55,55,62,62,62,62,62,62,62,62,62,62,62,62,62,62,62,62,62,62,62,62,62,62,62,62],"relic_stats":{"Peace Pipe":0,"Lee\u0027s Waffle":7,"Happy Flower":[22],"counters":[24,147],"Shuriken":[5],"Pantograph":27,"Snecko Eye":[173,156,210,176],"MealTicket":0,"obtain_stats":[{"Lee\u0027s Waffle":20,"Lantern":27,"construct:RocketBooster":12,"construct:WeddingRing":34,"Happy Flower":24,"Vajra":7,"Enchiridion":25,"Oddly Smooth Stone":31,"Peace Pipe":40,"HornCleat":9,"Shuriken":37,"Pantograph":6,"Snecko Eye":17,"MealTicket":26,"beaked:MendingPlumage":0},{"Lee\u0027s Waffle":12,"Lantern":15,"construct:RocketBooster":7,"construct:WeddingRing":19,"Happy Flower":15,"Vajra":5,"Enchiridion":15,"Oddly Smooth Stone":18,"Peace Pipe":23,"HornCleat":6,"Shuriken":20,"Pantograph":5,"Snecko Eye":10,"MealTicket":15,"beaked:MendingPlumage":0},{"Lee\u0027s Waffle":63,"Lantern":80,"construct:RocketBooster":33,"construct:WeddingRing":107,"Happy Flower":80,"Vajra":24,"Enchiridion":80,"Oddly Smooth Stone":96,"Peace Pipe":134,"HornCleat":28,"Shuriken":113,"Pantograph":24,"Snecko Eye":50,"MealTicket":80,"beaked:MendingPlumage":0}]},"card_choices":[{"not_picked":["beaked:BounceBack","beaked:Tradeoff"],"picked":"beaked:Windmill","floor":1},{"not_picked":["beaked:Poke","beaked:Daydream"],"picked":"beaked:Cower","floor":2},{"not_picked":["beaked:Brace","beaked:MimicWarrior"],"picked":"beaked:WarriorSpirit","floor":4},{"not_picked":["beaked:Windmill","beaked:FeelMyPain"],"picked":"beaked:Pecker","floor":5},{"not_picked":["beaked:FullHouse","beaked:FeelMyPain"],"picked":"beaked:WindBringer","floor":6},{"not_picked":["beaked:Redirect","beaked:Struggle"],"picked":"beaked:Flinch","floor":8},{"not_picked":["beaked:DigDeeper","beaked:Windmill"],"picked":"beaked:Caw","floor":12},{"not_picked":["beaked:TuckingFeathers","beaked:CursingBlood"],"picked":"beaked:Molting","floor":13},{"not_picked":["beaked:Evade","beaked:Windmill"],"picked":"beaked:DigDeep","floor":14},{"not_picked":["beaked:Brainwash","beaked:SacrificialScars"],"picked":"beaked:MachineEssence","floor":16},{"not_picked":["beaked:BraceForImpact","beaked:Windmill"],"picked":"beaked:CrazyRituals+1","floor":18},{"not_picked":["beaked:Cower+1","beaked:Devastation"],"picked":"beaked:MaddeningMurmurs","floor":19},{"not_picked":["beaked:Evade","beaked:SurvivalInstinct"],"picked":"beaked:Daydream","floor":21},{"not_picked":["beaked:Resilience","beaked:Daydream"],"picked":"beaked:Overpower+1","floor":22},{"not_picked":["beaked:BraceForImpact","beaked:HuntressEssence"],"picked":"beaked:Daydream","floor":24},{"not_picked":["beaked:Evade","beaked:CursingBlood"],"picked":"beaked:TuckingFeathers","floor":29},{"not_picked":["beaked:Windmill","beaked:SurvivalInstinct"],"picked":"beaked:WildInstinct","floor":31},{"not_picked":["beaked:LiftOff","beaked:Brainwash"],"picked":"beaked:ScreechingChant","floor":33},{"not_picked":["beaked:Brace+1","beaked:StunningBlow"],"picked":"beaked:Roost+1","floor":35},{"not_picked":["beaked:Evade","beaked:SurvivalInstinct"],"picked":"beaked:Roost+1","floor":38},{"not_picked":["beaked:WarriorSpirit+1","beaked:DigDeep+1"],"picked":"beaked:WarriorEssence","floor":40}],"player_experience":190387,"relics_obtained":[{"floor":6,"key":"Pantograph"},{"floor":9,"key":"HornCleat"},{"floor":12,"key":"construct:RocketBooster"},{"floor":24,"key":"Happy Flower"},{"floor":25,"key":"Enchiridion"},{"floor":26,"key":"MealTicket"},{"floor":27,"key":"Lantern"},{"floor":31,"key":"Oddly Smooth Stone"},{"floor":40,"key":"Peace Pipe"}],"event_choices":[{"cards_removed":["beaked:Strike_Y"],"damage_healed":0,"gold_gain":0,"player_choice":"Offered Basic","damage_taken":0,"max_hp_gain":0,"max_hp_loss":0,"event_name":"Bonfire Elementals","floor":3,"gold_loss":0},{"damage_healed":0,"gold_gain":0,"player_choice":"Obtained Book","damage_taken":16,"max_hp_gain":0,"max_hp_loss":0,"event_name":"Cursed Tome","floor":25,"gold_loss":0},{"cards_removed":["beaked:WarriorEssence"],"damage_healed":0,"gold_gain":0,"player_choice":"Removed Attack","damage_taken":0,"max_hp_gain":0,"max_hp_loss":0,"event_name":"Falling","floor":36,"gold_loss":0},{"cards_removed":["beaked:Pecker"],"damage_healed":0,"gold_gain":0,"player_choice":"Gave Card","damage_taken":0,"relics_obtained":["Shuriken"],"max_hp_gain":0,"max_hp_loss":0,"event_name":"WeMeetAgain","floor":37,"gold_loss":0},{"damage_healed":0,"gold_gain":0,"player_choice":"Took Portal","damage_taken":0,"max_hp_gain":0,"max_hp_loss":0,"event_name":"SecretPortal","floor":42,"gold_loss":0}],"is_beta":false,"boss_relics":[{"not_picked":["Ectoplasm","beaked:MawFillet"],"picked":"Snecko Eye"},{"not_picked":["Runic Dome","SacredBark"],"picked":"construct:WeddingRing"}],"items_purged_floors":[],"is_endless":false,"potions_floor_spawned":[1,5,8,13,16,22,24,31,33,39],"ascension_level":0}}