{"host":"a8rzj4nfw2w5de5r","time":1608556621,"event":{"mods":["BaseMod","Block Reminder","Colored Map","Downfall","Highlight Path","Minty Spire (QoL Compilation)","Relic Sorter","Relic Stats","StSLib"],"gold_per_floor":[99,99,126,51,51,64,64,87,87,117,133,133,233,33,49,151,151,151,151,151,164,181,210,222,9,33,45,42,67,93,116,142,154,154,154],"floor_reached":33,"playtime":2787,"items_purged":["champ:Defend"],"score":325,"play_id":"d3db2572-9ce7-4bb6-943c-444c34e67a81","local_time":"20201221184701","is_ascension_mode":false,"campfire_choices":[{"data":"champ:Taunt","floor":1,"key":"SMITH"},{"data":"champ:DeathBlow","floor":5,"key":"SMITH"},{"data":"champ:AdrenalArmor","floor":9,"key":"SMITH"},{"floor":18,"key":"RECALL"},{"data":"champ:Improvising","floor":25,"key":"SMITH"},{"data":"champ:FocusedGladiator","floor":27,"key":"SMITH"}],"circlet_count":0,"master_deck":["champ:Strike","champ:Defend","champ:Defend","champ:Execute","champ:Taunt+1","champ:DeathBlow+1","champ:BerserkersShout","champ:AdrenalArmor+1","champ:BladeFlurry","champ:EnchantShield","champ:StanceDance+1","champ:Aggression","champ:PreciseThrust","champ:GladiatorStyle","champ:FocusedGladiator+1","champ:Haymaker","champ:Improvising+1","champ:SkillfulDodge","champ:Encircle+1","champ:RisingSlash","champ:Lariat","champ:ShieldSigil+1","champ:Backstep","champ:Duel","champ:Riposte+1"],"relics":["champ:ChampionCrown","downfall:HeartsMalice","Pen Nib","Juzu Bracelet","Odd Mushroom","Smiling Mask","Lee\u0027s Waffle","SlaversCollar","MawBank","downfall:HeartBlessingRed","downfall:HeartBlessingGreen","downfall:HeartBlessingBlue"],"acts_visited":["Exordium","TheCity"],"potions_floor_usage":[10,21,26,29],"damage_taken":[{"damage":0,"enemies":"Cultist","floor":2,"turns":1},{"damage":0,"enemies":"Lagavulin","floor":3,"turns":1},{"damage":0,"enemies":"downfall:FleeingMerchant","floor":4,"turns":1},{"damage":48,"enemies":"Small Slimes","floor":6,"turns":6},{"damage":75,"enemies":"The Mushroom Lair","floor":8,"turns":5},{"damage":34,"enemies":"Gremlin Nob","floor":10,"turns":3},{"damage":8,"enemies":"2 Louse","floor":11,"turns":3},{"damage":42,"enemies":"downfall:Heads","floor":13,"turns":7},{"damage":32,"enemies":"downfall:FleeingMerchant","floor":14,"turns":4},{"damage":21,"enemies":"Large Slime","floor":15,"turns":5},{"damage":85,"enemies":"downfall:Silent","floor":16,"turns":8},{"damage":26,"enemies":"Shell Parasite","floor":21,"turns":5},{"damage":37,"enemies":"Spheric Guardian","floor":22,"turns":5},{"damage":29,"enemies":"Gremlin Leader","floor":23,"turns":5},{"damage":17,"enemies":"3 Cultists","floor":26,"turns":4},{"damage":28,"enemies":"downfall:FleeingMerchant","floor":28,"turns":4},{"damage":48,"enemies":"Sentry and Sphere","floor":29,"turns":4},{"damage":31,"enemies":"Snake Plant","floor":30,"turns":5},{"damage":18,"enemies":"Cultist and Chosen","floor":31,"turns":7},{"damage":22,"enemies":"Centurion and Healer","floor":32,"turns":7},{"damage":27,"enemies":"downfall:Watcher","floor":33,"turns":4}],"seed_played":"961841682446327271","potions_obtained":[{"floor":6,"key":"DistilledChaos"},{"floor":11,"key":"champ:OpenerPotion"},{"floor":15,"key":"AttackPotion"},{"floor":16,"key":"sneckomod:MuddlingPotion"},{"floor":22,"key":"champ:TechniquePotion"},{"floor":26,"key":"Swift Potion"},{"floor":29,"key":"LiquidBronze"}],"is_trial":false,"path_per_floor":["R","M","E","$","R","M","T","?","R","E","M","?","?","$","M","B",null,"R","?","?","M","M","E","T","R","M","R","$","M","M","M","M","B"],"character_chosen":"THE_CHAMP","items_purchased":["champ:FocusedGladiator","Lee\u0027s Waffle"],"campfire_rested":0,"item_purchase_floors":[14,14],"current_hp_per_floor":[90,90,90,90,90,86,86,47,47,33,33,64,33,102,102,83,102,102,102,102,86,73,69,69,79,79,79,74,50,34,25,22,0,0,0],"gold":154,"neow_bonus":"THREE_ENEMY_KILL","is_daily":false,"chose_seed":false,"campfire_upgraded":5,"win_rate":0.0,"timestamp":1608556621,"path_taken":["R","M","E","?","R","?","T","?","R","E","M","?","?","?","M","BOSS","R","?","?","M","M","E","T","R","M","R","$","M","M","M","M","BOSS"],"items_purchased_type":["Card","Relic"],"build_version":"2020-12-13","purchased_purges":1,"victory":false,"max_hp_per_floor":[90,90,90,90,90,95,95,95,95,95,95,95,95,102,102,102,102,102,102,102,102,102,102,102,112,112,112,112,112,112,112,112,112,112,112],"relic_stats":{"Lee\u0027s Waffle":75,"counters":[21,91],"Pen Nib":[13],"Juzu Bracelet":0,"Smiling Mask":0,"MawBank":120,"obtain_stats":[{"SlaversCollar":17,"Lee\u0027s Waffle":14,"downfall:HeartBlessingRed":25,"downfall:HeartBlessingBlue":25,"champ:ChampionCrown":0,"downfall:HeartsMalice":0,"downfall:HeartBlessingGreen":25,"Pen Nib":3,"Juzu Bracelet":7,"Odd Mushroom":8,"Smiling Mask":10,"MawBank":23},{"SlaversCollar":11,"Lee\u0027s Waffle":9,"downfall:HeartBlessingRed":14,"downfall:HeartBlessingBlue":14,"champ:ChampionCrown":0,"downfall:HeartsMalice":0,"downfall:HeartBlessingGreen":14,"Pen Nib":2,"Juzu Bracelet":4,"Odd Mushroom":5,"Smiling Mask":6,"MawBank":14},{"SlaversCollar":41,"Lee\u0027s Waffle":28,"downfall:HeartBlessingRed":56,"downfall:HeartBlessingBlue":56,"champ:ChampionCrown":0,"downfall:HeartsMalice":0,"downfall:HeartBlessingGreen":56,"Pen Nib":0,"Juzu Bracelet":6,"Odd Mushroom":11,"Smiling Mask":14,"MawBank":56}]},"card_choices":[{"not_picked":["champ:HeartStrike","champ:BringItOn"],"picked":"champ:DeathBlow","floor":2},{"not_picked":["champ:FlashCut","champ:Haymaker"],"picked":"champ:BerserkersShout","floor":3},{"not_picked":["champ:PerfectForm","champ:DefensiveShout"],"picked":"champ:FightOn","floor":4},{"not_picked":["champ:Lariat","champ:IronFortress"],"picked":"champ:AdrenalArmor","floor":6},{"not_picked":["champ:GladiatorsShout","champ:FlashCut"],"picked":"champ:BladeFlurry","floor":8},{"not_picked":["champ:Aggression","champ:RecklessLeap"],"picked":"champ:EnchantShield","floor":10},{"not_picked":["champ:GladiatorsShout","champ:FalseCounter"],"picked":"champ:StanceDance","floor":11},{"not_picked":["champ:CrookedStrike","champ:TornadoPunch"],"picked":"champ:PreciseThrust","floor":13},{"not_picked":["champ:FightOn","champ:BerserkersShout"],"picked":"champ:GladiatorStyle","floor":14},{"not_picked":["champ:ShieldSigil","champ:SwordThrow"],"picked":"champ:Haymaker","floor":15},{"not_picked":["champ:EnchantShield","champ:IgnorePain"],"picked":"champ:Improvising","floor":16},{"not_picked":["champ:ViciousMockery","champ:BladeFlurry"],"picked":"champ:SkillfulDodge","floor":21},{"not_picked":["champ:Backstep","champ:Circumvent"],"picked":"champ:Encircle+1","floor":22},{"not_picked":["champ:IgnorePain","champ:Circumvent"],"picked":"champ:RisingSlash","floor":23},{"not_picked":["champ:Encircle+1","champ:Backstep"],"picked":"champ:Lariat","floor":26},{"not_picked":["champ:BringItOn","champ:CalledShot","champ:ViciousMockery"],"picked":"SKIP","floor":28},{"not_picked":["champ:Haymaker","champ:StanceDance"],"picked":"champ:ShieldSigil+1","floor":29},{"not_picked":["champ:BerserkerStyle+1","champ:RecklessLeap"],"picked":"champ:Backstep","floor":30},{"not_picked":["champ:Encircle+1","champ:FocusedDefense"],"picked":"champ:Duel","floor":31},{"not_picked":["champ:Shatter+1","champ:GladiatorsShout"],"picked":"champ:Riposte+1","floor":32}],"player_experience":573979,"relics_obtained":[{"floor":3,"key":"Pen Nib"},{"floor":7,"key":"Juzu Bracelet"},{"floor":8,"key":"Odd Mushroom"},{"floor":10,"key":"Smiling Mask"},{"floor":23,"key":"MawBank"}],"event_choices":[{"damage_healed":0,"gold_gain":0,"player_choice":"Fought Mushrooms","damage_taken":0,"max_hp_gain":0,"max_hp_loss":0,"event_name":"Mushrooms","floor":8,"gold_loss":0},{"damage_healed":31,"gold_gain":0,"player_choice":"Banana","damage_taken":0,"max_hp_gain":0,"max_hp_loss":0,"event_name":"Big Fish","floor":12,"gold_loss":0},{"cards_removed":["champ:Strike"],"damage_healed":0,"gold_gain":0,"player_choice":"Elegance","damage_taken":0,"max_hp_gain":0,"max_hp_loss":0,"event_name":"Back to Basics","floor":19,"gold_loss":0}],"is_beta":false,"boss_relics":[{"not_picked":["Philosopher\u0027s Stone","expansioncontent:StudyCardRelic"],"picked":"SlaversCollar"}],"items_purged_floors":[4],"is_endless":false,"potions_floor_spawned":[6,11,15,16,22,26,29,31],"killed_by":"downfall:Watcher","ascension_level":0}}