{"host":"cjhtzh7tp54jdfyv","time":1608580093,"event":{"mods":["AchievementEnabler","BaseMod","Colored Map","Colored Powertips","Filter the Spire","Minty Spire (QoL Compilation)","RNG Fix","StSLib","ojb\u0027s Better Paths Mod","ojb\u0027s Info Mod"],"gold_per_floor":[119,139,139,153,171,203,203,233,311,311,311,341,341,369,369,444,444,461,461,132,144,144,144,144,178,178,192,204,54,84,94,94,165,165,176,196,215,240,254,88,126,126,126,144,144,182,203,241,241,241,241,241,241,37,81,81],"floor_reached":57,"playtime":5041,"items_purged":["Strike_G","Pain","Strike_G"],"score":2971,"play_id":"a359cd2e-5df0-426e-aea7-1bfa1a30dbcd","local_time":"20201221144813","is_ascension_mode":true,"campfire_choices":[{"data":"Blade Dance","floor":7.0,"key":"SMITH"},{"floor":11.0,"key":"REST"},{"floor":13.0,"key":"REST"},{"data":"Acrobatics","floor":15.0,"key":"SMITH"},{"data":"Catalyst","floor":23.0,"key":"SMITH"},{"data":"Wraith Form v2","floor":32.0,"key":"SMITH"},{"floor":45.0,"key":"RECALL"},{"data":"Secret Technique","floor":49.0,"key":"SMITH"},{"data":"Acrobatics","floor":53.0,"key":"SMITH"}],"circlet_count":0,"master_deck":["AscendersBane","Strike_G+1","Defend_G","Defend_G","Defend_G+1","Defend_G","Defend_G","Survivor","Neutralize","Footwork","Blade Dance+1","Dagger Throw","Underhanded Strike","Dagger Throw+1","Acrobatics+1","Dagger Spray","Slice","Corpse Explosion+1","Escape Plan+1","Die Die Die","Catalyst+1","Backflip","Footwork","Cloak And Dagger","Footwork","Dagger Spray","Acrobatics+1","Ghostly","Ghostly","Ghostly","Wraith Form v2+1","Deadly Poison+1","Acrobatics","Envenom","Adrenaline","Acrobatics","Infinite Blades","Dash+1","Footwork+1","Wraith Form v2+1","Catalyst","Apotheosis","Secret Technique+1","Acrobatics+1","Acrobatics","Tactician+1","Bullet Time"],"relics":["Black Star","Vajra","Whetstone","Mummified Hand","Letter Opener","Ornamental Fan","Akabeko","Philosopher\u0027s Stone","Orrery","WarpedTongs","Anchor","Orichalcum","Shuriken","Pear","Snecko Eye","Gambling Chip","DollysMirror","CeramicFish","White Beast Statue","Ninja Scroll","War Paint","Centennial Puzzle","Happy Flower","Bird Faced Urn","Snake Skull","Bottled Tornado"],"acts_visited":["Exordium","TheCity","TheBeyond","TheEnding"],"potions_floor_usage":[],"damage_taken":[{"damage":4.0,"enemies":"Jaw Worm","floor":1.0,"turns":5.0},{"damage":0.0,"enemies":"Small Slimes","floor":2.0,"turns":4.0},{"damage":0.0,"enemies":"Cultist","floor":4.0,"turns":4.0},{"damage":1.0,"enemies":"2 Fungi Beasts","floor":5.0,"turns":4.0},{"damage":26.0,"enemies":"Lagavulin","floor":6.0,"turns":7.0},{"damage":13.0,"enemies":"3 Sentries","floor":12.0,"turns":7.0},{"damage":13.0,"enemies":"Lagavulin","floor":14.0,"turns":5.0},{"damage":7.0,"enemies":"Hexaghost","floor":16.0,"turns":9.0},{"damage":3.0,"enemies":"3 Byrds","floor":18.0,"turns":3.0},{"damage":0.0,"enemies":"Spheric Guardian","floor":21.0,"turns":4.0},{"damage":3.0,"enemies":"Gremlin Leader","floor":25.0,"turns":6.0},{"damage":0.0,"enemies":"3 Cultists","floor":27.0,"turns":2.0},{"damage":1.0,"enemies":"Centurion and Healer","floor":28.0,"turns":4.0},{"damage":1.0,"enemies":"Slavers","floor":30.0,"turns":3.0},{"damage":0.0,"enemies":"Cultist and Chosen","floor":31.0,"turns":2.0},{"damage":21.0,"enemies":"Collector","floor":33.0,"turns":6.0},{"damage":0.0,"enemies":"Orb Walker","floor":35.0,"turns":2.0},{"damage":0.0,"enemies":"3 Darklings","floor":36.0,"turns":3.0},{"damage":0.0,"enemies":"Maw","floor":37.0,"turns":5.0},{"damage":0.0,"enemies":"Mind Bloom Boss Battle","floor":38.0,"turns":5.0},{"damage":0.0,"enemies":"Jaw Worm Horde","floor":39.0,"turns":2.0},{"damage":1.0,"enemies":"Nemesis","floor":41.0,"turns":9.0},{"damage":0.0,"enemies":"Reptomancer","floor":46.0,"turns":3.0},{"damage":0.0,"enemies":"Transient","floor":47.0,"turns":6.0},{"damage":1.0,"enemies":"Nemesis","floor":48.0,"turns":3.0},{"damage":21.0,"enemies":"Awakened One","floor":50.0,"turns":12.0},{"damage":4.0,"enemies":"Time Eater","floor":51.0,"turns":14.0},{"damage":0,"enemies":"Shield and Spear","floor":55,"turns":6},{"damage":4,"enemies":"The Heart","floor":56,"turns":5}],"seed_played":"-1546799041119767232","potions_obtained":[{"floor":4.0,"key":"Weak Potion"},{"floor":5.0,"key":"DistilledChaos"},{"floor":6.0,"key":"LiquidMemories"},{"floor":18.0,"key":"SmokeBomb"},{"floor":28.0,"key":"SpeedPotion"},{"floor":36.0,"key":"DistilledChaos"},{"floor":37.0,"key":"SteroidPotion"},{"floor":46.0,"key":"CultistPotion"},{"floor":55,"key":"LiquidMemories"}],"is_trial":false,"path_per_floor":["M","M","?","M","M","E","R","?","T","?","R","E","R","E","R","B",null,"M","?","$","M","?","R","?","E","T","M","M","$","E","M","R","B",null,"M","M","M","?","M","$","E","?","T","?","R","E","M","E","R","B","B",null,"R","$","E","B",null],"character_chosen":"THE_SILENT","items_purchased":["Orrery","Footwork","Fire Potion","Acrobatics","DollysMirror","DuplicationPotion"],"campfire_rested":2,"item_purchase_floors":[20,20,20,29,40,54],"current_hp_per_floor":[55,55,48,48,47,21,21,21,21,21,40,27,46,33,33,26,56,53,53,53,53,33,33,33,30,30,30,29,29,38,38,38,17,37,37,37,37,37,37,37,36,36,36,26,26,26,26,25,25,20,32,39,39,39,41,41],"gold":81,"neow_bonus":"BOSS_RELIC","is_daily":false,"chose_seed":false,"campfire_upgraded":6,"win_rate":0.0,"timestamp":1608580093,"path_taken":["M","M","?","M","M","E","R","?","T","?","R","E","R","E","R","BOSS","M","?","?","M","?","R","?","E","T","M","?","$","E","M","R","BOSS","M","M","M","?","?","?","E","?","T","?","R","E","M","E","R","BOSS","BOSS","R","$","E","BOSS"],"items_purchased_type":["Relic","Card","Potion","Card","Relic","Potion"],"build_version":"2020-12-13","purchased_purges":3,"victory":true,"max_hp_per_floor":[66,66,66,66,66,66,66,66,66,66,66,66,66,66,66,66,66,66,66,66,66,33,33,33,33,33,33,33,33,43,43,43,43,43,43,43,43,43,43,43,43,41,41,41,41,41,41,41,41,41,41,41,41,41,41,41],"card_choices":[{"not_picked":["Dagger Throw","Quick Slash"],"picked":"Footwork","floor":1.0},{"not_picked":["Expertise","Finisher"],"picked":"Blade Dance","floor":2.0},{"not_picked":["Night Terror","Backflip"],"picked":"Dagger Throw","floor":4.0},{"not_picked":["Calculated Gamble","Escape Plan"],"picked":"Underhanded Strike","floor":5.0},{"not_picked":["Choke","Setup"],"picked":"Dagger Throw","floor":6.0},{"not_picked":["Deadly Poison","Concentrate"],"picked":"Dagger Spray","floor":12.0},{"not_picked":["Skewer","Distraction"],"picked":"Slice","floor":14.0},{"not_picked":["Tools of the Trade","Bullet Time"],"picked":"Corpse Explosion","floor":16.0},{"not_picked":["Dagger Throw","Underhanded Strike"],"picked":"Escape Plan+1","floor":18.0},{"not_picked":["Blur","Slice"],"picked":"Catalyst","floor":20.0},{"not_picked":["Endless Agony","Underhanded Strike"],"picked":"Backflip","floor":20.0},{"not_picked":["Quick Slash","Deadly Poison"],"picked":"Footwork","floor":20.0},{"not_picked":["Expertise","Dodge and Roll"],"picked":"Cloak And Dagger","floor":20.0},{"not_picked":["Sucker Punch","Accuracy"],"picked":"Dagger Spray","floor":20.0},{"not_picked":["Heel Hook","Bane"],"picked":"Acrobatics","floor":21.0},{"not_picked":["Flying Knee","PiercingWail"],"picked":"Wraith Form v2","floor":25.0},{"not_picked":["Finisher","Deflect"],"picked":"Deadly Poison+1","floor":27.0},{"not_picked":["Dagger Spray","Finisher","Dagger Throw"],"picked":"SKIP","floor":28.0},{"not_picked":["Envenom","Outmaneuver","Dodge and Roll"],"picked":"SKIP","floor":30.0},{"not_picked":["Outmaneuver","Dodge and Roll"],"picked":"Envenom","floor":30.0},{"not_picked":["Prepared","Outmaneuver","Underhanded Strike"],"picked":"SKIP","floor":31.0},{"not_picked":["Die Die Die","Malaise"],"picked":"Adrenaline","floor":33.0},{"not_picked":["Underhanded Strike","Flying Knee"],"picked":"Acrobatics","floor":35.0},{"not_picked":["Skewer+1","Flying Knee","Cloak And Dagger"],"picked":"SKIP","floor":36.0},{"not_picked":["Deadly Poison","Dagger Throw"],"picked":"Infinite Blades","floor":37.0},{"not_picked":["Backflip","Terror"],"picked":"Dash+1","floor":38.0},{"not_picked":["Deadly Poison+1","Slice"],"picked":"Footwork+1","floor":39.0},{"not_picked":["Skewer+1","Flying Knee+1"],"picked":"Catalyst","floor":41.0},{"not_picked":["Enlightenment","Good Instincts"],"picked":"Apotheosis","floor":44.0},{"not_picked":["Swift Strike","Thinking Ahead"],"picked":"Secret Technique","floor":44.0},{"not_picked":["Deflect+1","A Thousand Cuts"],"picked":"Acrobatics+1","floor":46.0},{"not_picked":["Backflip","Underhanded Strike+1"],"picked":"Acrobatics","floor":47.0},{"not_picked":["Quick Slash","Die Die Die"],"picked":"Tactician+1","floor":48.0},{"not_picked":["PiercingWail","Dodge and Roll"],"picked":"Bullet Time","floor":55}],"player_experience":4340197,"relics_obtained":[{"floor":6.0,"key":"Vajra"},{"floor":6.0,"key":"Whetstone"},{"floor":9.0,"key":"Mummified Hand"},{"floor":12.0,"key":"Letter Opener"},{"floor":14.0,"key":"Ornamental Fan"},{"floor":14.0,"key":"Akabeko"},{"floor":25.0,"key":"Anchor"},{"floor":25.0,"key":"Orichalcum"},{"floor":30.0,"key":"Shuriken"},{"floor":30.0,"key":"Pear"},{"floor":38.0,"key":"Gambling Chip"},{"floor":41.0,"key":"CeramicFish"},{"floor":41.0,"key":"White Beast Statue"},{"floor":43.0,"key":"Ninja Scroll"},{"floor":46.0,"key":"War Paint"},{"floor":46.0,"key":"Centennial Puzzle"},{"floor":48.0,"key":"Happy Flower"},{"floor":48.0,"key":"Bird Faced Urn"},{"floor":55,"key":"Snake Skull"},{"floor":55,"key":"Bottled Tornado"}],"event_choices":[{"cards_removed":["Strike_G"],"damage_healed":0.0,"max_hp_gain":0.0,"max_hp_loss":0.0,"gold_gain":0.0,"event_name":"Golden Wing","player_choice":"Card Removal","floor":3.0,"gold_loss":0.0,"damage_taken":7.0},{"damage_healed":0.0,"max_hp_gain":0.0,"max_hp_loss":0.0,"gold_gain":30.0,"event_name":"Dead Adventurer","player_choice":"Searched \u00272\u0027 times","floor":8.0,"gold_loss":0.0,"damage_taken":0.0},{"damage_healed":0.0,"max_hp_gain":0.0,"max_hp_loss":0.0,"gold_gain":0.0,"cards_transformed":["Strike_G"],"event_name":"Transmorgrifier","player_choice":"Transformed","floor":10.0,"gold_loss":0.0,"damage_taken":0.0,"cards_obtained":["Acrobatics"]},{"damage_healed":0.0,"max_hp_gain":0.0,"max_hp_loss":0.0,"gold_gain":0.0,"event_name":"Match and Keep!","player_choice":"1 cards matched","floor":19.0,"gold_loss":0.0,"damage_taken":0.0,"cards_obtained":["Die Die Die"]},{"damage_healed":0.0,"max_hp_gain":0.0,"max_hp_loss":33.0,"gold_gain":0.0,"event_name":"Ghosts","player_choice":"Became a Ghost","floor":22.0,"gold_loss":0.0,"damage_taken":0.0,"cards_obtained":["Ghostly","Ghostly","Ghostly"]},{"damage_healed":0.0,"max_hp_gain":0.0,"max_hp_loss":0.0,"gold_gain":0.0,"event_name":"Accursed Blacksmith","player_choice":"Rummage","floor":24.0,"gold_loss":0.0,"damage_taken":0.0,"relics_obtained":["WarpedTongs"],"cards_obtained":["Pain"]},{"damage_healed":0.0,"max_hp_gain":0.0,"max_hp_loss":0.0,"gold_gain":0.0,"event_name":"MindBloom","player_choice":"Fight","floor":38.0,"gold_loss":0.0,"damage_taken":0.0},{"damage_healed":0.0,"max_hp_gain":0.0,"max_hp_loss":2.0,"gold_gain":0.0,"event_name":"Winding Halls","player_choice":"Max HP","floor":42.0,"gold_loss":0.0,"damage_taken":0.0},{"damage_healed":0.0,"max_hp_gain":0.0,"max_hp_loss":0.0,"gold_gain":0.0,"event_name":"SensoryStone","player_choice":"Memory 3","floor":44.0,"gold_loss":0.0,"damage_taken":10.0}],"is_beta":false,"boss_relics":[{"not_picked":["Velvet Choker","Tiny House"],"picked":"Philosopher\u0027s Stone"},{"not_picked":["Astrolabe","Sozu"],"picked":"Snecko Eye"}],"items_purged_floors":[20,29,54],"is_endless":false,"potions_floor_spawned":[4,5,6,18,21,28,36,37,39,46,47,48,55],"ascension_level":20}}