{"host":"8l1xuphorofpdxlv","time":1608557678,"event":{"mods":["AchievementEnabler","BaseMod","DeckTracker","Minty Spire (QoL Compilation)","Quick Restart","SuperFastMode"],"gold_per_floor":[113,131,2,177,190,190,190,190,235,235,252,271,271,346,346,447,447,447,124,124,124,124,124,124,124,124,124,124,124,124,124,124,124,124,124,124,124,124,124,124,23,23,23,23,23,23,23,23,23,23],"floor_reached":51,"playtime":2180,"items_purged":["Strike_G","Strike_G","Defend_G"],"score":1000,"play_id":"9e3ef1c4-2874-4692-8ac3-8bedd4175b43","local_time":"20201221223438","is_ascension_mode":true,"campfire_choices":[{"data":"Dagger Spray","floor":6.0,"key":"SMITH"},{"data":"Blade Dance","floor":8.0,"key":"SMITH"},{"data":"Backstab","floor":10.0,"key":"SMITH"},{"data":"Backflip","floor":13.0,"key":"SMITH"},{"floor":15.0,"key":"REST"},{"data":"Adrenaline","floor":23.0,"key":"SMITH"},{"data":"Terror","floor":27.0,"key":"SMITH"},{"data":"Blur","floor":32.0,"key":"SMITH"},{"data":"Calculated Gamble","floor":40.0,"key":"SMITH"},{"data":"Phantasmal Killer","floor":49,"key":"SMITH"}],"circlet_count":0,"master_deck":["Defend_G","Defend_G","Defend_G","Survivor","Neutralize","Dagger Spray+1","Backstab+1","Blade Dance+1","Doubt","Backflip+1","Adrenaline+1","Blur+1","Tactician+1","Accuracy+1","Terror+1","Escape Plan+1","Blade Dance+1","Acrobatics+1","Adrenaline","Footwork+1","Eviscerate+1","Dagger Throw+1","Calculated Gamble+1","Infinite Blades+1","Phantasmal Killer+1","Prepared+1","Finisher","Adrenaline","Blade Dance+1"],"relics":["Ring of the Snake","Gambling Chip","Pen Nib","Ectoplasm","Membership Card","Shuriken","Frozen Egg 2","Astrolabe","Toy Ornithopter","Meat on the Bone","Bag of Preparation"],"acts_visited":["Exordium","TheCity","TheBeyond"],"potions_floor_usage":[],"damage_taken":[{"damage":0.0,"enemies":"Cultist","floor":1.0,"turns":4.0},{"damage":1.0,"enemies":"Small Slimes","floor":2.0,"turns":4.0},{"damage":0.0,"enemies":"2 Louse","floor":5.0,"turns":2.0},{"damage":10.0,"enemies":"Gremlin Gang","floor":11.0,"turns":3.0},{"damage":0.0,"enemies":"3 Louse","floor":12.0,"turns":2.0},{"damage":31.0,"enemies":"The Guardian","floor":16.0,"turns":14.0},{"damage":2.0,"enemies":"Shell Parasite","floor":18.0,"turns":3.0},{"damage":0.0,"enemies":"Spheric Guardian","floor":21.0,"turns":2.0},{"damage":0.0,"enemies":"3 Cultists","floor":25.0,"turns":4.0},{"damage":0.0,"enemies":"Snecko","floor":28.0,"turns":2.0},{"damage":12.0,"enemies":"Snake Plant","floor":29.0,"turns":4.0},{"damage":0.0,"enemies":"Cultist and Chosen","floor":31.0,"turns":3.0},{"damage":0.0,"enemies":"Automaton","floor":33.0,"turns":5.0},{"damage":0.0,"enemies":"3 Shapes","floor":35.0,"turns":2.0},{"damage":15.0,"enemies":"3 Darklings","floor":36.0,"turns":2.0},{"damage":0.0,"enemies":"Transient","floor":37.0,"turns":5.0},{"damage":0.0,"enemies":"Maw","floor":38.0,"turns":3.0},{"damage":0.0,"enemies":"3 Darklings","floor":39.0,"turns":1.0},{"damage":0.0,"enemies":"Nemesis","floor":42.0,"turns":3.0},{"damage":0.0,"enemies":"Giant Head","floor":44.0,"turns":2.0},{"damage":0,"enemies":"Writhing Mass","floor":46,"turns":1},{"damage":0,"enemies":"4 Shapes","floor":48,"turns":2},{"damage":0,"enemies":"Awakened One","floor":50,"turns":2}],"seed_played":"-8697137825836925058","potions_obtained":[{"floor":2.0,"key":"LiquidMemories"},{"floor":11.0,"key":"Fire Potion"},{"floor":25.0,"key":"SkillPotion"},{"floor":29.0,"key":"DuplicationPotion"},{"floor":33.0,"key":"BlessingOfTheForge"},{"floor":36.0,"key":"GhostInAJar"},{"floor":39.0,"key":"CunningPotion"}],"is_trial":false,"path_per_floor":["M","M","$","?","M","R","?","R","T","R","M","M","R","?","R","B",null,"M","$","?","M","?","R","?","M","T","R","M","M","?","M","R","B",null,"M","M","M","M","M","R","$","E","T","E","?","M","$","M","R","B",null],"character_chosen":"THE_SILENT","items_purchased":["Blade Dance","Membership Card","Shuriken","Finisher"],"campfire_rested":1,"item_purchase_floors":[3,19,19,41],"current_hp_per_floor":[49,48,48,48,48,48,48,48,48,48,38,38,38,27,48,17,70,68,68,68,68,68,68,68,68,68,68,68,56,56,56,56,56,70,70,55,55,55,55,55,55,55,55,55,55,55,55,55,55,55],"gold":23,"neow_bonus":"ONE_RARE_RELIC","is_daily":false,"chose_seed":false,"campfire_upgraded":9,"win_rate":0.0,"timestamp":1608557678,"path_taken":["M","?","$","?","M","R","?","R","T","R","M","M","R","?","R","BOSS","M","$","?","?","?","R","?","M","T","R","M","M","?","M","R","BOSS","M","?","M","M","M","R","$","E","T","E","?","M","$","M","R","BOSS"],"items_purchased_type":["Card","Relic","Relic","Card"],"build_version":"2020-12-13","purchased_purges":3,"victory":true,"max_hp_per_floor":[70,70,70,70,70,70,70,70,70,70,70,70,70,70,70,70,70,70,70,70,70,70,70,70,70,70,70,70,70,70,70,70,70,70,70,70,70,70,70,70,70,70,70,70,66,66,66,66,66,66],"card_choices":[{"not_picked":["Deflect","Acrobatics"],"picked":"Dagger Spray","floor":1.0},{"not_picked":["Distraction","Sucker Punch"],"picked":"Backstab","floor":2.0},{"not_picked":["Skewer","Backstab","Flying Knee"],"picked":"SKIP","floor":5.0},{"not_picked":["Flechettes","Dash","Riddle With Holes"],"picked":"SKIP","floor":11.0},{"not_picked":["Dagger Spray","Underhanded Strike"],"picked":"Backflip","floor":12.0},{"not_picked":["Storm of Steel","Night Terror"],"picked":"Adrenaline","floor":16.0},{"not_picked":["Riddle With Holes","Heel Hook"],"picked":"Blur","floor":18.0},{"not_picked":["Eviscerate","Deflect+1"],"picked":"Tactician+1","floor":21.0},{"not_picked":["Reflex+1","Dagger Spray"],"picked":"Terror","floor":25.0},{"not_picked":["Bane","Predator"],"picked":"Escape Plan+1","floor":28.0},{"not_picked":["Deflect","Dash+1"],"picked":"Blade Dance+1","floor":29.0},{"not_picked":["Quick Slash+1","Well Laid Plans+1"],"picked":"Acrobatics+1","floor":31.0},{"not_picked":["Glass Knife","A Thousand Cuts+1"],"picked":"Adrenaline","floor":33.0},{"not_picked":["Backflip","Blade Dance"],"picked":"Calculated Gamble","floor":35.0},{"not_picked":["Deadly Poison+1","Dagger Spray+1"],"picked":"Infinite Blades+1","floor":36.0},{"not_picked":["Heel Hook","Dodge and Roll+1"],"picked":"Phantasmal Killer","floor":37.0},{"not_picked":["Well Laid Plans+1","Poisoned Stab"],"picked":"Prepared+1","floor":38.0},{"not_picked":["Cloak And Dagger+1","Endless Agony+1","Catalyst+1"],"picked":"SKIP","floor":39.0},{"not_picked":["Sucker Punch","Choke"],"picked":"Adrenaline","floor":42.0},{"not_picked":["Endless Agony+1","Slice+1","Setup+1"],"picked":"SKIP","floor":44.0},{"not_picked":["Acrobatics","Dagger Throw","Calculated Gamble"],"picked":"SKIP","floor":46},{"not_picked":["Deflect","Prepared+1"],"picked":"Blade Dance+1","floor":48}],"player_experience":77017,"relics_obtained":[{"floor":9.0,"key":"Pen Nib"},{"floor":26.0,"key":"Frozen Egg 2"},{"floor":42.0,"key":"Toy Ornithopter"},{"floor":43.0,"key":"Meat on the Bone"},{"floor":44.0,"key":"Bag of Preparation"}],"event_choices":[{"damage_healed":0.0,"max_hp_gain":0.0,"max_hp_loss":0.0,"gold_gain":175.0,"event_name":"Liars Game","player_choice":"AGREE","floor":4.0,"gold_loss":0.0,"damage_taken":0.0,"cards_obtained":["Doubt"]},{"damage_healed":0.0,"max_hp_gain":0.0,"max_hp_loss":0.0,"gold_gain":0.0,"event_name":"Shining Light","player_choice":"Ignored","floor":7.0,"gold_loss":0.0,"damage_taken":0.0},{"damage_healed":0.0,"max_hp_gain":0.0,"max_hp_loss":0.0,"gold_gain":75.0,"event_name":"World of Goop","player_choice":"Gather Gold","floor":14.0,"gold_loss":0.0,"damage_taken":11.0},{"cards_removed":["Strike_G"],"damage_healed":0.0,"max_hp_gain":0.0,"max_hp_loss":0.0,"gold_gain":0.0,"event_name":"Purifier","player_choice":"Purged","floor":20.0,"gold_loss":0.0,"damage_taken":0.0},{"damage_healed":0.0,"max_hp_gain":0.0,"max_hp_loss":0.0,"gold_gain":99.0,"event_name":"Nest","player_choice":"Stole From Cult","floor":22.0,"gold_loss":0.0,"damage_taken":0.0},{"damage_healed":0.0,"max_hp_gain":0.0,"max_hp_loss":0.0,"gold_gain":0.0,"event_name":"The Library","player_choice":"Read","floor":24.0,"gold_loss":0.0,"damage_taken":0.0,"cards_obtained":["Accuracy"]},{"damage_healed":0.0,"max_hp_gain":0.0,"max_hp_loss":0.0,"gold_gain":0.0,"event_name":"Accursed Blacksmith","player_choice":"Forge","floor":30.0,"gold_loss":0.0,"damage_taken":0.0,"cards_upgraded":["Accuracy"]},{"damage_healed":0.0,"max_hp_gain":0.0,"max_hp_loss":4.0,"gold_gain":0.0,"event_name":"Winding Halls","player_choice":"Max HP","floor":45.0,"gold_loss":0.0,"damage_taken":0.0}],"is_beta":false,"boss_relics":[{"not_picked":["Ring of the Serpent","SacredBark"],"picked":"Ectoplasm"},{"not_picked":["HoveringKite","Velvet Choker"],"picked":"Astrolabe"}],"items_purged_floors":[3,19,41],"is_endless":false,"potions_floor_spawned":[2,11,25,29,33,36,39,42,44,48],"ascension_level":3}}