{"host":"byu8oejwd0fdcxn8","time":1608567856,"event":{"mods":["Act Like it!","Arknights The Spire","BaseMod","Colored Map","Minty Spire (QoL Compilation)","StSLib"],"gold_per_floor":[17,17,29,41,91,91,126,126,150,150,150,162,162,179,179,282,282,295,295,305,404,67,85,10,10,10,26,26,55,67,279,291,405,417,440,191,211,226,241,241,270,270,270,270,270,279,301,330,330,330,330],"floor_reached":50,"playtime":1133,"items_purged":[],"score":640,"play_id":"834777cd-a9fe-4e88-8d20-906a2f4fcc01","local_time":"20201222012416","is_ascension_mode":false,"campfire_choices":[{"data":"Armaments","floor":6,"key":"SMITH"},{"data":"Pommel Strike","floor":11,"key":"SMITH"},{"data":"Sword Boomerang","floor":13,"key":"SMITH"},{"data":"Heavy Blade","floor":15,"key":"SMITH"},{"data":"Demon Form","floor":25,"key":"SMITH"},{"data":"Armaments","floor":32,"key":"SMITH"},{"data":"Feed","floor":40,"key":"SMITH"},{"data":"Heavy Blade","floor":42,"key":"SMITH"},{"data":"Armaments","floor":45,"key":"SMITH"},{"data":"Metallicize","floor":49,"key":"SMITH"}],"circlet_count":0,"master_deck":["Strike_R+1","Strike_R+1","Strike_R+1","Strike_R+1","Strike_R+1","Defend_R+1","Defend_R+1","Defend_R+1","Defend_R+1","Bash+1","Sword Boomerang+1","Cleave","Armaments+1","Pommel Strike+1","Blood for Blood","Heavy Blade+1","Demon Form+1","Clash","Flex","Thunderclap+1","Twin Strike","Armaments+1","Clash+1","Twin Strike","Feed+1","Rampage+1","Heavy Blade+1","Metallicize+1","Rupture","Perfected Strike+1","Armaments+1","Rampage+1","Writhe","Fire Breathing+1","Dual Wield"],"relics":["Black Blood","Bag of Marbles","Akabeko","Potion Belt","Magic Flower","Orichalcum","MawBank","MutagenicStrength","SacredBark","Oddly Smooth Stone","Lantern","CeramicFish"],"acts_visited":["Exordium","TheCity","TheBeyond"],"potions_floor_usage":[23,33,33,33,41,47,48],"damage_taken":[{"damage":11,"enemies":"Jaw Worm","floor":1,"turns":4},{"damage":3,"enemies":"Small Slimes","floor":3,"turns":3},{"damage":6,"enemies":"Cultist","floor":4,"turns":3},{"damage":31,"enemies":"Lagavulin","floor":7,"turns":5},{"damage":0,"enemies":"3 Louse","floor":12,"turns":1},{"damage":2,"enemies":"Blue Slaver","floor":14,"turns":2},{"damage":39,"enemies":"Slime Boss","floor":16,"turns":9},{"damage":10,"enemies":"Chosen","floor":18,"turns":3},{"damage":2,"enemies":"2 Thieves","floor":20,"turns":2},{"damage":0,"enemies":"Snecko","floor":23,"turns":3},{"damage":4,"enemies":"Sentry and Sphere","floor":27,"turns":3},{"damage":0,"enemies":"Gremlin Leader","floor":29,"turns":4},{"damage":25,"enemies":"Collector","floor":33,"turns":6},{"damage":0,"enemies":"3 Darklings","floor":35,"turns":2},{"damage":0,"enemies":"3 Shapes","floor":37,"turns":4},{"damage":27,"enemies":"Spire Growth","floor":38,"turns":5},{"damage":8,"enemies":"Sphere and 2 Shapes","floor":39,"turns":4},{"damage":78,"enemies":"Nemesis","floor":41,"turns":7},{"damage":34,"enemies":"Transient","floor":47,"turns":5},{"damage":0,"enemies":"3 Darklings","floor":48,"turns":1},{"damage":99,"enemies":"Donu and Deca","floor":50,"turns":5}],"seed_played":"-2582023794205455274","potions_obtained":[{"floor":4,"key":"SneckoOil"},{"floor":7,"key":"Block Potion"},{"floor":16,"key":"SteroidPotion"},{"floor":18,"key":"FearPotion"},{"floor":33,"key":"AttackPotion"},{"floor":38,"key":"Weak Potion"},{"floor":41,"key":"Fruit Juice"}],"is_trial":false,"path_per_floor":["M","?","M","M","?","R","E","?","T","?","R","M","R","M","R","B",null,"M","?","M","?","$","M","$","R","T","M","$","E","?","?","R","B",null,"M","$","M","M","M","R","E","R","T","?","R","?","M","M","R","B"],"character_chosen":"IRONCLAD","items_purchased":["Magic Flower","Clash","Twin Strike","Armaments","Oddly Smooth Stone","Heavy Blade","Metallicize"],"campfire_rested":0,"item_purchase_floors":[22,22,24,24,36,36,36],"current_hp_per_floor":[91,91,94,94,94,94,69,51,51,96,96,96,96,96,96,63,96,96,96,96,96,96,96,96,96,96,96,96,96,96,96,96,89,96,99,99,103,94,103,103,43,43,43,43,43,69,68,92,92,0,0],"gold":330,"neow_bonus":"TWENTY_PERCENT_HP_BONUS","is_daily":false,"chose_seed":false,"campfire_upgraded":10,"win_rate":0.0,"timestamp":1608567856,"path_taken":["M","?","M","M","?","R","E","?","T","?","R","M","R","?","R","BOSS","M","?","M","?","?","M","$","R","T","M","$","E","?","?","R","BOSS","M","$","M","M","M","R","E","R","T","?","R","?","M","M","R","BOSS"],"items_purchased_type":["Relic","Card","Card","Card","Relic","Card","Card"],"build_version":"2020-12-13","purchased_purges":0,"victory":false,"max_hp_per_floor":[96,96,96,96,96,96,96,96,96,96,96,96,96,96,96,96,96,96,96,96,96,96,96,96,96,96,96,96,96,96,96,96,96,96,99,99,103,103,103,103,103,103,103,103,103,103,113,117,117,117,117],"card_choices":[{"not_picked":["Shrug It Off","Seeing Red"],"picked":"Sword Boomerang","floor":1},{"not_picked":["Ghostly Armor","Shrug It Off"],"picked":"Cleave","floor":3},{"not_picked":["Feel No Pain","Rage"],"picked":"Armaments","floor":4},{"not_picked":["Intimidate","Rage"],"picked":"Pommel Strike","floor":7},{"not_picked":["Intimidate","Battle Trance"],"picked":"Blood for Blood","floor":12},{"not_picked":["Warcry","Cleave"],"picked":"Heavy Blade","floor":14},{"not_picked":["Limit Break","Reaper"],"picked":"Demon Form","floor":16},{"not_picked":["Pummel","Ghostly Armor"],"picked":"Clash","floor":18},{"not_picked":["Hemokinesis+1","Anger"],"picked":"Flex","floor":20},{"not_picked":["Hemokinesis+1","Clothesline"],"picked":"Thunderclap+1","floor":23},{"not_picked":["True Grit","Offering"],"picked":"Clash+1","floor":27},{"not_picked":["Warcry+1","Anger"],"picked":"Twin Strike","floor":29},{"not_picked":["Exhume","Immolate"],"picked":"Feed","floor":33},{"not_picked":["Dropkick","Warcry+1"],"picked":"Rampage+1","floor":35},{"not_picked":["Rage+1","Headbutt"],"picked":"Rupture","floor":37},{"not_picked":["Infernal Blade","Warcry+1"],"picked":"Perfected Strike+1","floor":38},{"not_picked":["Pommel Strike","Wild Strike+1"],"picked":"Armaments","floor":39},{"not_picked":["Dark Embrace","Exhume"],"picked":"Rampage+1","floor":41},{"not_picked":["Rupture","Burning Pact"],"picked":"Fire Breathing+1","floor":47},{"not_picked":["Sword Boomerang","Blood for Blood"],"picked":"Dual Wield","floor":48}],"player_experience":1034748,"relics_obtained":[{"floor":7,"key":"Bag of Marbles"},{"floor":9,"key":"Potion Belt"},{"floor":26,"key":"Orichalcum"},{"floor":29,"key":"MawBank"},{"floor":41,"key":"Lantern"},{"floor":43,"key":"CeramicFish"}],"event_choices":[{"damage_healed":0,"gold_gain":0,"player_choice":"Grow","damage_taken":0,"max_hp_gain":0,"max_hp_loss":0,"event_name":"Living Wall","floor":2,"gold_loss":0,"cards_upgraded":["Bash"]},{"damage_healed":0,"gold_gain":50,"player_choice":"Gained Gold","damage_taken":0,"max_hp_gain":0,"max_hp_loss":0,"event_name":"Golden Wing","floor":5,"gold_loss":0},{"damage_healed":0,"gold_gain":0,"player_choice":"Success","damage_taken":18,"relics_obtained":["Akabeko"],"max_hp_gain":0,"max_hp_loss":0,"event_name":"Scrap Ooze","floor":8,"gold_loss":0},{"damage_healed":45,"gold_gain":0,"player_choice":"Full Heal","damage_taken":0,"max_hp_gain":0,"max_hp_loss":0,"event_name":"Wheel of Change","floor":10,"gold_loss":0},{"damage_healed":0,"gold_gain":0,"player_choice":"Simplicity","damage_taken":0,"max_hp_gain":0,"max_hp_loss":0,"event_name":"Back to Basics","floor":19,"gold_loss":0,"cards_upgraded":["Strike_R","Strike_R","Strike_R","Strike_R","Strike_R","Defend_R","Defend_R","Defend_R","Defend_R"]},{"damage_healed":0,"gold_gain":99,"player_choice":"Stole From Cult","damage_taken":0,"max_hp_gain":0,"max_hp_loss":0,"event_name":"Nest","floor":21,"gold_loss":0},{"damage_healed":0,"gold_gain":0,"player_choice":"Inject Mutagens","damage_taken":0,"relics_obtained":["MutagenicStrength"],"max_hp_gain":0,"max_hp_loss":0,"event_name":"Drug Dealer","floor":30,"gold_loss":0},{"damage_healed":0,"gold_gain":250,"player_choice":"Bet on Owner","damage_taken":0,"max_hp_gain":0,"max_hp_loss":0,"event_name":"The Joust","floor":31,"gold_loss":50},{"cards_removed":["Clash"],"damage_healed":0,"gold_gain":0,"player_choice":"Removed Attack","damage_taken":0,"max_hp_gain":0,"max_hp_loss":0,"event_name":"Falling","floor":44,"gold_loss":0},{"damage_healed":26,"gold_gain":0,"player_choice":"Writhe","damage_taken":0,"max_hp_gain":0,"max_hp_loss":0,"event_name":"Winding Halls","floor":46,"gold_loss":0,"cards_obtained":["Writhe"]}],"is_beta":false,"boss_relics":[{"not_picked":["Runic Pyramid","Mark of Pain"],"picked":"Black Blood"},{"not_picked":["Fusion Hammer","Astrolabe"],"picked":"SacredBark"}],"items_purged_floors":[],"is_endless":false,"potions_floor_spawned":[4,7,16,18,33,38,41],"killed_by":"Donu and Deca","ascension_level":0}}