{"host":"5jn3rki867005t18","time":1608549443,"event":{"mods":["2.2 Compatiblity","AchievementEnabler","BaseMod","Colored Map","DeckTracker","Minty Spire (QoL Compilation)","Permanent Neow","Rare Cards Sparkle","StSLib","SuperFastMode"],"gold_per_floor":[119,136,152,252,267,296,276,286,286,297,316,316,316],"floor_reached":12,"playtime":435,"items_purged":[],"score":84,"play_id":"b8c9c617-527c-4a0b-9b22-ddaeb216bde9","local_time":"20201221201723","is_ascension_mode":false,"campfire_choices":[],"circlet_count":0,"master_deck":["Strike_R","Strike_R","Strike_R","Strike_R","Strike_R","Defend_R","Defend_R","Defend_R","Defend_R","Bash","Heavy Blade","Flex","Spot Weakness","Wild Strike","Wild Strike","Wild Strike","Searing Blow","Twin Strike","Spot Weakness"],"relics":["Burning Blood","Regal Pillow","Vajra"],"acts_visited":["Exordium"],"potions_floor_usage":[8],"damage_taken":[{"damage":7,"enemies":"Small Slimes","floor":1,"turns":3},{"damage":1,"enemies":"Cultist","floor":2,"turns":3},{"damage":9,"enemies":"2 Louse","floor":3,"turns":3},{"damage":16,"enemies":"Lots of Slimes","floor":5,"turns":5},{"damage":35,"enemies":"3 Sentries","floor":6,"turns":7},{"damage":10,"enemies":"Looter","floor":8,"turns":2},{"damage":14,"enemies":"3 Louse","floor":10,"turns":2},{"damage":12,"enemies":"Exordium Thugs","floor":11,"turns":4},{"damage":35,"enemies":"Gremlin Nob","floor":12,"turns":3}],"seed_played":"-572140467832155332","potions_obtained":[{"floor":1,"key":"Explosive Potion"},{"floor":5,"key":"SkillPotion"},{"floor":7,"key":"Swift Potion"},{"floor":8,"key":"Fruit Juice"}],"is_trial":false,"path_per_floor":["M","M","M","?","M","E","?","M","T","M","M","E"],"character_chosen":"IRONCLAD","items_purchased":[],"campfire_rested":0,"item_purchase_floors":[],"current_hp_per_floor":[79,80,77,77,67,38,38,39,39,31,25,0,0],"gold":316,"neow_bonus":"THREE_CARDS","is_daily":false,"chose_seed":false,"campfire_upgraded":0,"win_rate":0.0,"timestamp":1608549443,"path_taken":["M","M","M","?","?","E","?","M","T","?","M","E"],"items_purchased_type":[],"build_version":"2020-12-13","purchased_purges":0,"victory":false,"max_hp_per_floor":[80,80,80,80,80,80,80,85,85,85,85,85,85],"card_choices":[{"not_picked":["Iron Wave","Perfected Strike"],"picked":"Heavy Blade","floor":0},{"not_picked":["Sever Soul","Dark Embrace"],"picked":"Flex","floor":1},{"not_picked":["Clothesline","Iron Wave"],"picked":"Spot Weakness","floor":2},{"not_picked":["Iron Wave","Perfected Strike"],"picked":"Wild Strike","floor":3},{"not_picked":["Cleave","Feel No Pain"],"picked":"Wild Strike","floor":5},{"not_picked":["Perfected Strike","Combust"],"picked":"Wild Strike","floor":6},{"not_picked":["Battle Trance","Flex"],"picked":"Searing Blow","floor":8},{"not_picked":["True Grit","Sentinel"],"picked":"Twin Strike","floor":10},{"not_picked":["Ghostly Armor","Searing Blow"],"picked":"Spot Weakness","floor":11}],"player_experience":36906,"relics_obtained":[{"floor":6,"key":"Regal Pillow"},{"floor":9,"key":"Vajra"}],"event_choices":[{"damage_healed":0,"gold_gain":100,"player_choice":"Pray","damage_taken":0,"max_hp_gain":0,"max_hp_loss":0,"event_name":"Golden Shrine","floor":4,"gold_loss":0},{"damage_healed":0,"gold_gain":0,"player_choice":"Bought 1 Potion","damage_taken":0,"max_hp_gain":0,"max_hp_loss":0,"event_name":"The Woman in Blue","floor":7,"gold_loss":0}],"is_beta":false,"boss_relics":[],"items_purged_floors":[],"is_endless":false,"potions_floor_spawned":[1,5,8],"killed_by":"Gremlin Nob","ascension_level":0}}