{"host":"f5n4tidiz2n5sooh","time":1608519135,"event":{"mods":["BaseMod","Bestiary","Colored Map","Minty Spire (QoL Compilation)","Relic Stats","StSLib"],"gold_per_floor":[12,23,23,41,41,41,70,70,94,14,14,25,54,68,68,68,68],"floor_reached":16,"playtime":475,"items_purged":[],"score":220,"play_id":"6819f3fb-54f0-4d6e-9e1b-5ae8e1612cf4","local_time":"20201220205215","is_ascension_mode":true,"campfire_choices":[{"data":"Crippling Poison","floor":6,"key":"SMITH"},{"data":"Unload","floor":8,"key":"SMITH"},{"data":"Dagger Throw","floor":11,"key":"SMITH"},{"data":"Dash","floor":15,"key":"SMITH"}],"circlet_count":0,"master_deck":["AscendersBane","Strike_G","Strike_G","Strike_G","Strike_G","Defend_G","Defend_G","Defend_G","Defend_G","Defend_G","Survivor","Neutralize","Corpse Explosion","Dagger Throw+1","Crippling Poison+1","Unload+1","Poisoned Stab","Die Die Die","Bullet Time","PiercingWail","Dash+1"],"relics":["Ring of the Snake","Happy Flower","Centennial Puzzle","Du-Vu Doll"],"acts_visited":["Exordium"],"potions_floor_usage":[7,16,16],"damage_taken":[{"damage":0,"enemies":"Small Slimes","floor":1,"turns":4},{"damage":0,"enemies":"2 Louse","floor":2,"turns":2},{"damage":2,"enemies":"Jaw Worm","floor":4,"turns":4},{"damage":34,"enemies":"Lagavulin","floor":7,"turns":6},{"damage":0,"enemies":"Red Slaver","floor":12,"turns":1},{"damage":8,"enemies":"Gremlin Nob","floor":13,"turns":3},{"damage":0,"enemies":"Large Slime","floor":14,"turns":4},{"damage":30,"enemies":"Slime Boss","floor":16,"turns":6}],"seed_played":"3814572490529939417","potions_obtained":[{"floor":1,"key":"Regen Potion"},{"floor":4,"key":"Weak Potion"},{"floor":13,"key":"PowerPotion"},{"floor":14,"key":"GamblersBrew"}],"is_trial":false,"path_per_floor":["M","M","?","M","?","R","E","R","T","$","R","M","E","M","R","B"],"character_chosen":"THE_SILENT","items_purchased":["Bullet Time"],"campfire_rested":0,"item_purchase_floors":[10],"current_hp_per_floor":[59,59,59,57,57,57,38,38,38,38,38,38,30,30,30,0,0],"gold":68,"neow_bonus":"THREE_RARE_CARDS","is_daily":false,"chose_seed":false,"campfire_upgraded":4,"win_rate":0.0,"timestamp":1608519135,"path_taken":["M","M","?","M","?","R","E","R","T","?","R","M","E","?","R","BOSS"],"items_purchased_type":["Card"],"build_version":"2020-12-13","purchased_purges":0,"victory":false,"max_hp_per_floor":[66,66,66,66,66,66,66,66,66,66,66,66,66,66,66,66,66],"relic_stats":{"Centennial Puzzle":[6],"Happy Flower":[4],"counters":[8,30],"obtain_stats":[{"Du-Vu Doll":13,"Centennial Puzzle":9,"Happy Flower":7,"Ring of the Snake":0},{"Du-Vu Doll":6,"Centennial Puzzle":4,"Happy Flower":4,"Ring of the Snake":0},{"Du-Vu Doll":20,"Centennial Puzzle":16,"Happy Flower":16,"Ring of the Snake":0}],"Ring of the Snake":[16]},"card_choices":[{"not_picked":["Burst","A Thousand Cuts"],"picked":"Corpse Explosion","floor":0},{"not_picked":["Well Laid Plans","Calculated Gamble"],"picked":"Dagger Throw","floor":1},{"not_picked":["Underhanded Strike","Blade Dance"],"picked":"Crippling Poison","floor":2},{"not_picked":["Quick Slash","Prepared"],"picked":"Poisoned Stab","floor":4},{"not_picked":["All Out Attack","Poisoned Stab"],"picked":"Die Die Die","floor":7},{"not_picked":["Expertise","Calculated Gamble"],"picked":"PiercingWail","floor":12},{"not_picked":["Flechettes","Setup","Dagger Throw"],"picked":"SKIP","floor":13},{"not_picked":["All Out Attack","Dodge and Roll"],"picked":"Dash","floor":14}],"player_experience":1906266,"relics_obtained":[{"floor":7,"key":"Happy Flower"},{"floor":9,"key":"Centennial Puzzle"},{"floor":13,"key":"Du-Vu Doll"}],"event_choices":[{"damage_healed":0,"gold_gain":0,"cards_transformed":["Strike_G"],"player_choice":"Change","damage_taken":0,"max_hp_gain":0,"max_hp_loss":0,"event_name":"Living Wall","floor":3,"gold_loss":0,"cards_obtained":["Unload"]},{"damage_healed":0,"gold_gain":0,"player_choice":"Ignored","damage_taken":0,"max_hp_gain":0,"max_hp_loss":0,"event_name":"Liars Game","floor":5,"gold_loss":0}],"is_beta":false,"boss_relics":[],"items_purged_floors":[],"is_endless":false,"potions_floor_spawned":[1,4,13,14],"killed_by":"Slime Boss","ascension_level":20}}