{"host":"fm9e0lfunjlbhzxv","time":1608522064,"event":{"mods":["Astrologer","BaseMod","Colored Map","Colored Powertips","Energized Spire","Gremlin Mod","Key Reminder","Lobotomy","LobotomyExtend","Minty Spire (QoL Compilation)","Permanent Neow","Rare Cards Sparkle","Relic Stats","Shedinja","StSLib","The Administrix","The Disciple","The Mystic","TheBandit"],"gold_per_floor":[116,128,128,6,25,25,25],"floor_reached":6,"playtime":389,"items_purged":["Shedinja:Scratch"],"score":36,"play_id":"0e4dee85-8c02-49fb-a31a-f08e22344fa0","local_time":"20201220194104","is_ascension_mode":false,"campfire_choices":[],"circlet_count":0,"master_deck":["Shedinja:Scratch","Shedinja:Scratch","Shedinja:Scratch","Shedinja:Endure","Shedinja:Endure","Shedinja:Endure","Shedinja:Endure","Shedinja:Endure","Shedinja:FocusSash","Shedinja:FocusSash","Shedinja:RockyHelmet","Shedinja:GigaDrain","Shedinja:Absorb","Shedinja:GigaDrain"],"relics":["Shedinja:WonderGuard","LetterFromLob"],"acts_visited":["Exordium"],"potions_floor_usage":[],"damage_taken":[{"damage":0,"enemies":"Small Slimes","floor":1,"turns":7},{"damage":0,"enemies":"Jaw Worm","floor":2,"turns":5},{"damage":0,"enemies":"Cultist","floor":5,"turns":4},{"damage":9,"enemies":"3 Sentries","floor":6,"turns":4}],"seed_played":"-8486776366322885889","potions_obtained":[],"is_trial":false,"path_per_floor":["M","M","?","$","M","E"],"character_chosen":"THE_DEFAULT","items_purchased":["Shedinja:Absorb"],"campfire_rested":0,"item_purchase_floors":[4],"current_hp_per_floor":[1,1,1,1,1,0,0],"gold":25,"neow_bonus":"REMOVE_CARD","is_daily":false,"chose_seed":false,"campfire_upgraded":0,"win_rate":0.0,"timestamp":1608522064,"path_taken":["M","M","?","$","M","E"],"items_purchased_type":["Card"],"build_version":"2020-12-13","purchased_purges":1,"victory":false,"max_hp_per_floor":[1,1,1,1,1,1,1],"relic_stats":{"counters":[4,20],"obtain_stats":[{"Shedinja:WonderGuard":0,"LetterFromLob":5},{"Shedinja:WonderGuard":0,"LetterFromLob":3},{"Shedinja:WonderGuard":0,"LetterFromLob":16}]},"card_choices":[{"not_picked":["Shedinja:WillOWisp","Shedinja:Ether"],"picked":"Shedinja:RockyHelmet","floor":1},{"not_picked":["Shedinja:ConfuseRay","Shedinja:RockyHelmet"],"picked":"Shedinja:GigaDrain","floor":2},{"not_picked":["Shedinja:Agility","Shedinja:Thief"],"picked":"Shedinja:GigaDrain","floor":5}],"player_experience":544472,"relics_obtained":[{"floor":5,"key":"LetterFromLob"}],"event_choices":[],"is_beta":false,"boss_relics":[],"items_purged_floors":[4],"is_endless":false,"potions_floor_spawned":[],"killed_by":"3 Sentries","ascension_level":0}}