{"host":"gfybn4j1d26rvz5e","time":1608518271,"event":{"mods":["BaseMod","Better Altar","Better Match","Better Note","Better Sensory Stone","Better Skull","Better Third Choice","BetterRewards","Highlight Path","Minty Spire (QoL Compilation)","Random Character Button","Relic Stats","StSLib"],"gold_per_floor":[113,63,14,14,14,14,40,60,83,83,96,96,116,14,14,114,114,128,128,128,147,158,188,202,228,228,128,157,157,32,52,52,152,152,166,91,91,111,111,111,124,124,124,124,124,124,174,194,194,194],"floor_reached":51,"playtime":2777,"items_purged":["Strike_G","Strike_G","Strike_G"],"score":1136,"play_id":"2fe42ff5-82e5-4e3a-84c0-29a0f6bd7031","local_time":"20201220203751","is_ascension_mode":true,"campfire_choices":[{"data":"Neutralize","floor":6.0,"key":"SMITH"},{"data":"Footwork","floor":10.0,"key":"SMITH"},{"data":"Flechettes","floor":12.0,"key":"SMITH"},{"data":"Accuracy","floor":15.0,"key":"SMITH"},{"floor":32,"key":"REST"},{"data":"After Image","floor":40,"key":"SMITH"},{"data":"Envenom","floor":42,"key":"SMITH"},{"data":"Night Terror","floor":45,"key":"SMITH"},{"floor":49,"key":"REST"}],"circlet_count":0,"master_deck":["Strike_G","Defend_G","Defend_G","Defend_G","Defend_G","Defend_G","Survivor","Neutralize+1","Footwork+1","Flying Knee","Dagger Spray","Blade Dance+1","Flechettes+1","Dodge and Roll","Accuracy+1","Blade Dance","After Image+1","Backflip+1","Cloak And Dagger+1","Blur","Envenom+1","Night Terror+1"],"relics":["Ring of the Snake","Ice Cream","InkBottle","Potion Belt","Sozu","Ninja Scroll","Letter Opener","The Specimen","Matryoshka","Enchiridion","HoveringKite","Art of War","Boot","Regal Pillow","Mercury Hourglass","Prayer Wheel"],"acts_visited":["Exordium","TheCity","TheBeyond"],"potions_floor_usage":[25,47,50],"damage_taken":[{"damage":0.0,"enemies":"Small Slimes","floor":1.0,"turns":2.0},{"damage":13.0,"enemies":"Lagavulin","floor":7.0,"turns":9.0},{"damage":0.0,"enemies":"Jaw Worm","floor":8.0,"turns":2.0},{"damage":0.0,"enemies":"2 Louse","floor":11.0,"turns":2.0},{"damage":0.0,"enemies":"Gremlin Gang","floor":13.0,"turns":4.0},{"damage":0.0,"enemies":"Slime Boss","floor":16.0,"turns":6.0},{"damage":7.0,"enemies":"2 Thieves","floor":18.0,"turns":4.0},{"damage":0,"enemies":"Spheric Guardian","floor":21,"turns":1},{"damage":3,"enemies":"Centurion and Healer","floor":22,"turns":7},{"damage":1,"enemies":"Book of Stabbing","floor":23,"turns":5},{"damage":0,"enemies":"3 Cultists","floor":24,"turns":3},{"damage":23,"enemies":"Slavers","floor":25,"turns":7},{"damage":0,"enemies":"Book of Stabbing","floor":28,"turns":4},{"damage":1,"enemies":"Snecko","floor":31,"turns":3},{"damage":6,"enemies":"Champ","floor":33,"turns":10},{"damage":4,"enemies":"3 Shapes","floor":35,"turns":2},{"damage":8,"enemies":"3 Darklings","floor":38,"turns":4},{"damage":0,"enemies":"Maw","floor":41,"turns":6},{"damage":29,"enemies":"2 Orb Walkers","floor":47,"turns":4},{"damage":4,"enemies":"Sphere and 2 Shapes","floor":48,"turns":6},{"damage":50,"enemies":"Time Eater","floor":50,"turns":9}],"seed_played":"-5518726519867492644","potions_obtained":[{"floor":1.0,"key":"AttackPotion"},{"floor":8.0,"key":"CunningPotion"},{"floor":11.0,"key":"Fire Potion"}],"is_trial":false,"path_per_floor":["M","?","$","?","?","R","E","M","T","R","M","R","M","$","R","B",null,"M","?","?","M","M","E","M","E","T","$","E","?","$","M","R","B",null,"M","?","$","M","$","R","M","R","T","$","R","T","?","M","R","B",null],"character_chosen":"THE_SILENT","items_purchased":["Footwork","Flying Knee","Dagger Spray","Blade Dance","Accuracy","Blade Dance"],"campfire_rested":2,"item_purchase_floors":[0,0,0,3,14,14],"current_hp_per_floor":[63,63,63,63,68,68,55,55,55,55,55,55,55,55,55,55,75,68,68,68,68,65,64,64,41,41,41,41,25,25,24,46,40,75,71,71,71,63,63,63,63,63,63,63,63,63,34,30,67,17],"gold":194,"neow_bonus":"","is_daily":false,"chose_seed":false,"campfire_upgraded":7,"win_rate":0.0,"timestamp":1608518271,"path_taken":["M","?","$","?","?","R","E","M","T","R","M","R","M","$","R","BOSS","M","?","?","?","M","E","M","E","T","?","E","?","$","M","R","BOSS","M","?","$","M","$","R","M","R","T","?","R","?","?","M","R","BOSS"],"items_purchased_type":["Card","Card","Card","Card","Card","Card"],"build_version":"2020-12-13","purchased_purges":3,"victory":true,"max_hp_per_floor":[70,70,70,70,75,75,75,75,75,75,75,75,75,75,75,75,75,75,75,75,75,75,75,75,75,75,75,75,75,75,75,75,75,75,75,75,75,75,75,75,75,75,75,75,75,75,75,75,75,75],"relic_stats":{"Sozu":10,"Regal Pillow":15,"counters":[21,100],"HoveringKite":[5],"Prayer Wheel":1,"Art of War":[0],"Letter Opener":[120],"Boot":[29],"obtain_stats":[{"Ice Cream":0,"Potion Belt":9,"Regal Pillow":46,"The Specimen":26,"Enchiridion":29,"HoveringKite":34,"Letter Opener":25,"Boot":43,"Mercury Hourglass":46,"Sozu":17,"Matryoshka":28,"Ninja Scroll":23,"Prayer Wheel":47,"Art of War":43,"InkBottle":7,"Ring of the Snake":0},{"Ice Cream":0,"Potion Belt":3,"Regal Pillow":18,"The Specimen":12,"Enchiridion":13,"HoveringKite":15,"Letter Opener":12,"Boot":18,"Mercury Hourglass":18,"Sozu":6,"Matryoshka":13,"Ninja Scroll":10,"Prayer Wheel":19,"Art of War":18,"InkBottle":2,"Ring of the Snake":0},{"Ice Cream":0,"Potion Belt":13,"Regal Pillow":81,"The Specimen":52,"Enchiridion":56,"HoveringKite":69,"Letter Opener":52,"Boot":81,"Mercury Hourglass":81,"Sozu":25,"Matryoshka":56,"Ninja Scroll":42,"Prayer Wheel":85,"Art of War":81,"InkBottle":11,"Ring of the Snake":0}],"InkBottle":[57],"Ring of the Snake":[34],"Mercury Hourglass":[63]},"card_choices":[{"not_picked":["Quick Slash","PiercingWail","Prepared"],"picked":"SKIP","floor":1.0},{"not_picked":["Sucker Punch","Bullet Time"],"picked":"Flechettes","floor":7.0},{"not_picked":["Well Laid Plans","Outmaneuver","Deadly Poison"],"picked":"SKIP","floor":8.0},{"not_picked":["Bouncing Flask","Poisoned Stab","Underhanded Strike"],"picked":"SKIP","floor":11.0},{"not_picked":["Acrobatics","Outmaneuver"],"picked":"Dodge and Roll","floor":13.0},{"not_picked":["Adrenaline","Venomology"],"picked":"After Image","floor":16.0},{"not_picked":["Infinite Blades","Expertise","Cloak And Dagger"],"picked":"SKIP","floor":18},{"not_picked":["Masterful Stab+1","Backflip","Prepared"],"picked":"SKIP","floor":21},{"not_picked":["Crippling Poison","Deflect"],"picked":"Backflip+1","floor":22},{"not_picked":["Blade Dance+1","Adrenaline"],"picked":"Cloak And Dagger+1","floor":23},{"not_picked":["Blade Dance","Underhanded Strike","Catalyst+1"],"picked":"SKIP","floor":24},{"not_picked":["Dagger Spray","Tactician","Flying Knee"],"picked":"SKIP","floor":25},{"not_picked":["Deflect+1","Acrobatics","PiercingWail"],"picked":"SKIP","floor":28},{"not_picked":["Outmaneuver","Quick Slash+1"],"picked":"Blur","floor":31},{"not_picked":["Adrenaline","Storm of Steel"],"picked":"Envenom","floor":33},{"not_picked":["Dagger Throw","Bane","Slice+1"],"picked":"SKIP","floor":35},{"not_picked":["Choke","Dagger Throw"],"picked":"Night Terror","floor":38},{"not_picked":["Eviscerate","Sucker Punch+1","Expertise+1"],"picked":"SKIP","floor":41},{"not_picked":["Dagger Spray+1","Blade Dance","Dagger Throw+1"],"picked":"SKIP","floor":48},{"not_picked":["Predator","Blade Dance+1","Underhanded Strike+1"],"picked":"SKIP","floor":48}],"player_experience":636171,"relics_obtained":[{"floor":7.0,"key":"InkBottle"},{"floor":9.0,"key":"Potion Belt"},{"floor":23,"key":"Ninja Scroll"},{"floor":25,"key":"Letter Opener"},{"floor":26,"key":"The Specimen"},{"floor":28,"key":"Matryoshka"},{"floor":29,"key":"Enchiridion"},{"floor":43,"key":"Art of War"},{"floor":43,"key":"Boot"},{"floor":46,"key":"Regal Pillow"},{"floor":46,"key":"Mercury Hourglass"},{"floor":47,"key":"Prayer Wheel"}],"event_choices":[{"cards_removed":["Strike_G"],"damage_healed":0.0,"max_hp_gain":0.0,"max_hp_loss":0.0,"gold_gain":0.0,"event_name":"The Cleric","player_choice":"Card Removal","floor":2.0,"gold_loss":50.0,"damage_taken":0.0},{"damage_healed":0.0,"max_hp_gain":0.0,"max_hp_loss":0.0,"gold_gain":0.0,"event_name":"Living Wall","player_choice":"Grow","floor":4.0,"gold_loss":0.0,"damage_taken":0.0,"cards_upgraded":["Blade Dance"]},{"damage_healed":0.0,"max_hp_gain":5.0,"max_hp_loss":0.0,"gold_gain":0.0,"event_name":"Big Fish","player_choice":"Donut","floor":5.0,"gold_loss":0.0,"damage_taken":0.0},{"cards_removed":["Defend_G"],"damage_healed":0,"gold_gain":0,"player_choice":"Give","damage_taken":0,"max_hp_gain":0,"max_hp_loss":0,"event_name":"betterNote:BetterNote","floor":19,"gold_loss":0,"cards_obtained":["Doubt"]},{"damage_healed":0,"gold_gain":0,"player_choice":"Got Potions","damage_taken":0,"max_hp_gain":0,"max_hp_loss":0,"event_name":"Lab","floor":20,"gold_loss":0},{"damage_healed":0,"gold_gain":0,"player_choice":"Obtained Book","damage_taken":16,"max_hp_gain":0,"max_hp_loss":0,"event_name":"Cursed Tome","floor":29,"gold_loss":0},{"damage_healed":0,"gold_gain":0,"player_choice":"2","damage_taken":0,"max_hp_gain":0,"max_hp_loss":0,"event_name":"betterMatch:BetterMatch","floor":36,"gold_loss":0,"cards_obtained":[]},{"damage_healed":0,"gold_gain":0,"player_choice":"Fight","damage_taken":0,"max_hp_gain":0,"max_hp_loss":0,"event_name":"Mysterious Sphere","floor":47,"gold_loss":0}],"is_beta":false,"boss_relics":[{"not_picked":["SlaversCollar","Pandora\u0027s Box"],"picked":"Sozu"},{"not_picked":["Snecko Eye","SacredBark"],"picked":"HoveringKite"}],"items_purged_floors":[0,27,30],"is_endless":false,"potions_floor_spawned":[1,8,11,18,21,22,24,31,38,47,48],"ascension_level":4}}