{"host":"7gewg82ormp6yt4e","time":1608553292,"event":{"mods":["BaseMod","Block Reminder","Colored Map","Colored Powertips","DeckTracker","Highlight Path","Minty Spire (QoL Compilation)","Relic Stats","StSLib"],"gold_per_floor":[112,112,112,262,262,289,303,303,354,354,368,384,17,17,17,95,95,114,134,146,146,49,49,84,84,137,137,156,190,190,105,105,105,105],"floor_reached":33,"playtime":1269,"items_purged":["Doubt"],"score":612,"play_id":"16eb631e-9548-4eaf-9d1f-4eb0e923f8d4","local_time":"20201221212132","is_ascension_mode":true,"campfire_choices":[{"data":"Poisoned Stab","floor":8,"key":"SMITH"},{"data":"Dagger Spray","floor":10,"key":"SMITH"},{"data":"Wraith Form v2","floor":15,"key":"SMITH"},{"floor":23,"key":"REST"},{"floor":27,"key":"REST"},{"floor":30,"key":"REST"},{"floor":32,"key":"REST"}],"circlet_count":0,"master_deck":["AscendersBane","Strike_G","Strike_G","Strike_G","Defend_G","Defend_G","Defend_G","Defend_G","Defend_G","Survivor","Neutralize","Dagger Spray+1","Expertise","Slice","Poisoned Stab+1","Bouncing Flask","Slice","Wraith Form v2+1","Deadly Poison","Madness","Corpse Explosion","Acrobatics","Panacea","Blur","Dash+1","Slice+1"],"relics":["Ring of the Snake","NeowsBlessing","Unceasing Top","Ornamental Fan","Vajra","Fusion Hammer","NlothsMask","Pen Nib","Lantern","Mummified Hand"],"acts_visited":["Exordium","TheCity"],"potions_floor_usage":[16,16,24,33],"damage_taken":[{"damage":0,"enemies":"2 Louse","floor":1,"turns":1},{"damage":0,"enemies":"Lagavulin","floor":6,"turns":1},{"damage":0,"enemies":"Jaw Worm","floor":7,"turns":1},{"damage":0,"enemies":"Cultist","floor":11,"turns":3},{"damage":4,"enemies":"Looter","floor":12,"turns":3},{"damage":27,"enemies":"Hexaghost","floor":16,"turns":9},{"damage":3,"enemies":"Spheric Guardian","floor":18,"turns":4},{"damage":7,"enemies":"3 Byrds","floor":19,"turns":2},{"damage":0,"enemies":"3 Cultists","floor":20,"turns":3},{"damage":17,"enemies":"Gremlin Leader","floor":24,"turns":6},{"damage":0,"enemies":"Snecko","floor":28,"turns":5},{"damage":55,"enemies":"Slavers","floor":29,"turns":10},{"damage":90,"enemies":"Automaton","floor":33,"turns":12}],"seed_played":"-6889720302229887089","potions_obtained":[{"floor":11,"key":"Block Potion"},{"floor":12,"key":"LiquidBronze"},{"floor":18,"key":"Strength Potion"},{"floor":29,"key":"Energy Potion"}],"is_trial":false,"path_per_floor":["M","?","?","?","T","E","M","R","T","R","M","M","$","?","R","B",null,"M","M","M","?","$","R","E","?","T","R","M","E","R","?","R","B"],"character_chosen":"THE_SILENT","items_purchased":["Wraith Form v2","Deadly Poison","Madness","Panacea"],"campfire_rested":4,"item_purchase_floors":[13,13,13,22],"current_hp_per_floor":[59,64,64,64,64,64,64,64,64,64,64,60,60,60,60,33,62,59,52,52,52,52,71,54,54,54,71,71,16,37,37,58,0,0],"gold":105,"neow_bonus":"THREE_ENEMY_KILL","is_daily":false,"chose_seed":false,"campfire_upgraded":3,"win_rate":0.0,"timestamp":1608553292,"path_taken":["M","?","?","?","?","E","M","R","T","R","?","M","$","?","R","BOSS","M","?","M","?","?","R","E","?","T","R","?","E","R","?","R","BOSS"],"items_purchased_type":["Card","Card","Card","Card"],"build_version":"2020-12-13","purchased_purges":1,"victory":false,"max_hp_per_floor":[66,71,71,71,71,71,71,71,71,71,71,71,71,71,71,71,71,71,71,71,71,71,71,71,71,71,71,71,71,71,71,71,71,71],"relic_stats":{"counters":[13,60],"Ornamental Fan":[64],"Mummified Hand":[1],"Pen Nib":[5],"obtain_stats":[{"Lantern":29,"NeowsBlessing":0,"Ornamental Fan":6,"Mummified Hand":31,"Vajra":9,"Fusion Hammer":17,"Pen Nib":24,"Unceasing Top":5,"Ring of the Snake":0,"NlothsMask":21},{"Lantern":12,"NeowsBlessing":0,"Ornamental Fan":2,"Mummified Hand":12,"Vajra":3,"Fusion Hammer":6,"Pen Nib":10,"Unceasing Top":1,"Ring of the Snake":0,"NlothsMask":9},{"Lantern":48,"NeowsBlessing":0,"Ornamental Fan":2,"Mummified Hand":48,"Vajra":3,"Fusion Hammer":18,"Pen Nib":33,"Unceasing Top":1,"Ring of the Snake":0,"NlothsMask":27}],"Unceasing Top":[10],"Ring of the Snake":[26]},"card_choices":[{"not_picked":["Dodge and Roll","Cloak And Dagger"],"picked":"Dagger Spray","floor":1},{"not_picked":["Poisoned Stab","Prepared"],"picked":"Slice","floor":6},{"not_picked":["Flechettes","Blur"],"picked":"Poisoned Stab","floor":7},{"not_picked":["Terror","Infinite Blades"],"picked":"Bouncing Flask","floor":11},{"not_picked":["Expertise","Acrobatics"],"picked":"Slice","floor":12},{"not_picked":["A Thousand Cuts","Phantasmal Killer"],"picked":"Corpse Explosion","floor":16},{"not_picked":["Outmaneuver","Dagger Throw","Slice"],"picked":"SKIP","floor":18},{"not_picked":["Reflex","Cloak And Dagger"],"picked":"Acrobatics","floor":19},{"not_picked":["Flying Knee","Poisoned Stab","Dagger Throw"],"picked":"SKIP","floor":20},{"not_picked":["Accuracy","Slice"],"picked":"Blur","floor":24},{"not_picked":["Bane","Prepared"],"picked":"Dash+1","floor":28},{"not_picked":["Accuracy","Outmaneuver"],"picked":"Slice+1","floor":29}],"player_experience":2412946,"relics_obtained":[{"floor":5,"key":"Unceasing Top"},{"floor":6,"key":"Ornamental Fan"},{"floor":9,"key":"Vajra"},{"floor":24,"key":"Pen Nib"},{"floor":29,"key":"Lantern"}],"event_choices":[{"damage_healed":0,"gold_gain":0,"player_choice":"Donut","damage_taken":0,"max_hp_gain":5,"max_hp_loss":0,"event_name":"Big Fish","floor":2,"gold_loss":0},{"damage_healed":0,"gold_gain":0,"cards_transformed":["Strike_G"],"player_choice":"Change","damage_taken":0,"max_hp_gain":0,"max_hp_loss":0,"event_name":"Living Wall","floor":3,"gold_loss":0,"cards_obtained":["Expertise"]},{"damage_healed":0,"gold_gain":150,"player_choice":"AGREE","damage_taken":0,"max_hp_gain":0,"max_hp_loss":0,"event_name":"Liars Game","floor":4,"gold_loss":0,"cards_obtained":["Doubt"]},{"cards_removed":["Strike_G"],"damage_healed":0,"gold_gain":0,"player_choice":"Offered Basic","damage_taken":0,"max_hp_gain":0,"max_hp_loss":0,"event_name":"Bonfire Elementals","floor":14,"gold_loss":0},{"damage_healed":0,"gold_gain":0,"player_choice":"Trade","damage_taken":0,"relics_obtained":["NlothsMask"],"max_hp_gain":0,"max_hp_loss":0,"event_name":"FaceTrader","floor":21,"gold_loss":0},{"damage_healed":0,"gold_gain":0,"player_choice":"Ignored","damage_taken":0,"max_hp_gain":0,"max_hp_loss":0,"event_name":"Vampires","floor":25,"gold_loss":0},{"damage_healed":0,"gold_gain":0,"player_choice":"Obtained Relic","damage_taken":0,"relics_obtained":["Mummified Hand"],"max_hp_gain":0,"max_hp_loss":0,"event_name":"Addict","floor":31,"gold_loss":85}],"is_beta":false,"boss_relics":[{"not_picked":["Tiny House","HoveringKite"],"picked":"Fusion Hammer"}],"items_purged_floors":[13],"is_endless":false,"potions_floor_spawned":[11,12,18,29],"killed_by":"Automaton","ascension_level":20}}