{"host":"f1miojwxaupu79sp","time":1608543433,"event":{"mods":["BaseMod","Better Vampires","Minty Spire (QoL Compilation)","Shop Mod"],"gold_per_floor":[113,126,126,126,138,138,157,185,211,240,252,277,277,305,305,402,402,415,415,431,84,84,110,126,155,155,183,183,208,243,259,259,259,259],"floor_reached":33,"playtime":3380,"items_purged":["Strike_R"],"score":517,"play_id":"7bd8580f-72b5-43b6-b226-dee3e33c53e1","local_time":"20201221043713","is_ascension_mode":true,"campfire_choices":[{"data":"Infernal Blade","floor":6.0,"key":"SMITH"},{"data":"Immolate","floor":13.0,"key":"SMITH"},{"floor":15.0,"key":"REST"},{"data":"1","floor":28,"key":"LIFT"},{"floor":32,"key":"REST"}],"circlet_count":0,"master_deck":["Strike_R","Strike_R","Strike_R","Defend_R","Defend_R","Defend_R","Defend_R","Bash","Shrug It Off","Hemokinesis+1","Infernal Blade+1","Rage","Immolate+1","Inflame","Shrug It Off","Fiend Fire","Fire Breathing","Juggernaut","Fire Breathing","Metallicize+1","Metallicize","Mayhem","Pummel","Ghostly Armor","Writhe"],"relics":["Burning Blood","Art of War","Omamori","MealTicket","Juzu Bracelet","Happy Flower","Cursed Key","Potion Belt","Girya","Anchor","Toy Ornithopter","Red Mask","Bag of Preparation","Frozen Egg 2"],"acts_visited":["Exordium","TheCity"],"potions_floor_usage":[27,30],"damage_taken":[{"damage":11.0,"enemies":"Small Slimes","floor":1.0,"turns":5.0},{"damage":4.0,"enemies":"2 Louse","floor":2.0,"turns":2.0},{"damage":9.0,"enemies":"Jaw Worm","floor":5.0,"turns":3.0},{"damage":4.0,"enemies":"3 Louse","floor":7.0,"turns":3.0},{"damage":2.0,"enemies":"3 Sentries","floor":8.0,"turns":2.0},{"damage":31.0,"enemies":"Lagavulin","floor":10.0,"turns":4.0},{"damage":6.0,"enemies":"Large Slime","floor":11.0,"turns":4.0},{"damage":11.0,"enemies":"3 Sentries","floor":12.0,"turns":8.0},{"damage":32.0,"enemies":"Lagavulin","floor":14.0,"turns":6.0},{"damage":2.0,"enemies":"Slime Boss","floor":16.0,"turns":7.0},{"damage":30.0,"enemies":"3 Byrds","floor":18.0,"turns":5.0},{"damage":16.0,"enemies":"Spheric Guardian","floor":20.0,"turns":4.0},{"damage":23.0,"enemies":"Book of Stabbing","floor":23.0,"turns":5.0},{"damage":7.0,"enemies":"Snecko","floor":24.0,"turns":5.0},{"damage":39.0,"enemies":"Slavers","floor":25.0,"turns":5.0},{"damage":0,"enemies":"Masked Bandits","floor":27,"turns":2},{"damage":18,"enemies":"Book of Stabbing","floor":30,"turns":4},{"damage":4,"enemies":"3 Cultists","floor":31,"turns":5},{"damage":61,"enemies":"Automaton","floor":33,"turns":8}],"seed_played":"2106732159857046883","potions_obtained":[{"floor":1.0,"key":"Swift Potion"},{"floor":5.0,"key":"ColorlessPotion"},{"floor":10.0,"key":"ElixirPotion"},{"floor":11.0,"key":"PowerPotion"},{"floor":14.0,"key":"SpeedPotion"},{"floor":16.0,"key":"Ancient Potion"},{"floor":25.0,"key":"DuplicationPotion"},{"floor":27,"key":"SneckoOil"},{"floor":30,"key":"SpeedPotion"}],"is_trial":false,"path_per_floor":["M","M","?","?","M","R","M","E","T","E","M","E","R","E","R","B",null,"M","?","M","$","?","E","M","E","T","?","R","T","E","M","R","B"],"character_chosen":"IRONCLAD","items_purchased":["Metallicize","Mayhem"],"campfire_rested":2,"item_purchase_floors":[21,21],"current_hp_per_floor":[67,69,62,62,59,59,61,65,65,40,40,35,35,9,33,37,69,45,71,61,76,76,59,58,25,25,36,36,36,29,31,55,0,0],"gold":259,"neow_bonus":"THREE_CARDS","is_daily":false,"chose_seed":false,"campfire_upgraded":2,"win_rate":0.0,"timestamp":1608543433,"path_taken":["M","M","?","?","M","R","M","E","T","E","M","E","R","E","R","BOSS","M","?","M","$","?","E","M","E","T","?","R","?","E","M","R","BOSS"],"items_purchased_type":["Card","Card"],"build_version":"2020-12-13","purchased_purges":1,"victory":false,"max_hp_per_floor":[80,80,80,80,80,80,80,80,80,80,80,80,80,80,80,80,80,80,80,80,80,80,80,80,80,80,80,80,80,80,80,80,80,80],"card_choices":[{"not_picked":["Body Slam","Flex"],"picked":"Shrug It Off","floor":0.0},{"not_picked":["Feel No Pain","Clash"],"picked":"Hemokinesis","floor":1.0},{"not_picked":["Flex","Dark Embrace"],"picked":"Infernal Blade","floor":2.0},{"not_picked":["Thunderclap","Clash"],"picked":"Rage","floor":5.0},{"not_picked":["Armaments","Havoc"],"picked":"Immolate","floor":7.0},{"not_picked":["Power Through","Feel No Pain"],"picked":"Inflame","floor":8.0},{"not_picked":["Wild Strike","Armaments"],"picked":"Shrug It Off","floor":10.0},{"not_picked":["Wild Strike","Flex"],"picked":"Fiend Fire","floor":11.0},{"not_picked":["Wild Strike","Dropkick","Headbutt"],"picked":"SKIP","floor":12.0},{"not_picked":["Thunderclap","Sword Boomerang"],"picked":"Fire Breathing","floor":14.0},{"not_picked":["Double Tap","Barricade"],"picked":"Juggernaut","floor":16.0},{"not_picked":["Blood for Blood","Carnage+1"],"picked":"Fire Breathing","floor":18.0},{"not_picked":["Perfected Strike","Pommel Strike"],"picked":"Metallicize+1","floor":20.0},{"not_picked":["Warcry","Iron Wave"],"picked":"Pummel","floor":23.0},{"not_picked":["Searing Blow+1","Entrench","Clothesline"],"picked":"SKIP","floor":24.0},{"not_picked":["Burning Pact","Clothesline","Double Tap"],"picked":"SKIP","floor":25.0},{"not_picked":["Iron Wave","Flex+1"],"picked":"Ghostly Armor","floor":27},{"not_picked":["Sword Boomerang+1","Heavy Blade","Armaments"],"picked":"SKIP","floor":30},{"not_picked":["Havoc","Infernal Blade","Perfected Strike+1"],"picked":"SKIP","floor":31}],"player_experience":671000,"relics_obtained":[{"floor":8.0,"key":"Art of War"},{"floor":9.0,"key":"Omamori"},{"floor":10.0,"key":"MealTicket"},{"floor":12.0,"key":"Juzu Bracelet"},{"floor":14.0,"key":"Happy Flower"},{"floor":23.0,"key":"Girya"},{"floor":25.0,"key":"Anchor"},{"floor":26.0,"key":"Toy Ornithopter"},{"floor":27,"key":"Red Mask"},{"floor":29,"key":"Bag of Preparation"},{"floor":30,"key":"Frozen Egg 2"}],"event_choices":[{"cards_removed":["Strike_R"],"damage_healed":0.0,"max_hp_gain":0.0,"max_hp_loss":0.0,"gold_gain":0.0,"event_name":"Golden Wing","player_choice":"Card Removal","floor":3.0,"gold_loss":0.0,"damage_taken":7.0},{"damage_healed":0.0,"max_hp_gain":0.0,"max_hp_loss":0.0,"gold_gain":0.0,"event_name":"Living Wall","player_choice":"Grow","floor":4.0,"gold_loss":0.0,"damage_taken":0.0,"cards_upgraded":["Hemokinesis"]},{"damage_healed":26.0,"max_hp_gain":0.0,"max_hp_loss":0.0,"gold_gain":0.0,"event_name":"The Library","player_choice":"Heal","floor":19.0,"gold_loss":0.0,"damage_taken":0.0},{"damage_healed":0.0,"max_hp_gain":0.0,"max_hp_loss":0.0,"gold_gain":0.0,"event_name":"Addict","player_choice":"Stole Relic","floor":22.0,"gold_loss":0.0,"damage_taken":0.0,"relics_obtained":["Potion Belt"],"cards_obtained":["Shame"]},{"damage_healed":0,"gold_gain":0,"player_choice":"Fought Bandits","damage_taken":0,"max_hp_gain":0,"max_hp_loss":0,"event_name":"Masked Bandits","floor":27,"gold_loss":0}],"is_beta":false,"boss_relics":[{"not_picked":["Runic Pyramid","Black Star"],"picked":"Cursed Key"}],"items_purged_floors":[21],"is_endless":false,"potions_floor_spawned":[1,5,10,11,14,16,25,27,30],"killed_by":"Automaton","ascension_level":7}}