{"host":"ue7jlgf7uv134an9","time":1608558572,"event":{"mods":["BaseMod","Better Third Choice","Defuse TimeMaze Blight","Minty Spire (QoL Compilation)","Quick Restart","Rare Cards Sparkle","Relic Stats","StSLib","UnlockEverythingMod"],"gold_per_floor":[116,133,3,3,3,38,38,63,63,63,63,90,109,124,124,124,124],"floor_reached":16,"playtime":418,"items_purged":["Defend_G"],"score":286,"play_id":"a95a513c-e42d-4c32-a5da-3052b45a666d","local_time":"20201221084932","is_ascension_mode":true,"campfire_choices":[{"data":"Dagger Throw","floor":7,"key":"SMITH"},{"data":"1","floor":15,"key":"LIFT"}],"circlet_count":0,"master_deck":["AscendersBane","Strike_G","Strike_G","Strike_G","Strike_G","Defend_G","Defend_G","Defend_G","Defend_G","Survivor","Neutralize","Dagger Throw+1","Backflip","Dagger Spray","Glass Knife+1","Well Laid Plans","PiercingWail","Endless Agony+1"],"relics":["Ring of the Snake","NeowsBlessing","The Specimen","Molten Egg 2","Girya","Mummified Hand"],"acts_visited":["Exordium"],"potions_floor_usage":[8,8,8,12,16,16],"damage_taken":[{"damage":0,"enemies":"2 Louse","floor":1,"turns":1},{"damage":0,"enemies":"Jaw Worm","floor":2,"turns":1},{"damage":0,"enemies":"Lagavulin","floor":6,"turns":1},{"damage":31,"enemies":"3 Sentries","floor":8,"turns":7},{"damage":8,"enemies":"Gremlin Nob","floor":12,"turns":3},{"damage":0,"enemies":"Cultist","floor":13,"turns":2},{"damage":5,"enemies":"Gremlin Gang","floor":14,"turns":4},{"damage":35,"enemies":"Hexaghost","floor":16,"turns":9}],"seed_played":"-8525901693648016892","potions_obtained":[{"floor":1,"key":"EntropicBrew"},{"floor":8,"key":"EntropicBrew"}],"is_trial":false,"path_per_floor":["M","M","$","?","$","E","R","E","T","?","$","E","M","M","R","B"],"character_chosen":"THE_SILENT","items_purchased":["Dagger Spray"],"campfire_rested":0,"item_purchase_floors":[3],"current_hp_per_floor":[59,59,59,52,52,52,52,21,21,43,43,35,35,30,30,0,0],"gold":124,"neow_bonus":"THREE_ENEMY_KILL","is_daily":false,"chose_seed":false,"campfire_upgraded":1,"win_rate":0.0,"timestamp":1608558572,"path_taken":["M","M","$","?","$","E","R","E","T","?","?","E","?","M","R","BOSS"],"items_purchased_type":["Card"],"build_version":"2020-12-13","purchased_purges":1,"victory":false,"max_hp_per_floor":[66,66,66,66,66,66,66,66,66,66,66,66,66,66,66,66,66],"relic_stats":{"counters":[8,28],"Mummified Hand":[3],"obtain_stats":[{"Girya":9,"NeowsBlessing":0,"The Specimen":6,"Mummified Hand":12,"Molten Egg 2":8,"Ring of the Snake":0},{"Girya":4,"NeowsBlessing":0,"The Specimen":3,"Mummified Hand":5,"Molten Egg 2":4,"Ring of the Snake":0},{"Girya":10,"NeowsBlessing":0,"The Specimen":3,"Mummified Hand":13,"Molten Egg 2":10,"Ring of the Snake":0}],"Ring of the Snake":[16]},"card_choices":[{"not_picked":["Crippling Poison","Deflect"],"picked":"Dagger Throw","floor":1},{"not_picked":["Dodge and Roll","Eviscerate"],"picked":"Backflip","floor":2},{"not_picked":["Underhanded Strike","Outmaneuver","Dagger Spray"],"picked":"SKIP","floor":6},{"not_picked":["Underhanded Strike+1","Outmaneuver"],"picked":"Glass Knife+1","floor":8},{"not_picked":["Reflex","Escape Plan"],"picked":"Well Laid Plans","floor":12},{"not_picked":["Quick Slash+1","Eviscerate+1"],"picked":"PiercingWail","floor":13},{"not_picked":["Eviscerate+1","Dodge and Roll"],"picked":"Endless Agony+1","floor":14}],"player_experience":15601,"relics_obtained":[{"floor":6,"key":"The Specimen"},{"floor":8,"key":"Molten Egg 2"},{"floor":9,"key":"Girya"},{"floor":12,"key":"Mummified Hand"}],"event_choices":[{"cards_removed":["Strike_G"],"damage_healed":0,"gold_gain":0,"player_choice":"Card Removal","damage_taken":7,"max_hp_gain":0,"max_hp_loss":0,"event_name":"Golden Wing","floor":4,"gold_loss":0},{"damage_healed":22,"gold_gain":0,"player_choice":"Banana","damage_taken":0,"max_hp_gain":0,"max_hp_loss":0,"event_name":"Big Fish","floor":10,"gold_loss":0}],"is_beta":false,"boss_relics":[],"items_purged_floors":[3],"is_endless":false,"potions_floor_spawned":[1,8],"killed_by":"Hexaghost","ascension_level":20}}