{"host":"watt8gvwfmxuscaf","time":1608541551,"event":{"mods":["BaseMod","CatGirl Mod","Colored Map","Colored Powertips","Conspire","Downfall","GifTheSpireLib","Hermit","Hubris","Infinite Spire","Marisa????????","Minty Spire (QoL Compilation)","Quick Restart","Rare Cards Sparkle","Replay The Spire","Shop Mod","StSLib","Stuff the Spire","SuperFastMode","The Animator","The Cursed","The Mystic","The Necromancer","The Poker Player","The Runesmith","The Servant 0.9.4"],"gold_per_floor":[117,129,139,139,139,139,169,169,169,169,185,185,199,73,73,177,177,157,157,157,157,57,57,57],"floor_reached":23,"playtime":608,"items_purged":["hermit:Strike_Hermit","hermit:Strike_Hermit"],"score":187,"play_id":"91137b8b-5cfb-4e9a-8939-a92a92ffa9ea","local_time":"20201221040551","is_ascension_mode":false,"campfire_choices":[{"data":"hermit:CursedWeapon","floor":6,"key":"SMITH"},{"floor":8,"key":"REST"},{"floor":10,"key":"REST"},{"floor":15,"key":"REST"}],"circlet_count":0,"master_deck":["hermit:Strike_Hermit","hermit:Strike_Hermit","hermit:Defend_Hermit","hermit:Defend_Hermit+1","hermit:Defend_Hermit","hermit:Defend_Hermit","hermit:Snapshot","hermit:Covet","hermit:Determination","hermit:ShadowCloak","hermit:CursedWeapon+1","hermit:HeroicBravado","hermit:TakeCover","hermit:Brawl","StuffTheSpire:Innocence","hermit:Ricochet","hermit:BigShot","hermit:BigShot","hermit:FromBeyond","hermit:TakeAim+1"],"relics":["StuffTheSpire:OccultApparatus","conspire:GiftBox","ReplayTheSpireMod:Ninjato","hubris:Icosahedron","hubris:BottledHeart"],"acts_visited":["Exordium","TheCity"],"potions_floor_usage":[7,16,16],"damage_taken":[{"damage":1,"enemies":"Jaw Worm","floor":1,"turns":3},{"damage":1,"enemies":"Cultist","floor":2,"turns":4},{"damage":12,"enemies":"2 Louse","floor":3,"turns":2},{"damage":37,"enemies":"Lagavulin","floor":7,"turns":9},{"damage":17,"enemies":"Looter","floor":11,"turns":3},{"damage":9,"enemies":"3 Louse","floor":13,"turns":4},{"damage":47,"enemies":"Hexaghost","floor":16,"turns":15},{"damage":23,"enemies":"2 Thieves","floor":18,"turns":4},{"damage":1,"enemies":"Book of Stabbing","floor":23,"turns":4}],"seed_played":"3937490419914699445","potions_obtained":[{"floor":1,"key":"Doom Potion"},{"floor":2,"key":"champ:CounterPotion"},{"floor":13,"key":"GamblersBrew"},{"floor":18,"key":"hermit:Tonic"}],"is_trial":false,"path_per_floor":["M","M","M","?","?","R","E","R","T","R","M","?","M","$","R","B",null,"M","?","?","?","$","E"],"character_chosen":"HERMIT","items_purchased":["hermit:BigShot"],"campfire_rested":3,"item_purchase_floors":[14],"current_hp_per_floor":[81,80,68,68,82,82,45,69,69,82,65,58,49,49,73,26,82,59,59,1,1,1,0,0],"gold":57,"neow_bonus":"TEN_PERCENT_HP_BONUS","is_daily":false,"chose_seed":false,"campfire_upgraded":1,"win_rate":0.0,"timestamp":1608541551,"path_taken":["M","M","M","?","?","R","E","R","T","R","?","?","M","$","R","BOSS","M","?","?","?","$","E"],"items_purchased_type":["Card"],"build_version":"2020-12-13","purchased_purges":2,"victory":false,"max_hp_per_floor":[82,82,82,82,82,82,82,82,82,82,82,82,82,82,82,82,82,82,82,1,1,1,1,1],"card_choices":[{"not_picked":["hermit:WideOpen","hermit:Manifest"],"picked":"hermit:Determination","floor":1},{"not_picked":["hermit:BodyArmor","hermit:Misfire"],"picked":"hermit:ShadowCloak","floor":2},{"not_picked":["hermit:LowProfile","hermit:Malice"],"picked":"hermit:CursedWeapon","floor":3},{"not_picked":["hermit:FromBeyond","hermit:EternalForm"],"picked":"hermit:HeroicBravado","floor":7},{"not_picked":["hermit:Headshot","hermit:FatalDesire"],"picked":"hermit:TakeCover","floor":7},{"not_picked":["hermit:LowProfile","hermit:SprayPray"],"picked":"hermit:Brawl","floor":11},{"not_picked":["hermit:HoleUp","hermit:Desperado"],"picked":"hermit:Ricochet","floor":13},{"not_picked":["hermit:Roughhouse","hermit:HighNoon"],"picked":"hermit:FromBeyond","floor":16},{"not_picked":["hermit:LowProfile+1","hermit:TakeCover"],"picked":"hermit:TakeAim+1","floor":18}],"player_experience":502380,"relics_obtained":[{"floor":7,"key":"conspire:GiftBox"},{"floor":9,"key":"ReplayTheSpireMod:Ninjato"}],"event_choices":[{"damage_healed":14,"gold_gain":0,"player_choice":"Full Heal","damage_taken":0,"max_hp_gain":0,"max_hp_loss":0,"event_name":"Wheel of Change","floor":5,"gold_loss":0}],"is_beta":false,"boss_relics":[{"not_picked":["hubris:RunicObelisk","StuffTheSpire:Kangaroo","hubris:GrandSneckoEye"]}],"items_purged_floors":[14,22],"is_endless":false,"potions_floor_spawned":[1,2,13,18],"killed_by":"Book of Stabbing","ascension_level":0}}