{"host":"9q5mrbx0edvw6ayb","time":1608519047,"event":{"mods":["BaseMod","Googly Eyes","Minty Spire (QoL Compilation)","StSLib","Waifu the Spire"],"gold_per_floor":[110,120,45,65,65,65,65,65,65,109,109,109,132,162,162,162,162],"floor_reached":16,"playtime":1424,"items_purged":["Defend_B"],"score":98,"play_id":"c6b8e30e-410e-4d58-aa57-4602a1a42879","local_time":"20201220215047","is_ascension_mode":false,"campfire_choices":[{"floor":6,"key":"REST"},{"data":"Genetic Algorithm","floor":8,"key":"SMITH"},{"floor":11,"key":"REST"},{"data":"Zap","floor":15,"key":"SMITH"}],"circlet_count":0,"master_deck":["Strike_B","Strike_B","Strike_B","Strike_B","Defend_B","Defend_B","Defend_B","Zap+1","Dualcast","Capacitor","Genetic Algorithm+1","Leap","Coolheaded","Self Repair+1","Storm+1"],"relics":["Cracked Core","NeowsBlessing","Golden Idol","Frozen Egg 2","Anchor","Gremlin Horn","Odd Mushroom"],"acts_visited":["Exordium"],"potions_floor_usage":[10],"damage_taken":[{"damage":0,"enemies":"Small Slimes","floor":1,"turns":1},{"damage":0,"enemies":"Jaw Worm","floor":2,"turns":1},{"damage":0,"enemies":"2 Louse","floor":4,"turns":2},{"damage":34,"enemies":"3 Sentries","floor":10,"turns":9},{"damage":1,"enemies":"Looter","floor":13,"turns":3},{"damage":19,"enemies":"The Mushroom Lair","floor":14,"turns":6},{"damage":48,"enemies":"Slime Boss","floor":16,"turns":9}],"seed_played":"-9100368496718247584","potions_obtained":[{"floor":2,"key":"PowerPotion"}],"is_trial":false,"path_per_floor":["M","M","$","M","?","R","?","R","T","E","R","T","M","?","R","B"],"character_chosen":"DEFECT","items_purchased":[],"campfire_rested":2,"item_purchase_floors":[],"current_hp_per_floor":[75,75,75,75,57,75,68,68,68,34,56,56,55,46,46,0,0],"gold":162,"neow_bonus":"THREE_ENEMY_KILL","is_daily":false,"chose_seed":false,"campfire_upgraded":2,"win_rate":0.0,"timestamp":1608519047,"path_taken":["M","M","$","M","?","R","?","R","T","E","R","?","M","?","R","BOSS"],"items_purchased_type":[],"build_version":"2020-12-13","purchased_purges":1,"victory":false,"max_hp_per_floor":[75,75,75,75,75,75,75,75,75,75,75,75,75,75,75,75,75],"card_choices":[{"not_picked":["Sweeping Beam","Go for the Eyes"],"picked":"Capacitor","floor":1},{"not_picked":["Ball Lightning","Leap"],"picked":"Genetic Algorithm","floor":2},{"not_picked":["Stack","Creative AI"],"picked":"Leap","floor":4},{"not_picked":["Reboot","Redo"],"picked":"Coolheaded","floor":10},{"not_picked":["Redo","Beam Cell"],"picked":"Self Repair+1","floor":13},{"not_picked":["Sweeping Beam","Hologram"],"picked":"Storm+1","floor":14}],"player_experience":16810,"relics_obtained":[{"floor":9,"key":"Frozen Egg 2"},{"floor":10,"key":"Anchor"},{"floor":12,"key":"Gremlin Horn"},{"floor":14,"key":"Odd Mushroom"}],"event_choices":[{"damage_healed":0,"gold_gain":0,"player_choice":"Take Damage","damage_taken":18,"relics_obtained":["Golden Idol"],"max_hp_gain":0,"max_hp_loss":0,"event_name":"Golden Idol","floor":5,"gold_loss":0},{"damage_healed":0,"gold_gain":0,"player_choice":"Fled","damage_taken":7,"max_hp_gain":0,"max_hp_loss":0,"event_name":"Scrap Ooze","floor":7,"gold_loss":0},{"damage_healed":0,"gold_gain":0,"player_choice":"Fought Mushrooms","damage_taken":0,"max_hp_gain":0,"max_hp_loss":0,"event_name":"Mushrooms","floor":14,"gold_loss":0}],"is_beta":false,"boss_relics":[],"items_purged_floors":[3],"is_endless":false,"potions_floor_spawned":[2],"killed_by":"Slime Boss","ascension_level":0}}