{"host":"uv231blk40vjdojr","time":1608570411,"event":{"mods":["BaseMod","Minty Spire (QoL Compilation)","Relic Stats"],"gold_per_floor":[118,118,7,7,76,76,107,130,130,130,146,196,215,47,47,146,146,161,186,58,108,132,132,173,173,173,173,188,4,54,79,79,157,157,173,223,292,342,355,355,682,682,682,732,750,768,372,422,422,422,422],"floor_reached":52,"playtime":3086,"items_purged":["Regret","Blizzard","Doubt","Decay"],"score":1986,"play_id":"23c70c36-c9c3-4be8-aeac-dddeb06bebbb","local_time":"20201221180651","is_ascension_mode":true,"campfire_choices":[{"data":"Sweeping Beam","floor":6.0,"key":"SMITH"},{"data":"Defragment","floor":10.0,"key":"SMITH"},{"data":"Ball Lightning","floor":15.0,"key":"SMITH"},{"data":"Genetic Algorithm","floor":23.0,"key":"SMITH"},{"data":"Darkness","floor":25.0,"key":"SMITH"},{"data":"Buffer","floor":27.0,"key":"SMITH"},{"data":"Streamline","floor":32.0,"key":"SMITH"},{"data":"Apotheosis","floor":40.0,"key":"SMITH"},{"data":"Seek","floor":42.0,"key":"SMITH"},{"data":"Seek","floor":49,"key":"SMITH"}],"circlet_count":0,"master_deck":["AscendersBane","Dualcast","Ball Lightning+1","Sweeping Beam+1","Defragment+1","FTL","Conserve Battery","FTL","Echo Form","Darkness+1","Undo","Streamline+1","Sunder+1","Buffer+1","Core Surge+1","Turbo+1","Genetic Algorithm+1","Conserve Battery","Ghostly","Ghostly","Ghostly","Reinforced Body","Static Discharge+1","Cold Snap","Cold Snap+1","Seek+1","Darkness+1","Apotheosis+1","Seek+1","Capacitor","Glacier","Undo"],"relics":["Cursed Key","Bloody Idol","SsserpentHead","Matryoshka","Tiny Chest","Kunai","Pandora\u0027s Box","Whetstone","Akabeko","Question Card","Molten Egg 2","Empty Cage","Old Coin","Membership Card"],"acts_visited":["TheCity","TheBeyond"],"potions_floor_usage":[46],"damage_taken":[{"damage":4.0,"enemies":"Small Slimes","floor":1.0,"turns":3.0},{"damage":0.0,"enemies":"Jaw Worm","floor":5.0,"turns":3.0},{"damage":15.0,"enemies":"Lagavulin","floor":7.0,"turns":5.0},{"damage":1.0,"enemies":"Cultist","floor":8.0,"turns":3.0},{"damage":21.0,"enemies":"Exordium Wildlife","floor":11.0,"turns":4.0},{"damage":7.0,"enemies":"Looter","floor":13.0,"turns":3.0},{"damage":31.0,"enemies":"Slime Boss","floor":16.0,"turns":6.0},{"damage":21.0,"enemies":"Shell Parasite","floor":18.0,"turns":4.0},{"damage":0.0,"enemies":"Spheric Guardian","floor":19.0,"turns":3.0},{"damage":3.0,"enemies":"Cultist and Chosen","floor":22.0,"turns":8.0},{"damage":8.0,"enemies":"Slavers","floor":24.0,"turns":6.0},{"damage":2.0,"enemies":"Sentry and Sphere","floor":28.0,"turns":5.0},{"damage":0.0,"enemies":"Book of Stabbing","floor":31.0,"turns":6.0},{"damage":15.0,"enemies":"Champ","floor":33.0,"turns":13.0},{"damage":5.0,"enemies":"3 Darklings","floor":35.0,"turns":5.0},{"damage":0.0,"enemies":"3 Shapes","floor":37.0,"turns":7.0},{"damage":15.0,"enemies":"Spire Growth","floor":39.0,"turns":7.0},{"damage":0.0,"enemies":"Nemesis","floor":41.0,"turns":9.0},{"damage":4.0,"enemies":"Jaw Worm Horde","floor":45.0,"turns":4.0},{"damage":3,"enemies":"Writhing Mass","floor":46,"turns":10},{"damage":43,"enemies":"Time Eater","floor":50,"turns":13},{"damage":0,"enemies":"Donu and Deca","floor":51,"turns":12}],"seed_played":"8190925890937663974","potions_obtained":[{"floor":5.0,"key":"EssenceOfDarkness"},{"floor":13.0,"key":"FairyPotion"},{"floor":19.0,"key":"Strength Potion"},{"floor":28.0,"key":"Weak Potion"},{"floor":35.0,"key":"AttackPotion"},{"floor":39.0,"key":"GamblersBrew"}],"is_trial":false,"path_per_floor":["M","?","$","?","M","R","E","M","T","R","M","?","M","$","R","B",null,"M","M","$","?","M","R","E","R","T","R","M","$","?","E","R","B",null,"M","T","M","?","M","R","E","R","T","?","M","M","$","T","R","B","B",null],"character_chosen":"DEFECT","items_purchased":["Ball Lightning","Sweeping Beam","FTL","Fire Potion","Conserve Battery","Cold Snap","Membership Card","FairyPotion","Capacitor","Glacier","Undo"],"campfire_rested":0,"item_purchase_floors":[3,3,14,14,20,29,47,47,47,47,47],"current_hp_per_floor":[60,60,60,60,60,60,45,44,44,44,23,44,37,37,37,6,50,29,29,29,29,26,26,18,18,18,18,16,16,16,21,21,11,27,27,32,32,32,22,22,32,32,32,32,32,32,32,32,32,7,7],"gold":422,"neow_bonus":"BOSS_RELIC","is_daily":false,"chose_seed":false,"campfire_upgraded":10,"win_rate":0.0,"timestamp":1608570411,"path_taken":["M","?","$","?","?","R","E","M","T","R","M","?","M","$","R","BOSS","M","M","$","?","M","R","E","R","T","R","M","$","?","E","R","BOSS","M","?","?","?","M","R","E","R","T","?","M","M","$","?","R","BOSS","BOSS"],"items_purchased_type":["Card","Card","Card","Potion","Card","Card","Relic","Potion","Card","Card","Card"],"build_version":"2020-12-13","purchased_purges":4,"victory":true,"max_hp_per_floor":[71,64,64,64,64,64,64,64,64,64,64,64,64,64,64,64,64,64,64,64,32,32,32,32,32,32,32,32,32,32,32,32,32,32,32,32,32,32,32,32,32,32,32,32,32,32,32,32,32,32,32],"relic_stats":{"SsserpentHead":450,"counters":[22,139],"Bloody Idol":42,"Tiny Chest":2,"Pandora\u0027s Box":["Darkness","Rebound","Undo","Streamline","Blizzard","Sunder","Buffer","Core Surge"],"Kunai":[33],"Whetstone":["Sunder","Core Surge"],"Cursed Key":2,"Question Card":10,"obtain_stats":[{"Golden Idol":2,"Whetstone":24,"Cursed Key":0,"Question Card":26,"Empty Cage":34,"Akabeko":26,"Old Coin":41,"SsserpentHead":4,"Matryoshka":7,"Bloody Idol":30,"Tiny Chest":9,"Pandora\u0027s Box":17,"Molten Egg 2":31,"Kunai":9,"Membership Card":47,"Cracked Core":0},{"Golden Idol":1,"Whetstone":11,"Cursed Key":0,"Question Card":11,"Empty Cage":14,"Akabeko":11,"Old Coin":18,"SsserpentHead":1,"Matryoshka":3,"Bloody Idol":12,"Tiny Chest":4,"Pandora\u0027s Box":7,"Molten Egg 2":13,"Kunai":4,"Membership Card":20,"Cracked Core":0},{"Golden Idol":3,"Whetstone":48,"Cursed Key":0,"Question Card":48,"Empty Cage":72,"Akabeko":48,"Old Coin":100,"SsserpentHead":3,"Matryoshka":11,"Bloody Idol":53,"Tiny Chest":14,"Pandora\u0027s Box":27,"Molten Egg 2":59,"Kunai":14,"Membership Card":114,"Cracked Core":0}]},"card_choices":[{"not_picked":["Hologram","Leap","Stack"],"picked":"SKIP","floor":1.0},{"not_picked":["Double Energy","Conserve Battery"],"picked":"Defragment","floor":5.0},{"not_picked":["Compile Driver","Thunder Strike","Barrage"],"picked":"SKIP","floor":7.0},{"not_picked":["Turbo","Heatsinks","Force Field"],"picked":"SKIP","floor":8.0},{"not_picked":["Self Repair","Compile Driver"],"picked":"FTL","floor":11.0},{"not_picked":["Stack","Steam Power"],"picked":"Conserve Battery","floor":13.0},{"not_picked":["Rainbow","Amplify"],"picked":"Echo Form","floor":16.0},{"not_picked":["Fusion","Stack"],"picked":"Turbo+1","floor":18.0},{"not_picked":["Beam Cell","Steam"],"picked":"Genetic Algorithm","floor":19.0},{"not_picked":["Steam","Compile Driver"],"picked":"Reinforced Body","floor":22.0},{"not_picked":["Loop","Capacitor","Conserve Battery"],"picked":"SKIP","floor":24.0},{"not_picked":["Double Energy","Stack","Force Field"],"picked":"Static Discharge+1","floor":28.0},{"not_picked":["FTL+1","Steam Power","Force Field"],"picked":"Cold Snap+1","floor":31.0},{"not_picked":["Machine Learning","Multi-Cast","Core Surge+1"],"picked":"Seek","floor":33.0},{"not_picked":["Hello World","Turbo","Capacitor","Genetic Algorithm"],"picked":"SKIP","floor":35.0},{"not_picked":["Leap","Doom and Gloom+1","Aggregate"],"picked":"Darkness+1","floor":37.0},{"not_picked":["Magnetism","Secret Weapon","HandOfGreed+1"],"picked":"Apotheosis","floor":38.0},{"not_picked":["Steam","Doom and Gloom+1","Aggregate","Static Discharge"],"picked":"SKIP","floor":39.0},{"not_picked":["Redo+1","Barrage+1","Fusion+1"],"picked":"Seek","floor":41.0},{"not_picked":["Gash+1","Loop","Melter+1","Sweeping Beam+1"],"picked":"SKIP","floor":45.0},{"not_picked":["Aggregate","Heatsinks","Melter+1","Conserve Battery"],"picked":"SKIP","floor":46}],"player_experience":519191,"relics_obtained":[{"floor":7.0,"key":"Matryoshka"},{"floor":9.0,"key":"Tiny Chest"},{"floor":9.0,"key":"Kunai"},{"floor":24.0,"key":"Whetstone"},{"floor":26.0,"key":"Akabeko"},{"floor":26.0,"key":"Question Card"},{"floor":31.0,"key":"Molten Egg 2"},{"floor":41.0,"key":"Old Coin"}],"event_choices":[{"damage_healed":0.0,"max_hp_gain":0.0,"max_hp_loss":7.0,"gold_gain":0.0,"event_name":"Golden Idol","player_choice":"Lose Max HP","floor":2.0,"gold_loss":0.0,"damage_taken":0.0,"relics_obtained":["Golden Idol"]},{"damage_healed":0.0,"max_hp_gain":0.0,"max_hp_loss":0.0,"gold_gain":0.0,"event_name":"FaceTrader","player_choice":"Trade","floor":4.0,"gold_loss":0.0,"damage_taken":0.0,"relics_obtained":["SsserpentHead"]},{"damage_healed":21.0,"max_hp_gain":0.0,"max_hp_loss":0.0,"gold_gain":0.0,"event_name":"Big Fish","player_choice":"Banana","floor":12.0,"gold_loss":0.0,"damage_taken":0.0},{"damage_healed":0.0,"max_hp_gain":0.0,"max_hp_loss":32.0,"gold_gain":0.0,"event_name":"Ghosts","player_choice":"Became a Ghost","floor":21.0,"gold_loss":0.0,"damage_taken":0.0,"cards_obtained":["Ghostly","Ghostly","Ghostly"]},{"damage_healed":0.0,"max_hp_gain":0.0,"max_hp_loss":0.0,"gold_gain":0.0,"event_name":"Forgotten Altar","player_choice":"Gave Idol","floor":30.0,"relics_lost":["Golden Idol"],"gold_loss":0.0,"damage_taken":0.0,"relics_obtained":["Bloody Idol"]},{"damage_healed":0.0,"max_hp_gain":0.0,"max_hp_loss":0.0,"gold_gain":0.0,"event_name":"SensoryStone","player_choice":"Memory 1","floor":38.0,"gold_loss":0.0,"damage_taken":0.0},{"damage_healed":0.0,"max_hp_gain":0.0,"max_hp_loss":0.0,"gold_gain":0.0,"event_name":"Wheel of Change","player_choice":"Cursed","floor":44.0,"gold_loss":0.0,"damage_taken":0.0,"cards_obtained":["Decay"]}],"is_beta":false,"boss_relics":[{"not_picked":["Fusion Hammer","Inserter"],"picked":"Pandora\u0027s Box"},{"not_picked":["Sozu","Calling Bell"],"picked":"Empty Cage"}],"items_purged_floors":[14,20,29,47],"is_endless":false,"potions_floor_spawned":[5,13,19,22,28,35,39],"ascension_level":20}}