{"host":"2461dio7vetlq1z3","time":1608520330,"event":{"mods":["2.2 Compatiblity","AchievementEnabler","BaseMod","Better Third Choice","Hermit","Minty Spire (QoL Compilation)","Relic Stats","Spicy Shops","StSLib","Waifu the Spire"],"gold_per_floor":[119,136,156,156,174,174,174,174,174,204,204,204,204],"floor_reached":12,"playtime":368,"items_purged":[],"score":129,"play_id":"475ce944-5cb9-44f9-83f6-cfbe09ccb283","local_time":"20201221041210","is_ascension_mode":true,"campfire_choices":[{"data":"FlurryOfBlows","floor":6,"key":"SMITH"},{"floor":8,"key":"REST"},{"floor":11,"key":"REST"}],"circlet_count":0,"master_deck":["AscendersBane","Strike_P","Strike_P","Strike_P","Defend_P","Defend_P","Defend_P","Defend_P","Eruption","Vigilance","FlurryOfBlows+1","Adaptation","Protect","Indignation","DevaForm","WindmillStrike"],"relics":["VioletLotus","Sundial","Peace Pipe"],"acts_visited":["Exordium"],"potions_floor_usage":[10],"damage_taken":[{"damage":2,"enemies":"Cultist","floor":1,"turns":4},{"damage":13,"enemies":"Jaw Worm","floor":2,"turns":4},{"damage":10,"enemies":"Small Slimes","floor":3,"turns":5},{"damage":13,"enemies":"3 Louse","floor":5,"turns":5},{"damage":20,"enemies":"Gremlin Nob","floor":10,"turns":3},{"damage":50,"enemies":"3 Sentries","floor":12,"turns":8}],"seed_played":"2732213736656192609","potions_obtained":[{"floor":2,"key":"Strength Potion"}],"is_trial":false,"path_per_floor":["M","M","M","?","M","R","?","R","T","E","R","E"],"character_chosen":"WATCHER","items_purchased":[],"campfire_rested":2,"item_purchase_floors":[],"current_hp_per_floor":[63,50,40,40,27,27,27,48,48,28,49,0,0],"gold":204,"neow_bonus":"BOSS_RELIC","is_daily":false,"chose_seed":false,"campfire_upgraded":1,"win_rate":0.0,"timestamp":1608520330,"path_taken":["M","M","?","?","M","R","?","R","T","E","R","E"],"items_purchased_type":[],"build_version":"2020-12-13","purchased_purges":0,"victory":false,"max_hp_per_floor":[72,72,72,72,72,72,72,72,72,72,72,72,72],"relic_stats":{"Peace Pipe":0,"counters":[6,29],"Sundial":[0],"VioletLotus":[3],"obtain_stats":[{"Peace Pipe":10,"Sundial":9,"VioletLotus":0,"PureWater":0},{"Peace Pipe":5,"Sundial":4,"VioletLotus":0,"PureWater":0},{"Peace Pipe":21,"Sundial":18,"VioletLotus":0,"PureWater":0}]},"card_choices":[{"not_picked":["Adaptation","Protect"],"picked":"FlurryOfBlows","floor":1},{"not_picked":["Prostrate","Evaluate"],"picked":"Adaptation","floor":2},{"not_picked":["Prostrate","Nirvana"],"picked":"Protect","floor":3},{"not_picked":["CutThroughFate","Evaluate"],"picked":"Indignation","floor":5},{"not_picked":["Adaptation","PathToVictory"],"picked":"WindmillStrike","floor":10}],"player_experience":798112,"relics_obtained":[{"floor":9,"key":"Sundial"},{"floor":10,"key":"Peace Pipe"}],"event_choices":[{"damage_healed":0,"gold_gain":0,"player_choice":"Ignored","damage_taken":156,"max_hp_gain":0,"max_hp_loss":0,"event_name":"betterThird:BetterSerpent","floor":4,"gold_loss":0},{"damage_healed":0,"gold_gain":0,"cards_transformed":["Strike_P"],"player_choice":"Change","damage_taken":0,"max_hp_gain":0,"max_hp_loss":0,"event_name":"Living Wall","floor":7,"gold_loss":0,"cards_obtained":["DevaForm"]}],"is_beta":false,"boss_relics":[],"items_purged_floors":[],"is_endless":false,"potions_floor_spawned":[2],"killed_by":"3 Sentries","ascension_level":13}}