{"host":"llpusn9usp8rznkj","time":1608592342,"event":{"mods":["2.2 Compatiblity","Aspiration","BaseMod","Colored Map","Colored Powertips","Conspire","Hubris","Minty Spire (QoL Compilation)","Rare Cards Sparkle","Replay The Spire","StSLib","The Cursed"],"gold_per_floor":[117,38,38,52,52,81,81,107,132,147,147,176,176,156,156,233,233,233,233],"floor_reached":18,"playtime":1091,"items_purged":[],"score":402,"play_id":"45840e27-a565-417e-9485-b3aa2b658acf","local_time":"20201221181222","is_ascension_mode":true,"campfire_choices":[{"data":"BasicCrystalCard","floor":7,"key":"SMITH"},{"data":"Conserve Battery","floor":11,"key":"SMITH"},{"data":"Dualcast","floor":13,"key":"SMITH"},{"floor":15,"key":"REST"}],"circlet_count":0,"master_deck":["AscendersBane","Strike_B","Strike_B","Strike_B","Strike_B","Defend_B","Defend_B","Defend_B","Defend_B","Zap+1","Dualcast+1","Leap","Cold Snap","BasicCrystalCard+1","Conserve Battery+1","Coolheaded","Glacier","Conserve Battery","Hologram","Echo Form"],"relics":["Cracked Core","NeowsBlessing","Blood Vial","Mummified Hand","Anchor","conspire:GlowingRock","Replay:Grab Bag","ReplayTheSpireMod:DimensionalGlitch","Coffee Dripper","Nuclear Battery","hubris:HollowSoul"],"acts_visited":["Exordium","TheCity"],"potions_floor_usage":[8,12,16],"damage_taken":[{"damage":0,"enemies":"Small Slimes","floor":1,"turns":1},{"damage":0,"enemies":"Cultist","floor":4,"turns":1},{"damage":0,"enemies":"Gremlin Nob","floor":6,"turns":1},{"damage":11,"enemies":"Lagavulin","floor":8,"turns":10},{"damage":0,"enemies":"2 Louse","floor":10,"turns":3},{"damage":41,"enemies":"Gremlin Nob","floor":12,"turns":5},{"damage":47,"enemies":"Fading Forest","floor":16,"turns":13},{"damage":18,"enemies":"conspire:FuzzyDice","floor":18,"turns":9}],"seed_played":"-5147346356958495035","potions_obtained":[{"floor":4,"key":"DistilledChaos"},{"floor":10,"key":"Fire Potion"},{"floor":12,"key":"FairyPotion"},{"floor":14,"key":"Dexterity Potion"}],"is_trial":false,"path_per_floor":["M","$","?","M","?","E","R","E","T","M","R","E","R","?","R","B",null,"M"],"character_chosen":"DEFECT","items_purchased":["Cold Snap","BasicCrystalCard"],"campfire_rested":1,"item_purchase_floors":[2,2],"current_hp_per_floor":[64,64,64,64,68,68,68,59,59,61,61,22,22,22,43,10,56,39,39],"gold":233,"neow_bonus":"THREE_ENEMY_KILL","is_daily":false,"chose_seed":false,"campfire_upgraded":3,"win_rate":0.0,"timestamp":1608592342,"path_taken":["M","$","?","?","?","E","R","E","T","M","R","E","R","?","R","BOSS","M"],"items_purchased_type":["Card","Card"],"build_version":"2020-12-13","purchased_purges":0,"victory":false,"max_hp_per_floor":[71,71,71,71,71,71,71,71,71,71,71,71,71,71,71,71,71,71,71],"card_choices":[{"not_picked":["Go for the Eyes","ReplaySolidLightProjector"],"picked":"Leap","floor":1},{"not_picked":["Genetic Algorithm","Beam Cell"],"picked":"Conserve Battery","floor":4},{"not_picked":["conspire:Rain","Leap"],"picked":"Coolheaded","floor":6},{"not_picked":["Go for the Eyes","Chill"],"picked":"Glacier","floor":8},{"not_picked":["Melter","Gash"],"picked":"Conserve Battery","floor":10},{"not_picked":["Go for the Eyes","Rainbow"],"picked":"Hologram","floor":12},{"not_picked":["Buffer","hubris:Prefetch"],"picked":"Echo Form","floor":16}],"player_experience":1108103,"relics_obtained":[{"floor":6,"key":"Blood Vial"},{"floor":8,"key":"Mummified Hand"},{"floor":9,"key":"Anchor"},{"floor":12,"key":"conspire:GlowingRock"}],"event_choices":[{"damage_healed":0,"gold_gain":0,"player_choice":"Upgraded","damage_taken":0,"max_hp_gain":0,"max_hp_loss":0,"event_name":"Upgrade Shrine","floor":3,"gold_loss":0,"cards_upgraded":["Zap"]},{"damage_healed":0,"gold_gain":0,"player_choice":"Bought 1 Potion","damage_taken":0,"max_hp_gain":0,"max_hp_loss":0,"event_name":"The Woman in Blue","floor":14,"gold_loss":0}],"is_beta":false,"boss_relics":[{"not_picked":["hubris:ScarierMask","Replay:Ancient Bell"],"picked":"Replay:Grab Bag"},{"not_picked":["hubris:VirtuousBlindfold","ReplayTheSpireMod:Onyx Gauntlets"],"picked":"ReplayTheSpireMod:DimensionalGlitch"},{"not_picked":["aspiration:FutureDiary","Painkiller Herb"],"picked":"Coffee Dripper"},{"not_picked":["Snecko Eye","aspiration:RitualDagger"],"picked":"Nuclear Battery"},{"not_picked":["Kintsugi","FrozenCore"],"picked":"hubris:HollowSoul"}],"items_purged_floors":[],"is_endless":false,"potions_floor_spawned":[4,10,12],"killed_by":"conspire:FuzzyDice","ascension_level":20}}