{"host":"zdznbz1vk7bo8bwe","time":1608518578,"event":{"mods":["Act Like it!","Aspiration","BaseMod","Better-Laid Plans","Block Reminder","Conspire","Custom Start","Defuse TimeMaze Blight","Ekko","Elementarium","Energized Spire","Gensokyo","Hubris","Infinite Spire","Jedi Mod","Jorbs\u0027s Wanderer Trilogy","Lobotomy","Menagerie","Minty Spire (QoL Compilation)","Rare Cards Sparkle","Replay The Spire","Spicy Shops","StSLib","The Animator","The Bug Knight","The Cursed","The Factory","The Jungle","The Vixen","Transform Curses","vexMod"],"gold_per_floor":[113,113,124,138,138,173,173,201,201,211,223,223,223,237,237,334,334,350,350,350,350,91,91,126,54,78,112,112,138,151,163,163,271,271,302,102,189,189,189,230,282,373,398,468,548,618,618,72,72,197,197,197],"floor_reached":51,"playtime":7103,"items_purged":[],"score":1446,"play_id":"cdc96dc5-7486-4b6c-a77a-0ce5d47fa455","local_time":"20201220184258","daily_mods":["SealedDeck","Heirloom","Elite Swarm","Lethality"],"is_ascension_mode":true,"campfire_choices":[{"data":"ekkoTheBoyWhoShatteredTime:PhaseDive","floor":7,"key":"SMITH"},{"data":"ekkoTheBoyWhoShatteredTime:SneakHit","floor":7,"key":"SMITH"},{"data":"ekkoTheBoyWhoShatteredTime:HailOfBlades","floor":12,"key":"SMITH"},{"data":"ekkoTheBoyWhoShatteredTime:Dash","floor":12,"key":"SMITH"},{"data":"ekkoTheBoyWhoShatteredTime:TimeRecall","floor":15,"key":"SMITH"},{"data":"ekkoTheBoyWhoShatteredTime:HextechProtobelt","floor":15,"key":"SMITH"},{"data":"ekkoTheBoyWhoShatteredTime:HauntingGuise","floor":23,"key":"SMITH"},{"data":"ekkoTheBoyWhoShatteredTime:NeedlesslyLargeRod","floor":23,"key":"SMITH"},{"data":"hubris:DuctTapeCard","floor":32,"key":"SMITH"},{"data":"ekkoTheBoyWhoShatteredTime:Knowledge","floor":32,"key":"SMITH"},{"data":"ekkoTheBoyWhoShatteredTime:PulsefirePooling","floor":47,"key":"SMITH"},{"data":"ekkoTheBoyWhoShatteredTime:PulsefirePooling","floor":47,"key":"SMITH"},{"data":"Voices","floor":49,"key":"PURGE"}],"circlet_count":0,"master_deck":["ekkoTheBoyWhoShatteredTime:SneakHit+1","ekkoTheBoyWhoShatteredTime:Dash+1","ekkoTheBoyWhoShatteredTime:PhaseDive+1","ekkoTheBoyWhoShatteredTime:Acceleration+1","ekkoTheBoyWhoShatteredTime:HauntingGuise+1","ekkoTheBoyWhoShatteredTime:HextechProtobelt+1","ekkoTheBoyWhoShatteredTime:TimeRecall+1","ekkoTheBoyWhoShatteredTime:HailOfBlades+1","hubris:DuctTapeCard+2","ekkoTheBoyWhoShatteredTime:Powered","ekkoTheBoyWhoShatteredTime:Knowledge+1","Replay:Fractal Strike+1","ekkoTheBoyWhoShatteredTime:WideSlice+1","conspire:SpireCoStock+1","conspire:SpireCoStock","conspire:SpireCoStock","conspire:SpireCoStock","ekkoTheBoyWhoShatteredTime:PulsefirePooling+1","ekkoTheBoyWhoShatteredTime:PulsefirePooling+1","ekkoTheBoyWhoShatteredTime:Playful","ekkoTheBoyWhoShatteredTime:SktSynergy+1","ekkoTheBoyWhoShatteredTime:TrinityForce+1","ekkoTheBoyWhoShatteredTime:PulsefirePooling+1"],"relics":["HollowMod:MillibellesNoteRelic","stsjorbsmod:GrimoireRelic","Lantern","ekkoTheBoyWhoShatteredTime:zDriveResonance","Cauldron","energizedSpire:StickyHand","energizedSpire:BlackCloud","animator:TheMissingPiece","Peace Pipe","Menagerie:HuntersKnife","hubris:HerbalPaste","CultistMask","Frozen Eye","theJungle:Creamberry","HollowMod:GreatKnightMask","theJungle:BirthdayCakeSlice","jedi:othersneckoeye","HollowMod:PaleOreRelic","Ring of Fangs","infinitespire:Chaos","vexMod:Spyglass","Meat on the Bone","aspiration:FutureDiary","replay:Trail_Library"],"acts_visited":["Exordium","TheCity","TheCity","Exordium"],"potions_floor_usage":[4,41,50,50],"damage_taken":[{"damage":7,"enemies":"Small Slimes","floor":1,"turns":2},{"damage":0,"enemies":"Cultist","floor":3,"turns":2},{"damage":0,"enemies":"2 Louse","floor":4,"turns":1},{"damage":25,"enemies":"3 Sentries","floor":6,"turns":5},{"damage":0,"enemies":"Lagavulin","floor":8,"turns":1},{"damage":3,"enemies":"Lots of Slimes","floor":10,"turns":2},{"damage":0,"enemies":"2 Fungi Beasts","floor":11,"turns":1},{"damage":0,"enemies":"Exordium Thugs","floor":14,"turns":1},{"damage":0,"enemies":"Hexaghost","floor":16,"turns":1},{"damage":0,"enemies":"3 Byrds","floor":18,"turns":1},{"damage":0,"enemies":"Replay:Snechameleon","floor":24,"turns":1},{"damage":0,"enemies":"Nightmare","floor":27,"turns":1},{"damage":0,"enemies":"conspire:Head Lice","floor":29,"turns":1},{"damage":0,"enemies":"Chosen","floor":30,"turns":1},{"damage":0,"enemies":"Snecko","floor":31,"turns":1},{"damage":3,"enemies":"Pondfish","floor":33,"turns":3},{"damage":0,"enemies":"theFactory:BigBot","floor":35,"turns":1},{"damage":21,"enemies":"theFactory:2_Experiment_Personnel","floor":37,"turns":3},{"damage":0,"enemies":"theFactory:Manservantes","floor":40,"turns":2},{"damage":7,"enemies":"theFactory:Personnel_and_Mini-Bots","floor":41,"turns":2},{"damage":17,"enemies":"theFactory:DrinkBrewer","floor":42,"turns":3},{"damage":0,"enemies":"theFactory:Manservantes","floor":44,"turns":2},{"damage":0,"enemies":"theFactory:DecayingSentinel","floor":45,"turns":1},{"damage":0,"enemies":"theFactory:DrinkBrewer","floor":46,"turns":1},{"damage":0,"enemies":"theFactory:SPIDER","floor":50,"turns":1}],"seed_played":"9219798112863559281","potions_obtained":[{"floor":4,"key":"Fruit Juice"},{"floor":8,"key":"LiquidMemories"},{"floor":16,"key":"ColorlessPotion"},{"floor":18,"key":"BlessingOfTheForge"},{"floor":21,"key":"SkillPotion"},{"floor":31,"key":"FairyPotion"},{"floor":44,"key":"Toxic Potion"},{"floor":45,"key":"SkillPotion"},{"floor":50,"key":"jedi:StrikingPotion"}],"is_trial":true,"path_per_floor":["M","?","M","M","?","E","R","E","T","M","M","R","?","M","R","B",null,"M","?","?","?","$","R","E","$","T","NM","?","E","M","M","R","B",null,"M","?","M","?","?","E","M","E","T","E","M","E","R","$","R","B",null],"character_chosen":"EKKO_THE_BOY_WHO_SHATTERED_TIME","items_purchased":["Molten Egg 2","Gremlin Food","infinitespire:Chaos","ekkoTheBoyWhoShatteredTime:Playful","vexMod:Spyglass","Meat on the Bone"],"campfire_rested":0,"item_purchase_floors":[22,25,48,48,48,48],"current_hp_per_floor":[71,78,78,83,83,58,58,58,58,55,55,55,47,47,47,47,83,83,83,83,83,83,83,83,83,83,83,64,64,64,64,64,61,83,83,83,62,62,62,62,55,38,38,38,38,38,38,43,43,55,88,88],"gold":197,"neow_bonus":"","is_daily":false,"chose_seed":false,"campfire_upgraded":12,"win_rate":0.0,"timestamp":1608518578,"path_taken":["M","?","?","M","?","E","R","E","T","M","?","R","?","M","R","BOSS","M","?","?","?","$","R","E","?","T","NM","?","E","?","M","R","BOSS","M","?","M","?","?","E","?","E","T","E","M","E","R","$","R","BOSS"],"items_purchased_type":["Relic","Relic","Relic","Card","Relic","Relic"],"build_version":"2020-12-13","purchased_purges":0,"victory":false,"max_hp_per_floor":[78,78,78,83,83,83,83,83,83,83,83,83,83,83,83,83,83,83,83,83,83,83,83,83,83,83,83,83,83,83,83,83,83,83,83,83,83,83,83,83,83,83,83,83,83,83,83,88,88,88,88,88],"card_choices":[{"not_picked":["ekkoTheBoyWhoShatteredTime:Unchained","ekkoTheBoyWhoShatteredTime:NashorsTooth","ekkoTheBoyWhoShatteredTime:Leap"],"picked":"SKIP","floor":1},{"not_picked":["ekkoTheBoyWhoShatteredTime:NaggingBlow","ekkoTheBoyWhoShatteredTime:LichBane","ekkoTheBoyWhoShatteredTime:Backtrack"],"picked":"SKIP","floor":3},{"not_picked":["ekkoTheBoyWhoShatteredTime:DodgeTraining","ekkoTheBoyWhoShatteredTime:AfterimageHit","ekkoTheBoyWhoShatteredTime:ParallelConvergence"],"picked":"SKIP","floor":4},{"not_picked":["ekkoTheBoyWhoShatteredTime:Discharge","ekkoTheBoyWhoShatteredTime:SandstormSympathy","ekkoTheBoyWhoShatteredTime:OverloadingWeapon"],"picked":"SKIP","floor":6},{"not_picked":["ekkoTheBoyWhoShatteredTime:ProjectPreference","ekkoTheBoyWhoShatteredTime:OverloadingWeapon","ekkoTheBoyWhoShatteredTime:Periocharge"],"picked":"SKIP","floor":8},{"not_picked":["ekkoTheBoyWhoShatteredTime:FluidEnergy","ekkoTheBoyWhoShatteredTime:AfterimageBait"],"picked":"ekkoTheBoyWhoShatteredTime:TimeRecall","floor":10},{"not_picked":["ekkoTheBoyWhoShatteredTime:Backtrack","ekkoTheBoyWhoShatteredTime:Greed"],"picked":"ekkoTheBoyWhoShatteredTime:HailOfBlades","floor":11},{"not_picked":["ekkoTheBoyWhoShatteredTime:WaitForKeyTiming","ekkoTheBoyWhoShatteredTime:KeepingMomentum","ekkoTheBoyWhoShatteredTime:Overflow"],"picked":"SKIP","floor":14},{"not_picked":["ekkoTheBoyWhoShatteredTime:DodgeTraining+1","ekkoTheBoyWhoShatteredTime:LevelUp","ekkoTheBoyWhoShatteredTime:AfterimageHit"],"picked":"SKIP","floor":18},{"not_picked":["ekkoTheBoyWhoShatteredTime:Chronobreak+1","ekkoTheBoyWhoShatteredTime:AcademyAttraction","ekkoTheBoyWhoShatteredTime:GuinsoosRageblade"],"picked":"SKIP","floor":24},{"not_picked":["ekkoTheBoyWhoShatteredTime:Chronobreak+1","ekkoTheBoyWhoShatteredTime:AcademyAttraction","ekkoTheBoyWhoShatteredTime:GuinsoosRageblade"],"picked":"SKIP","floor":24},{"not_picked":["ekkoTheBoyWhoShatteredTime:SandstormSympathy","ekkoTheBoyWhoShatteredTime:Periocharge"],"picked":"ekkoTheBoyWhoShatteredTime:Powered","floor":27},{"not_picked":["infinitespire:Collect","infinitespire:Execution"],"picked":"Replay:Fractal Strike","floor":28},{"not_picked":["ekkoTheBoyWhoShatteredTime:GuinsoosRageblade","ekkoTheBoyWhoShatteredTime:CatchUpTime","ekkoTheBoyWhoShatteredTime:Powered"],"picked":"SKIP","floor":29},{"not_picked":["ekkoTheBoyWhoShatteredTime:Greed+1","ekkoTheBoyWhoShatteredTime:Overflow","ekkoTheBoyWhoShatteredTime:Acceleration"],"picked":"SKIP","floor":30},{"not_picked":["ekkoTheBoyWhoShatteredTime:Confident+1","ekkoTheBoyWhoShatteredTime:PhaseDive","ekkoTheBoyWhoShatteredTime:ParallelConvergence"],"picked":"SKIP","floor":31},{"not_picked":["ekkoTheBoyWhoShatteredTime:AfterimageBait","ekkoTheBoyWhoShatteredTime:HauntingGuise+1"],"picked":"ekkoTheBoyWhoShatteredTime:WideSlice+1","floor":35},{"not_picked":["ekkoTheBoyWhoShatteredTime:NaggingBlow+1","ekkoTheBoyWhoShatteredTime:Leap","ekkoTheBoyWhoShatteredTime:HauntedAfterimage+1"],"picked":"SKIP","floor":37},{"not_picked":["ekkoTheBoyWhoShatteredTime:OverloadingWeapon+1","ekkoTheBoyWhoShatteredTime:Periocharge","ekkoTheBoyWhoShatteredTime:TrickOrTreatTrend"],"picked":"SKIP","floor":40},{"not_picked":["ekkoTheBoyWhoShatteredTime:RecallingPunch+1","ekkoTheBoyWhoShatteredTime:Knowledge+1","ekkoTheBoyWhoShatteredTime:NashorsTooth"],"picked":"SKIP","floor":41},{"not_picked":["ekkoTheBoyWhoShatteredTime:TrinityForce","ekkoTheBoyWhoShatteredTime:Periocharge"],"picked":"ekkoTheBoyWhoShatteredTime:PulsefirePooling","floor":42},{"not_picked":["ekkoTheBoyWhoShatteredTime:ProjectPreference+1","ekkoTheBoyWhoShatteredTime:SandstormSympathy"],"picked":"ekkoTheBoyWhoShatteredTime:PulsefirePooling","floor":44},{"not_picked":["ekkoTheBoyWhoShatteredTime:SpHit+1","ekkoTheBoyWhoShatteredTime:DuplicateTimelines+1","ekkoTheBoyWhoShatteredTime:CommittedStrike+1"],"picked":"SKIP","floor":45},{"not_picked":["ekkoTheBoyWhoShatteredTime:Greed+1","ekkoTheBoyWhoShatteredTime:Dash+1","ekkoTheBoyWhoShatteredTime:Backtrack+1"],"picked":"SKIP","floor":45},{"not_picked":["ekkoTheBoyWhoShatteredTime:SandstormSympathy","ekkoTheBoyWhoShatteredTime:TimeIndustry","ekkoTheBoyWhoShatteredTime:GuinsoosRageblade"],"picked":"SKIP","floor":46},{"not_picked":["ekkoTheBoyWhoShatteredTime:SktSynergy+1","ekkoTheBoyWhoShatteredTime:TrinityForce+1"],"picked":"ekkoTheBoyWhoShatteredTime:PulsefirePooling+1","floor":50}],"player_experience":31657,"relics_obtained":[{"floor":6,"key":"jedi:gremlinknob"},{"floor":8,"key":"infinitespire:CursedDice"},{"floor":24,"key":"hubris:DuctTape"},{"floor":26,"key":"War Paint"},{"floor":27,"key":"Happy Flower"},{"floor":29,"key":"Smiling Mask"},{"floor":38,"key":"Ring of Fury"},{"floor":40,"key":"Replay:Mystery Machine"},{"floor":42,"key":"infinitespire:Joker Card"},{"floor":43,"key":"Centennial Puzzle"},{"floor":44,"key":"Prayer Wheel"},{"floor":46,"key":"Juzu Bracelet"}],"event_choices":[{"cards_removed":["ekkoTheBoyWhoShatteredTime:KeepingMomentum"],"damage_healed":7,"gold_gain":0,"player_choice":"Offered Uncommon","damage_taken":0,"max_hp_gain":0,"max_hp_loss":0,"event_name":"Bonfire Elementals","floor":2,"gold_loss":0},{"cards_removed":["ekkoTheBoyWhoShatteredTime:Dash"],"damage_healed":0,"gold_gain":0,"player_choice":"Purged","damage_taken":0,"max_hp_gain":0,"max_hp_loss":0,"event_name":"Purifier","floor":5,"gold_loss":0},{"damage_healed":0,"gold_gain":0,"player_choice":"Damaged","damage_taken":8,"max_hp_gain":0,"max_hp_loss":0,"event_name":"Wheel of Change","floor":13,"gold_loss":0},{"damage_healed":0,"gold_gain":0,"player_choice":"Ignored","damage_taken":0,"max_hp_gain":0,"max_hp_loss":0,"event_name":"Beggar","floor":19,"gold_loss":0},{"damage_healed":0,"gold_gain":0,"player_choice":"Invest 4","damage_taken":0,"max_hp_gain":0,"max_hp_loss":0,"event_name":"conspire:Investor","floor":36,"gold_loss":0}],"is_beta":false,"boss_relics":[{"not_picked":["ReplayTheSpireMod:DimensionalGlitch","energizedSpire:CursedPentagram"],"picked":"Philosopher\u0027s Stone"},{"not_picked":["Kintsugi","energizedSpire:RedRose","Painkiller Herb"]},{"not_picked":["hubris:VirtuousBlindfold","SacredBark"],"picked":"aspiration:FutureDiary"}],"items_purged_floors":[],"is_endless":true,"potions_floor_spawned":[4,8,16,18,27,31,40,44,45,50],"ascension_level":1}}