{"host":"s1b9wbrnwri7g9vh","time":1608513797,"event":{"mods":["Act Like it!","BaseMod","Better Note","Hallownest","Hermit","Minty Spire (QoL Compilation)","Pale of the Ancients","Relic Stats","Replay The Spire","StSLib","The Druid","The Exalted","The Servant 0.9.4"],"gold_per_floor":[118,118,191,191,214,253,266,266,293,324,324,365,178,191,191,191,191],"floor_reached":16,"playtime":529,"items_purged":["Strike_G"],"score":207,"play_id":"d27f9721-f691-411f-884e-ab6c8a161003","local_time":"20201221012317","is_ascension_mode":true,"campfire_choices":[{"data":"Tools of the Trade","floor":8,"key":"SMITH"},{"data":"Blade Dance","floor":11,"key":"SMITH"},{"data":"ReplayTheSpireMod:Scrap Shanks","floor":15,"key":"SMITH"}],"circlet_count":0,"master_deck":["Strike_G","Strike_G","Strike_G","Strike_G","Defend_G","Defend_G","Defend_G","Defend_G+1","Defend_G","Survivor","Neutralize","Poisoned Stab+1","Tools of the Trade+1","Blade Dance+1","Blade Dance","ReplayTheSpireMod:Speed Training","ReplayTheSpireMod:Scrap Shanks","ReplayTheSpireMod:Scrap Shanks+1","Acrobatics","Tactician"],"relics":["Ring of the Snake","NeowsBlessing","Bromod:ArcaneAwakening","Golden Idol","Snake Skull","Bag of Preparation","Bottled Lightning","Blood Vial"],"acts_visited":["Exordium"],"potions_floor_usage":[12,14],"damage_taken":[{"damage":0,"enemies":"2 Louse","floor":1,"turns":1},{"damage":0,"enemies":"Jaw Worm","floor":5,"turns":1},{"damage":0,"enemies":"Replay:BlueRogue","floor":6,"turns":1},{"damage":0,"enemies":"Small Slimes","floor":7,"turns":3},{"damage":12,"enemies":"Lagavulin","floor":10,"turns":5},{"damage":10,"enemies":"Gremlin Nob","floor":12,"turns":3},{"damage":7,"enemies":"2 Fungi Beasts","floor":14,"turns":3},{"damage":9,"enemies":"The Guardian","floor":16,"turns":3}],"seed_played":"-7468861045106334878","potions_obtained":[{"floor":6,"key":"Strength Potion"},{"floor":10,"key":"EssenceOfSteel"},{"floor":14,"key":"Energy Potion"}],"is_trial":false,"path_per_floor":["M","?","T","?","M","E","M","R","T","E","R","E","$","M","R","B"],"character_chosen":"THE_SILENT","items_purchased":["ReplayTheSpireMod:Scrap Shanks","Acrobatics"],"campfire_rested":0,"item_purchase_floors":[13,13],"current_hp_per_floor":[63,49,49,32,32,32,32,32,32,20,20,10,10,5,5,0,0],"gold":191,"neow_bonus":"THREE_ENEMY_KILL","is_daily":false,"chose_seed":false,"campfire_upgraded":3,"win_rate":0.0,"timestamp":1608513797,"path_taken":["M","?","?","?","M","E","M","R","T","E","R","E","$","M","R","BOSS"],"items_purchased_type":["Card","Card"],"build_version":"2020-12-13","purchased_purges":1,"victory":false,"max_hp_per_floor":[70,70,70,70,70,70,70,70,70,70,70,70,70,70,70,70,70],"relic_stats":{"Blood Vial":4,"counters":[8,20],"Golden Idol":33,"Snake Skull":[8],"Bag of Preparation":[8],"obtain_stats":[{"Bromod:ArcaneAwakening":3,"Blood Vial":12,"NeowsBlessing":0,"Golden Idol":4,"Snake Skull":6,"Bag of Preparation":9,"Bottled Lightning":10,"Ring of the Snake":0},{"Bromod:ArcaneAwakening":1,"Blood Vial":6,"NeowsBlessing":0,"Golden Idol":1,"Snake Skull":3,"Bag of Preparation":4,"Bottled Lightning":5,"Ring of the Snake":0},{"Bromod:ArcaneAwakening":1,"Blood Vial":14,"NeowsBlessing":0,"Golden Idol":1,"Snake Skull":3,"Bag of Preparation":6,"Bottled Lightning":11,"Ring of the Snake":0}],"Ring of the Snake":[16]},"card_choices":[{"not_picked":["Riddle With Holes","Endless Agony"],"picked":"Poisoned Stab","floor":1},{"not_picked":["Sucker Punch","Deadly Poison","Flying Knee"],"picked":"SKIP","floor":5},{"not_picked":["Slice","PiercingWail"],"picked":"Tools of the Trade","floor":6},{"not_picked":["Hidden Blade","Flying Knee"],"picked":"Blade Dance","floor":7},{"not_picked":["ReplayTheSpireMod:Shiv Toss","Sneak Up"],"picked":"Blade Dance","floor":10},{"not_picked":["ReplayTheSpireMod:Shiv Toss","PiercingWail"],"picked":"ReplayTheSpireMod:Speed Training","floor":12},{"not_picked":["PiercingWail","Quick Slash"],"picked":"Tactician","floor":14}],"player_experience":578443,"relics_obtained":[{"floor":3,"key":"Bromod:ArcaneAwakening"},{"floor":6,"key":"Snake Skull"},{"floor":9,"key":"Bag of Preparation"},{"floor":10,"key":"Bottled Lightning"},{"floor":12,"key":"Blood Vial"}],"event_choices":[{"damage_healed":0,"gold_gain":0,"player_choice":"Entered Light","damage_taken":14,"max_hp_gain":0,"max_hp_loss":0,"event_name":"Shining Light","floor":2,"gold_loss":0,"cards_upgraded":["Defend_G","Poisoned Stab"]},{"damage_healed":0,"gold_gain":0,"player_choice":"Take Damage","damage_taken":17,"relics_obtained":["Golden Idol"],"max_hp_gain":0,"max_hp_loss":0,"event_name":"Golden Idol","floor":4,"gold_loss":0}],"is_beta":false,"boss_relics":[],"items_purged_floors":[13],"is_endless":false,"potions_floor_spawned":[6,10,14],"killed_by":"The Guardian","ascension_level":9}}