{"host":"x5anfo2w8aotfuta","time":1608510286,"event":{"mods":["AchievementEnabler","BaseMod","Bestiary","Block Reminder","Colored Map","Colored Powertips","DeckTracker","Highlight Path","Minty Spire (QoL Compilation)","Quick Restart","Rare Cards Sparkle","Relic Stats","StSLib"],"gold_per_floor":[118,130,141,141,141,141,176,176,176,210,175,6,6,34,34,136,136,155,155,170,185,205,233,244,278,305,337,352,383,403,422,422,517,517,537,637,647,230,230,265,265,291,291,291,316,316,67,67,67,67,67,67,18,50,50],"floor_reached":56,"playtime":8933,"items_purged":["Bane"],"score":1901,"play_id":"e61a5a68-5164-4673-b713-9937c596ecb9","local_time":"20201220162446","is_ascension_mode":true,"campfire_choices":[{"data":"Neutralize","floor":6,"key":"SMITH"},{"data":"Dagger Spray","floor":8,"key":"SMITH"},{"data":"Noxious Fumes","floor":13,"key":"SMITH"},{"data":"Panache","floor":15,"key":"SMITH"},{"floor":32,"key":"REST"},{"floor":41,"key":"RECALL"},{"floor":44,"key":"DIG"},{"floor":46,"key":"DIG"},{"floor":49,"key":"DIG"},{"floor":52,"key":"DIG"}],"circlet_count":0,"master_deck":["Survivor","Neutralize+1","Escape Plan","Slice","A Thousand Cuts+1","Poisoned Stab","Heel Hook","Quick Slash","Leg Sweep","Wraith Form v2+1","Dagger Spray+1","Cloak And Dagger","Backflip","Noxious Fumes+1","Panache+1","Blade Dance","Tools of the Trade","Prepared+1","Well Laid Plans","Leg Sweep+1","Dodge and Roll+1","Distraction","Prepared+1","Reflex+1","Terror+1","Adrenaline","Blade Dance","Storm of Steel","Backflip+1","Dark Shackles","Caltrops+1","Madness","Madness"],"relics":["Pandora\u0027s Box","Shovel","Paper Crane","Tingsha","StoneCalendar","Fusion Hammer","Bottled Tornado","Frozen Egg 2","Anchor","Tiny Chest","Matryoshka","SlaversCollar","Mercury Hourglass","Nunchaku","Pantograph","Singing Bowl","Juzu Bracelet","Molten Egg 2","Blood Vial","PreservedInsect","Letter Opener","Mummified Hand","Bag of Preparation","Sundial","Gremlin Horn"],"acts_visited":["Exordium","TheCity","TheBeyond","TheEnding"],"potions_floor_usage":[7,23,27,29,37,50,54,55,55],"damage_taken":[{"damage":0,"enemies":"2 Louse","floor":1,"turns":3},{"damage":0,"enemies":"Small Slimes","floor":2,"turns":3},{"damage":0,"enemies":"Cultist","floor":3,"turns":3},{"damage":7,"enemies":"3 Sentries","floor":7,"turns":4},{"damage":2,"enemies":"Lagavulin","floor":10,"turns":6},{"damage":0,"enemies":"Gremlin Nob","floor":14,"turns":3},{"damage":0,"enemies":"Slime Boss","floor":16,"turns":5},{"damage":6,"enemies":"Chosen","floor":18,"turns":3},{"damage":0,"enemies":"2 Thieves","floor":20,"turns":3},{"damage":0,"enemies":"Chosen and Byrds","floor":21,"turns":4},{"damage":0,"enemies":"Snecko","floor":22,"turns":5},{"damage":1,"enemies":"Gremlin Leader","floor":23,"turns":5},{"damage":0,"enemies":"Cultist and Chosen","floor":24,"turns":3},{"damage":0,"enemies":"Slavers","floor":25,"turns":2},{"damage":0,"enemies":"Book of Stabbing","floor":27,"turns":4},{"damage":0,"enemies":"3 Cultists","floor":28,"turns":3},{"damage":19,"enemies":"Slavers","floor":29,"turns":3},{"damage":18,"enemies":"Shelled Parasite and Fungi","floor":30,"turns":3},{"damage":0,"enemies":"Sentry and Sphere","floor":31,"turns":2},{"damage":0,"enemies":"Automaton","floor":33,"turns":5},{"damage":0,"enemies":"3 Shapes","floor":35,"turns":3},{"damage":0,"enemies":"3 Darklings","floor":37,"turns":2},{"damage":0,"enemies":"Reptomancer","floor":40,"turns":3},{"damage":0,"enemies":"Giant Head","floor":42,"turns":6},{"damage":0,"enemies":"Reptomancer","floor":45,"turns":4},{"damage":21,"enemies":"Time Eater","floor":50,"turns":8},{"damage":0,"enemies":"Shield and Spear","floor":54,"turns":3},{"damage":74,"enemies":"The Heart","floor":55,"turns":6}],"seed_played":"-2875444126054409830","potions_obtained":[{"floor":1,"key":"AttackPotion"},{"floor":2,"key":"Ancient Potion"},{"floor":14,"key":"GamblersBrew"},{"floor":19,"key":"LiquidBronze"},{"floor":19,"key":"EssenceOfSteel"},{"floor":24,"key":"GamblersBrew"},{"floor":29,"key":"Explosive Potion"},{"floor":30,"key":"GhostInAJar"},{"floor":31,"key":"CultistPotion"},{"floor":40,"key":"DistilledChaos"},{"floor":42,"key":"Swift Potion"},{"floor":54,"key":"Fruit Juice"}],"is_trial":false,"path_per_floor":["M","M","M","?","?","R","E","R","T","E","?","$","R","E","R","B",null,"M","?","M","M","M","E","M","E","T","E","M","E","M","M","R","B",null,"M","?","M","$","T","E","R","E","T","R","E","R","$","?","R","B",null,"R","$","E","B",null],"character_chosen":"THE_SILENT","items_purchased":["Panache","Dark Shackles","Mercury Hourglass","Mummified Hand","Poison Potion"],"campfire_rested":1,"item_purchase_floors":[12,38,38,47,53],"current_hp_per_floor":[70,70,70,63,49,49,42,42,42,40,57,57,57,57,57,57,67,61,61,61,61,61,60,60,60,60,60,60,41,23,23,44,44,64,64,64,64,64,64,64,64,66,66,66,70,70,70,61,61,53,69,69,69,78,7],"gold":50,"neow_bonus":"BOSS_RELIC","is_daily":false,"chose_seed":false,"campfire_upgraded":4,"win_rate":0.0,"timestamp":1608510286,"path_taken":["M","M","M","?","?","R","E","R","T","E","?","$","R","E","R","BOSS","M","?","M","M","M","E","M","E","T","E","?","E","M","M","R","BOSS","M","?","M","?","?","E","R","E","T","R","E","R","$","?","R","BOSS","R","$","E","BOSS"],"items_purchased_type":["Card","Card","Relic","Relic","Potion"],"build_version":"2020-12-13","purchased_purges":1,"victory":true,"max_hp_per_floor":[70,70,70,70,70,70,70,70,70,70,70,70,70,70,70,70,70,70,70,70,70,70,70,70,70,70,70,70,70,70,70,70,70,70,70,70,70,70,70,70,70,72,72,72,74,74,74,74,74,74,74,74,74,81,81],"relic_stats":{"Singing Bowl":6,"Gremlin Horn":[0,0],"counters":[28,107],"Tingsha":[313],"StoneCalendar":[52],"PreservedInsect":68,"Juzu Bracelet":0,"Bag of Preparation":[6],"Letter Opener":[90],"Mercury Hourglass":[108],"Blood Vial":8,"Nunchaku":[9],"Shovel":4,"Mummified Hand":[22],"Sundial":[0],"Pantograph":12,"Pandora\u0027s Box":["Tactician","Escape Plan","Slice","A Thousand Cuts","Bane","Poisoned Stab","Heel Hook","Quick Slash","Leg Sweep","Wraith Form v2"],"Tiny Chest":1,"obtain_stats":[{"Singing Bowl":40,"Gremlin Horn":54,"StoneCalendar":14,"Juzu Bracelet":42,"Bag of Preparation":49,"Bottled Tornado":23,"Blood Vial":44,"Nunchaku":39,"Shovel":7,"Matryoshka":29,"Mummified Hand":47,"Sundial":52,"Pantograph":39,"Tiny Chest":27,"Fusion Hammer":17,"Ring of the Snake":0,"Tingsha":10,"PreservedInsect":45,"Letter Opener":46,"Paper Crane":9,"Frozen Egg 2":25,"Mercury Hourglass":38,"SlaversCollar":34,"Anchor":26,"Pandora\u0027s Box":0,"Molten Egg 2":43},{"Singing Bowl":23,"Gremlin Horn":27,"StoneCalendar":6,"Juzu Bracelet":24,"Bag of Preparation":25,"Bottled Tornado":12,"Blood Vial":24,"Nunchaku":22,"Shovel":4,"Matryoshka":17,"Mummified Hand":25,"Sundial":26,"Pantograph":22,"Tiny Chest":15,"Fusion Hammer":7,"Ring of the Snake":0,"Tingsha":5,"PreservedInsect":25,"Letter Opener":25,"Paper Crane":4,"Frozen Egg 2":14,"Mercury Hourglass":22,"SlaversCollar":20,"Anchor":14,"Pandora\u0027s Box":0,"Molten Egg 2":24},{"Singing Bowl":80,"Gremlin Horn":101,"StoneCalendar":22,"Juzu Bracelet":86,"Bag of Preparation":90,"Bottled Tornado":47,"Blood Vial":86,"Nunchaku":77,"Shovel":13,"Matryoshka":62,"Mummified Hand":90,"Sundial":98,"Pantograph":77,"Tiny Chest":56,"Fusion Hammer":27,"Ring of the Snake":0,"Tingsha":19,"PreservedInsect":90,"Letter Opener":90,"Paper Crane":13,"Frozen Egg 2":52,"Mercury Hourglass":77,"SlaversCollar":72,"Anchor":52,"Pandora\u0027s Box":0,"Molten Egg 2":86}]},"card_choices":[{"not_picked":["Escape Plan","Prepared"],"picked":"Dagger Spray","floor":1},{"not_picked":["Outmaneuver","Reflex"],"picked":"Cloak And Dagger","floor":2},{"not_picked":["Accuracy","Quick Slash","Blade Dance"],"picked":"SKIP","floor":3},{"not_picked":["Deadly Poison","Bouncing Flask"],"picked":"Backflip","floor":7},{"not_picked":["Unload","Dagger Throw"],"picked":"Noxious Fumes","floor":10},{"not_picked":["Noxious Fumes","Acrobatics"],"picked":"Blade Dance","floor":14},{"not_picked":["Burst","Malaise"],"picked":"Tools of the Trade","floor":16},{"not_picked":["Choke+1","Catalyst+1"],"picked":"Prepared+1","floor":18},{"not_picked":["Quick Slash+1","Endless Agony"],"picked":"Well Laid Plans","floor":20},{"not_picked":["Dodge and Roll","Expertise"],"picked":"Leg Sweep+1","floor":21},{"not_picked":["Flying Knee","Leg Sweep"],"picked":"Dodge and Roll+1","floor":22},{"not_picked":["Phantasmal Killer","Dagger Spray"],"picked":"Distraction","floor":23},{"not_picked":["Deflect","Dagger Throw"],"picked":"Prepared+1","floor":24},{"not_picked":["Deadly Poison","Well Laid Plans+1","Backstab"],"picked":"SKIP","floor":25},{"not_picked":["Flying Knee","Expertise"],"picked":"Reflex+1","floor":27},{"not_picked":["Flying Knee","Leg Sweep"],"picked":"Terror+1","floor":28},{"not_picked":["Quick Slash","PiercingWail"],"picked":"Adrenaline","floor":29},{"not_picked":["Poisoned Stab+1","Underhanded Strike","Catalyst"],"picked":"SKIP","floor":30},{"not_picked":["Reflex","Sucker Punch"],"picked":"Blade Dance","floor":31},{"not_picked":["Die Die Die","Phantasmal Killer"],"picked":"Storm of Steel","floor":33},{"not_picked":["Underhanded Strike","Bane+1"],"picked":"Backflip+1","floor":35},{"not_picked":["Accuracy+1","Prepared","Sucker Punch"],"picked":"SKIP","floor":37},{"not_picked":["Sucker Punch","Quick Slash+1"],"picked":"Caltrops+1","floor":40},{"not_picked":["Leg Sweep+1","Skewer","Quick Slash+1"],"picked":"Singing Bowl","floor":42},{"not_picked":["Flying Knee+1","Deadly Poison+1","Terror"],"picked":"Singing Bowl","floor":45},{"not_picked":["Die Die Die+1","Sucker Punch+1","Deadly Poison"],"picked":"Singing Bowl","floor":54}],"player_experience":338766,"relics_obtained":[{"floor":7,"key":"Shovel"},{"floor":9,"key":"Paper Crane"},{"floor":10,"key":"Tingsha"},{"floor":14,"key":"StoneCalendar"},{"floor":23,"key":"Bottled Tornado"},{"floor":25,"key":"Frozen Egg 2"},{"floor":26,"key":"Anchor"},{"floor":27,"key":"Tiny Chest"},{"floor":29,"key":"Matryoshka"},{"floor":39,"key":"Nunchaku"},{"floor":39,"key":"Pantograph"},{"floor":40,"key":"Singing Bowl"},{"floor":42,"key":"Juzu Bracelet"},{"floor":43,"key":"Molten Egg 2"},{"floor":44,"key":"Blood Vial"},{"floor":45,"key":"PreservedInsect"},{"floor":46,"key":"Letter Opener"},{"floor":49,"key":"Bag of Preparation"},{"floor":52,"key":"Sundial"},{"floor":54,"key":"Gremlin Horn"}],"event_choices":[{"cards_removed":["Tactician"],"damage_healed":0,"gold_gain":0,"player_choice":"Card Removal","damage_taken":7,"max_hp_gain":0,"max_hp_loss":0,"event_name":"Golden Wing","floor":4,"gold_loss":0},{"damage_healed":0,"gold_gain":0,"player_choice":"Entered Light","damage_taken":14,"max_hp_gain":0,"max_hp_loss":0,"event_name":"Shining Light","floor":5,"gold_loss":0,"cards_upgraded":["Wraith Form v2","A Thousand Cuts"]},{"damage_healed":17,"gold_gain":0,"player_choice":"Healed","damage_taken":0,"max_hp_gain":0,"max_hp_loss":0,"event_name":"The Cleric","floor":11,"gold_loss":35},{"damage_healed":0,"gold_gain":0,"player_choice":"Got Potions","damage_taken":0,"max_hp_gain":0,"max_hp_loss":0,"event_name":"Lab","floor":19,"gold_loss":0},{"damage_healed":0,"gold_gain":100,"player_choice":"Pray","damage_taken":0,"max_hp_gain":0,"max_hp_loss":0,"event_name":"Golden Shrine","floor":36,"gold_loss":0},{"damage_healed":0,"gold_gain":0,"player_choice":"Embrace Madness","damage_taken":9,"max_hp_gain":0,"max_hp_loss":0,"event_name":"Winding Halls","floor":48,"gold_loss":0,"cards_obtained":["Madness","Madness"]}],"is_beta":false,"boss_relics":[{"not_picked":["Ectoplasm","Coffee Dripper"],"picked":"Fusion Hammer"},{"not_picked":["SacredBark","Tiny House"],"picked":"SlaversCollar"}],"items_purged_floors":[38],"is_endless":false,"potions_floor_spawned":[1,2,14,21,22,24,29,30,31,40,42,54],"ascension_level":5}}