{"host":"f0gpob8hq9vgebej","time":1608533607,"event":{"mods":["AchievementEnabler","BaseMod","Googly Eyes","Minty Spire (QoL Compilation)","Quick Restart","SuperFastMode"],"gold_per_floor":[116,116,6,22,36,36,68,68,68,81,31,31,31,113,113,113,113],"floor_reached":16,"playtime":309,"items_purged":["Defend_G"],"score":157,"play_id":"5a22add0-a4a3-49ce-a5df-7a37f58c035b","local_time":"20201221155327","is_ascension_mode":true,"campfire_choices":[{"data":"Apotheosis","floor":6,"key":"SMITH"},{"floor":13,"key":"REST"},{"floor":15,"key":"REST"}],"circlet_count":0,"master_deck":["AscendersBane","Strike_G","Strike_G","Strike_G","Defend_G","Defend_G","Defend_G","Defend_G","Survivor","Neutralize","Apotheosis+1","Poisoned Stab","Reflex","Blade Dance","Tactician","Malaise"],"relics":["Ring of the Snake","Unceasing Top","InkBottle","StrikeDummy"],"acts_visited":["Exordium"],"potions_floor_usage":[7],"damage_taken":[{"damage":0,"enemies":"2 Louse","floor":1,"turns":4},{"damage":0,"enemies":"Cultist","floor":4,"turns":4},{"damage":0,"enemies":"Jaw Worm","floor":5,"turns":4},{"damage":26,"enemies":"Gremlin Nob","floor":7,"turns":5},{"damage":8,"enemies":"Blue Slaver","floor":10,"turns":3},{"damage":45,"enemies":"Slime Boss","floor":16,"turns":12}],"seed_played":"1671573109976275839","potions_obtained":[{"floor":1,"key":"ColorlessPotion"}],"is_trial":false,"path_per_floor":["M","?","$","M","M","R","E","?","T","M","?","$","R","T","R","B"],"character_chosen":"THE_SILENT","items_purchased":["Reflex"],"campfire_rested":2,"item_purchase_floors":[3],"current_hp_per_floor":[45,38,38,38,38,38,12,12,12,4,4,4,25,25,46,1,1],"gold":113,"neow_bonus":"RANDOM_COLORLESS_2","is_daily":false,"chose_seed":false,"campfire_upgraded":1,"win_rate":0.0,"timestamp":1608533607,"path_taken":["M","?","$","M","M","R","E","?","T","?","?","$","R","?","R","BOSS"],"items_purchased_type":["Card"],"build_version":"2020-12-13","purchased_purges":1,"victory":false,"max_hp_per_floor":[70,70,70,70,70,70,70,70,70,70,70,70,70,70,70,70,70],"card_choices":[{"not_picked":["Secret Weapon","Violence"],"picked":"Apotheosis","floor":0},{"not_picked":["Dodge and Roll","Underhanded Strike"],"picked":"Poisoned Stab","floor":1},{"not_picked":["Cloak And Dagger","Masterful Stab"],"picked":"Blade Dance","floor":4},{"not_picked":["PiercingWail","Prepared"],"picked":"Tactician","floor":5},{"not_picked":["Infinite Blades","Slice","Catalyst"],"picked":"SKIP","floor":7},{"not_picked":["Poisoned Stab","Riddle With Holes"],"picked":"Malaise","floor":10}],"player_experience":180596,"relics_obtained":[{"floor":7,"key":"Unceasing Top"},{"floor":9,"key":"InkBottle"},{"floor":14,"key":"StrikeDummy"}],"event_choices":[{"cards_removed":["Strike_G"],"damage_healed":0,"gold_gain":0,"player_choice":"Card Removal","damage_taken":7,"max_hp_gain":0,"max_hp_loss":0,"event_name":"Golden Wing","floor":2,"gold_loss":0},{"damage_healed":0,"gold_gain":0,"player_choice":"Bought 0 Potions","damage_taken":0,"max_hp_gain":0,"max_hp_loss":0,"event_name":"The Woman in Blue","floor":8,"gold_loss":0},{"cards_removed":["Strike_G"],"damage_healed":0,"gold_gain":0,"player_choice":"Card Removal","damage_taken":0,"max_hp_gain":0,"max_hp_loss":0,"event_name":"The Cleric","floor":11,"gold_loss":50}],"is_beta":false,"boss_relics":[],"items_purged_floors":[3],"is_endless":false,"potions_floor_spawned":[1],"killed_by":"Slime Boss","ascension_level":12}}