{"host":"zivz6e0vf73jivdq","time":1608548565,"event":{"mods":["ATMod(°¢èªMod)","Act Like it!","BaseMod","Friendly Minions","Gensokyo","HololiveMod","Koishi","Marisa£¨ìFÓê¡¡Ä§ÀíÉ³£©","Minty Spire (QoL Compilation)","MostiFishMod","Pale of the Ancients","Prisma Mod","Reimu£¨²©ÀöÁéÃÎ£©","Remilia£¨ÀÙÃ×ÀòÑÇ£©","Replay The Spire","RumiaBox-Â¶Ã×æ«µÄÉñÃØºÐ×Ó","StSLib","The Jungle","The Servant 0.9.4","Youmu£¨»êÆÇÑýÃÎ£©","¡¾¶«·½¶þ´Î´´×÷¡¿°ËÔÆ×Ïmod","¡¾ÒÅÎï¿¨ÅÆ¡¿REMEMod"],"gold_per_floor":[109,124,124,124,124,124,151,151,151,1,36,36,51,78,78,181,181,194,206,226,241,287,318,193,227,250,250,250,250,267,294,294,398,398,409,409,425,440,451,481,481,513,513,539,321,321,332,359,359,359,359,359,193,221,221],"floor_reached":56,"playtime":2260,"items_purged":["Strike_B","Dualcast","MostiFishMod:FrostNova"],"score":2312,"play_id":"1de02919-219a-4ba1-8732-4667c6379853","local_time":"20201221190245","is_ascension_mode":true,"campfire_choices":[{"data":"AT_ThreeBodyProblem","floor":6.0,"key":"SMITH"},{"data":"Creative AI","floor":8.0,"key":"SMITH"},{"data":"BasicCrystalCard","floor":12.0,"key":"SMITH"},{"data":"MostiFishMod:IntelligentEquipment","floor":15.0,"key":"SMITH"},{"data":"MostiFishMod:ReadyAimFire","floor":27.0,"key":"SMITH"},{"floor":29.0,"key":"RECALL"},{"data":"Turbo","floor":32.0,"key":"SMITH"},{"data":"Echo Form","floor":46,"key":"SMITH"},{"data":"Coolheaded","floor":49,"key":"SMITH"},{"data":"After Image","floor":52,"key":"SMITH"}],"circlet_count":0,"master_deck":["AT_ThreeBodyProblem+1","After Image+1","BasicCrystalCard+1","Conserve Battery","Creative AI+1","Chill","Ball Lightning+1","AT_EMC2","MostiFishMod:IntelligentEquipment+1","Echo Form+1","MostiFishMod:WinterMarkForm","Turbo+1","Skim","Coolheaded+1","MostiFishMod:ReadyAimFire+1","AT_DarkMatter+1","AT_StudyProgram","Turbo+1","Rip and Tear","MostiFishMod:DawningShadow","MostiFishMod:Prepare","Coolheaded+1","MostiFishMod:BrokenBlackCloak","Purity","Flash of Steel","White Noise+1","Heatsinks+1","Loop","Fission","AT_DarkMatter+1","MostiFishMod:Prepare","AT_DarkMatter"],"relics":["Cracked Core","DaveBox","REME_ComplimentaryCards","AT_ATBox","Civilization","NeowsBlessing","Question Card","AT_ImmortalShieldbow","Solar Panel","AT_ChloranthyRing","Mastiff:ReiMu","Replay:PocketPolymizer","ImportantClient","FrostBlade","InkBottle","Whetstone","TungstenRod","Sozu","ReplayTheSpireMod:Lightbulb","Unceasing Top","Letter Opener","Blue Doll","Lantern","Smiling Mask","TheAbacus","Bag of Marbles"],"acts_visited":["Exordium","TheCity","TheBeyond","TheEnding"],"potions_floor_usage":[55,55],"damage_taken":[{"damage":0.0,"enemies":"Cultist","floor":1.0,"turns":1.0},{"damage":0.0,"enemies":"Small Slimes","floor":2.0,"turns":1.0},{"damage":0.0,"enemies":"Lagavulin","floor":7.0,"turns":3.0},{"damage":8.0,"enemies":"Gremlin Nob","floor":11.0,"turns":4.0},{"damage":0.0,"enemies":"2 Louse","floor":13.0,"turns":1.0},{"damage":0.0,"enemies":"3 Sentries","floor":14.0,"turns":3.0},{"damage":22.0,"enemies":"Hexaghost","floor":16.0,"turns":3.0},{"damage":0.0,"enemies":"2 Thieves","floor":18.0,"turns":2.0},{"damage":0.0,"enemies":"Shell Parasite","floor":19.0,"turns":3.0},{"damage":15.0,"enemies":"3 Cultists","floor":20.0,"turns":4.0},{"damage":0.0,"enemies":"Snake Plant","floor":21.0,"turns":3.0},{"damage":0.0,"enemies":"Gremlin Leader","floor":23.0,"turns":1.0},{"damage":0.0,"enemies":"Book of Stabbing","floor":25.0,"turns":2.0},{"damage":0.0,"enemies":"Centurion and Healer","floor":30.0,"turns":1.0},{"damage":0.0,"enemies":"Gremlin Leader","floor":31.0,"turns":2.0},{"damage":11.0,"enemies":"Pondfish","floor":33.0,"turns":3.0},{"damage":0.0,"enemies":"3 Darklings","floor":35.0,"turns":1.0},{"damage":0.0,"enemies":"3 Shapes","floor":37.0,"turns":1.0},{"damage":0.0,"enemies":"Writhing Mass","floor":38.0,"turns":2.0},{"damage":0.0,"enemies":"Jaw Worm Horde","floor":39.0,"turns":1.0},{"damage":0.0,"enemies":"Nemesis","floor":40.0,"turns":1.0},{"damage":0,"enemies":"Giant Head","floor":42,"turns":2},{"damage":0,"enemies":"Reptomancer","floor":44,"turns":1},{"damage":0,"enemies":"Transient","floor":47,"turns":2},{"damage":0,"enemies":"R_Hoarder","floor":48,"turns":2},{"damage":0,"enemies":"Awakened One","floor":50,"turns":2},{"damage":0,"enemies":"Shield and Spear","floor":54,"turns":1},{"damage":0,"enemies":"The Heart","floor":55,"turns":3}],"seed_played":"-2278407257199604293","potions_obtained":[{"floor":2.0,"key":"MagicPotion:ReiMu"},{"floor":11.0,"key":"SpeedPotion"},{"floor":14.0,"key":"Elixir"},{"floor":19.0,"key":"Fire Potion"},{"floor":20.0,"key":"Adrenaline Potion"}],"is_trial":false,"path_per_floor":["M","M","?","?","?","R","E","R","T","$","E","R","M","E","R","B",null,"M","M","M","M","?","E","$","E","T","R","?","R","M","E","R","B",null,"M","?","M","M","M","E","?","E","T","E","$","R","M","E","R","B",null,"R","$","E","B",null],"character_chosen":"DEFECT","items_purchased":["AT_ChloranthyRing","AT_StudyProgram","Lantern","Loop","TheAbacus"],"campfire_rested":0,"item_purchase_floors":[10,24,45,45,53],"current_hp_per_floor":[69,72,72,77,77,77,81,81,81,81,80,80,89,103,103,96,115,132,146,154,174,129,152,152,178,178,178,157,157,185,214,214,237,290,328,328,369,411,456,502,493,540,540,588,588,588,639,691,691,756,756,756,756,813,871],"gold":221,"neow_bonus":"THREE_ENEMY_KILL","is_daily":false,"chose_seed":false,"campfire_upgraded":9,"win_rate":0.0,"timestamp":1608548565,"path_taken":["M","M","?","?","?","R","E","R","T","$","E","R","M","E","R","BOSS","M","M","M","M","?","E","$","E","T","R","?","R","M","E","R","BOSS","M","?","?","M","M","E","?","E","T","E","$","R","M","E","R","BOSS","R","$","E","BOSS"],"items_purchased_type":["Relic","Card","Relic","Card","Relic"],"build_version":"2020-12-13","purchased_purges":3,"victory":true,"max_hp_per_floor":[76,79,79,84,84,84,88,88,88,88,93,93,100,110,110,121,121,134,148,165,183,183,204,204,226,226,226,226,226,250,277,277,307,307,343,343,382,422,465,509,509,554,554,602,602,602,651,701,701,756,756,756,756,813,871],"card_choices":[{"not_picked":["Redo","REME_Compress"],"picked":"BasicCrystalCard","floor":1.0},{"not_picked":["Go for the Eyes","ReplaySort","Steam"],"picked":"Conserve Battery","floor":2.0},{"not_picked":["Consume","Cold Snap","Auto Shields"],"picked":"Chill","floor":7.0},{"not_picked":["Creative AI","Steam","Cold Snap","Streamline"],"picked":"SKIP","floor":11.0},{"not_picked":["Panic Button","Genetic Algorithm","Cold Snap"],"picked":"Ball Lightning","floor":13.0},{"not_picked":["Barrage","Chill","Streamline"],"picked":"AT_EMC2","floor":14.0},{"not_picked":["MostiFishMod:Hijack","MostiFishMod:DeathFromBelow","All For One"],"picked":"Echo Form","floor":16.0},{"not_picked":["Hologram","Sweeping Beam+1","BasicCrystalCard"],"picked":"Turbo","floor":18.0},{"not_picked":["Barrage+1","Steam","Leap+1","BasicCrystalCard+1","Melter+1"],"picked":"SKIP","floor":19.0},{"not_picked":["Steam","Hologram+1","Aggregate","Lockon"],"picked":"SKIP","floor":20.0},{"not_picked":["ReplaySolidLightProjector","MostiFishMod:GoodWordForIt","Coolheaded"],"picked":"Skim","floor":21.0},{"not_picked":["Doom and Gloom","Gash","Beam Cell"],"picked":"Coolheaded","floor":22.0},{"not_picked":["AT_EMC2+1","Reprogram","BasicCrystalCard"],"picked":"MostiFishMod:ReadyAimFire","floor":22.0},{"not_picked":["REME_SelfUpgrade","Panic Button","AT_WarpDrive+1"],"picked":"AT_DarkMatter+1","floor":23.0},{"not_picked":["Coolheaded+1","AT_RobotInSpace","ReplayTheSpireMod:System Scan"],"picked":"Turbo+1","floor":25.0},{"not_picked":["Streamline+1","Panic Button","Rebound+1","Turbo+1"],"picked":"SKIP","floor":30.0},{"not_picked":["Compile Driver","Gash","Sweeping Beam+1","Conserve Battery+1"],"picked":"SKIP","floor":31.0},{"not_picked":["Echo Form","Buffer","Electrodynamics"],"picked":"MostiFishMod:Prepare","floor":33.0},{"not_picked":["Reprogram","Redo","ReplayGash","ReplayTheSpireMod:Calculation Training"],"picked":"SKIP","floor":35.0},{"not_picked":["Sunder","Leap+1","Conserve Battery+1","ReplayTheSpireMod:Repulse+1"],"picked":"SKIP","floor":37.0},{"not_picked":["Stack","Compile Driver","Darkness","Lockon"],"picked":"SKIP","floor":38.0},{"not_picked":["ReplayTheSpireMod:System Scan+1","Conserve Battery+1","BasicCrystalCard+1"],"picked":"Coolheaded+1","floor":39.0},{"not_picked":["REME_SelfUpgrade","Biased Cognition","Stack","White Noise"],"picked":"SKIP","floor":40.0},{"not_picked":["Impatience","REME_ShortnessOfBreath","Swift Strike"],"picked":"MostiFishMod:BrokenBlackCloak","floor":41},{"not_picked":["REME_BattleFury","Mind Blast","Dramatic Entrance"],"picked":"Purity","floor":41},{"not_picked":["REME_ProfessionalPlagiarism","PanicButton","REME_PuzzleBox"],"picked":"Flash of Steel","floor":41},{"not_picked":["Steam Power+1","BasicCrystalCard+1","Hologram"],"picked":"White Noise+1","floor":42},{"not_picked":["Barrage","Chaos","Ball Lightning"],"picked":"Heatsinks+1","floor":44},{"not_picked":["Coolheaded","Force Field","Barrage"],"picked":"AT_DarkMatter+1","floor":47},{"not_picked":["Beam Cell+1","AT_HeatAcrobatics","AT_ThunderBolt","Genetic Algorithm+1"],"picked":"SKIP","floor":48},{"not_picked":["Beam Cell+1","AT_HeatAcrobatics","AT_ThunderBolt","Genetic Algorithm+1"],"picked":"SKIP","floor":48},{"not_picked":["Rebound+1","Panic Button+1","AT_WarpDrive","Scrape"],"picked":"SKIP","floor":54}],"player_experience":718631,"relics_obtained":[{"floor":1.0,"key":"Question Card"},{"floor":7.0,"key":"AT_ImmortalShieldbow"},{"floor":9.0,"key":"Solar Panel"},{"floor":11.0,"key":"Mastiff:ReiMu"},{"floor":14.0,"key":"Replay:PocketPolymizer"},{"floor":16.0,"key":"ImportantClient"},{"floor":22.0,"key":"InkBottle"},{"floor":23.0,"key":"Whetstone"},{"floor":25.0,"key":"TungstenRod"},{"floor":40.0,"key":"ReplayTheSpireMod:Lightbulb"},{"floor":42,"key":"Unceasing Top"},{"floor":43,"key":"Letter Opener"},{"floor":44,"key":"Blue Doll"},{"floor":48,"key":"Smiling Mask"},{"floor":54,"key":"Bag of Marbles"}],"event_choices":[{"damage_healed":0.0,"max_hp_gain":5.0,"max_hp_loss":0.0,"gold_gain":0.0,"event_name":"Big Fish","player_choice":"Donut","floor":4.0,"gold_loss":0.0,"damage_taken":0.0},{"damage_healed":0.0,"max_hp_gain":0.0,"max_hp_loss":0.0,"gold_gain":0.0,"cards_transformed":["Strike_B"],"event_name":"Transmorgrifier","player_choice":"Transformed","floor":5.0,"gold_loss":0.0,"damage_taken":0.0,"cards_obtained":["Creative AI"]},{"damage_healed":0.0,"max_hp_gain":0.0,"max_hp_loss":0.0,"gold_gain":0.0,"event_name":"Wheel of Change","player_choice":"Damaged","floor":28.0,"gold_loss":0.0,"damage_taken":22.0},{"cards_removed":["Defend_B"],"damage_healed":0.0,"max_hp_gain":0.0,"max_hp_loss":0.0,"gold_gain":0.0,"event_name":"Bonfire Elementals","player_choice":"Offered Basic","floor":36.0,"gold_loss":0.0,"damage_taken":0.0},{"damage_healed":0,"gold_gain":0,"player_choice":"Memory 3","damage_taken":10,"max_hp_gain":0,"max_hp_loss":0,"event_name":"SensoryStone","floor":41,"gold_loss":0}],"is_beta":false,"boss_relics":[{"not_picked":["SoulBox","Busted Crown"],"picked":"FrostBlade"},{"not_picked":["Hololive_TopUpMoneyS","AddBug"],"picked":"Sozu"}],"items_purged_floors":[24,45,53],"is_endless":false,"potions_floor_spawned":[2,11,14,16,19,20,21,25,35,38,42,54],"ascension_level":7}}