{"host":"a4s27ghlnr83kbqz","time":1608527652,"event":{"mods":["AchievementEnabler","BaseMod","Colored Map","Minty Spire (QoL Compilation)","Permanent Neow","SuperFastMode"],"gold_per_floor":[110,4,179,129,61,61,90,90,90,102,114,128,128,148,148,250,250,270,114,114,14,32,32,32],"floor_reached":23,"playtime":522,"items_purged":["Strike_G","Strike_G"],"score":310,"play_id":"7017cc84-cd67-4122-88db-7d986087bb00","local_time":"20201221131412","is_ascension_mode":true,"campfire_choices":[{"data":"Masterful Stab","floor":6,"key":"SMITH"},{"data":"Catalyst","floor":13,"key":"SMITH"},{"data":"Noxious Fumes","floor":15,"key":"SMITH"}],"circlet_count":0,"master_deck":["Strike_G","Strike_G","Defend_G","Defend_G","Defend_G","Defend_G","Defend_G","Survivor","Neutralize","Catalyst+1","Masterful Stab+1","Noxious Fumes+1","Footwork","Dodge and Roll","Tactician","Dagger Spray","Escape Plan","Glass Knife","Blur","Well Laid Plans","Footwork"],"relics":["Ring of the Snake","NeowsBlessing","Juzu Bracelet","Blue Candle","Cursed Key"],"acts_visited":["Exordium","TheCity"],"potions_floor_usage":[12,23],"damage_taken":[{"damage":0,"enemies":"2 Louse","floor":1,"turns":1},{"damage":0,"enemies":"3 Sentries","floor":7,"turns":1},{"damage":0,"enemies":"Jaw Worm","floor":10,"turns":1},{"damage":3,"enemies":"Small Slimes","floor":11,"turns":4},{"damage":16,"enemies":"Gremlin Gang","floor":12,"turns":5},{"damage":10,"enemies":"Red Slaver","floor":14,"turns":5},{"damage":30,"enemies":"Hexaghost","floor":16,"turns":11},{"damage":0,"enemies":"3 Byrds","floor":18,"turns":5},{"damage":17,"enemies":"Spheric Guardian","floor":22,"turns":7},{"damage":41,"enemies":"Slavers","floor":23,"turns":6}],"seed_played":"9012966584324169548","potions_obtained":[{"floor":7,"key":"FearPotion"},{"floor":11,"key":"Swift Potion"},{"floor":14,"key":"BlessingOfTheForge"},{"floor":22,"key":"LiquidMemories"}],"is_trial":false,"path_per_floor":["M","$","?","?","$","R","E","?","T","M","M","M","R","M","R","B",null,"M","$","?","$","M","E"],"character_chosen":"THE_SILENT","items_purchased":["Masterful Stab","Noxious Fumes","Footwork","Well Laid Plans"],"campfire_rested":0,"item_purchase_floors":[2,2,5,19],"current_hp_per_floor":[63,63,63,63,63,63,63,63,63,63,60,44,44,34,34,4,54,54,54,54,54,37,0,0],"gold":32,"neow_bonus":"THREE_ENEMY_KILL","is_daily":false,"chose_seed":false,"campfire_upgraded":3,"win_rate":0.0,"timestamp":1608527652,"path_taken":["M","$","?","?","?","R","E","?","T","M","M","M","R","M","R","BOSS","M","?","?","$","M","E"],"items_purchased_type":["Card","Card","Card","Card"],"build_version":"2020-12-13","purchased_purges":2,"victory":false,"max_hp_per_floor":[70,70,70,70,70,70,70,70,70,70,70,70,70,70,70,70,70,70,70,70,70,70,70,70],"card_choices":[{"not_picked":["Backflip","Slice"],"picked":"Catalyst","floor":1},{"not_picked":["Flechettes","Flying Knee"],"picked":"Dodge and Roll","floor":7},{"not_picked":["Dagger Throw","Quick Slash"],"picked":"Tactician","floor":10},{"not_picked":["Tactician","Prepared"],"picked":"Dagger Spray","floor":11},{"not_picked":["Underhanded Strike","Deflect"],"picked":"Escape Plan","floor":12},{"not_picked":["Flying Knee","Slice","Sucker Punch"],"picked":"SKIP","floor":14},{"not_picked":["Unload","Night Terror"],"picked":"Glass Knife","floor":16},{"not_picked":["Setup","Dagger Spray"],"picked":"Blur","floor":18},{"not_picked":["Flying Knee+1","Dagger Throw","All Out Attack"],"picked":"SKIP","floor":22}],"player_experience":1039637,"relics_obtained":[{"floor":7,"key":"Juzu Bracelet"},{"floor":9,"key":"Blue Candle"}],"event_choices":[{"damage_healed":0,"gold_gain":175,"player_choice":"AGREE","damage_taken":0,"max_hp_gain":0,"max_hp_loss":0,"event_name":"Liars Game","floor":3,"gold_loss":0,"cards_obtained":["Doubt"]},{"cards_removed":["Doubt"],"damage_healed":0,"gold_gain":0,"player_choice":"Card Removal","damage_taken":0,"max_hp_gain":0,"max_hp_loss":0,"event_name":"The Cleric","floor":4,"gold_loss":50},{"cards_removed":["Strike_G"],"damage_healed":0,"gold_gain":0,"player_choice":"Card Removal","damage_taken":0,"max_hp_gain":0,"max_hp_loss":0,"event_name":"Wheel of Change","floor":8,"gold_loss":0},{"damage_healed":0,"gold_gain":0,"player_choice":"Copied","damage_taken":0,"max_hp_gain":0,"max_hp_loss":0,"event_name":"Duplicator","floor":20,"gold_loss":0,"cards_obtained":["Footwork"]}],"is_beta":false,"boss_relics":[{"not_picked":["Philosopher\u0027s Stone","SacredBark"],"picked":"Cursed Key"}],"items_purged_floors":[19,21],"is_endless":false,"potions_floor_spawned":[7,11,14,22],"killed_by":"Slavers","ascension_level":9}}