{"host":"4qkvkh7pd9qr2mca","time":1608565215,"event":{"mods":["AchievementEnabler","BaseMod","Colored Map","Colored Powertips","Highlight Path","Minty Spire (QoL Compilation)","Permanent Neow","Quick Restart","StSLib","SuperFastMode"],"gold_per_floor":[11,29,29,40,52,52,80,20,67,94,3,21,47,47,47,126,126,139,155,33,33,33,33,33,33],"floor_reached":24,"playtime":715,"items_purged":["Strike_G","Strike_G"],"score":478,"play_id":"aeb43dd2-8e95-40c0-b9d2-d5dd46680890","local_time":"20201221164015","is_ascension_mode":true,"campfire_choices":[{"data":"Glass Knife","floor":6,"key":"SMITH"},{"data":"Footwork","floor":15,"key":"SMITH"},{"floor":23,"key":"REST"}],"circlet_count":0,"master_deck":["AscendersBane","Strike_G","Defend_G","Defend_G","Defend_G","Defend_G","Defend_G","Survivor","Neutralize+1","Quick Slash","Dagger Spray","Footwork+1","Glass Knife+1","Unload","Footwork","Blur","Noxious Fumes","Blade Dance","Malaise","Leg Sweep","Backflip","Doppelganger","Slice","Writhe"],"relics":["Ring of the Snake","Ice Cream","The Courier","Blood Vial","MawBank","Singing Bowl","Cursed Key","Blue Candle"],"acts_visited":["Exordium","TheCity"],"potions_floor_usage":[2,5,10,13,16,24],"damage_taken":[{"damage":0,"enemies":"2 Louse","floor":1,"turns":4},{"damage":0,"enemies":"Jaw Worm","floor":2,"turns":4},{"damage":6,"enemies":"Small Slimes","floor":4,"turns":4},{"damage":4,"enemies":"Looter","floor":5,"turns":4},{"damage":22,"enemies":"3 Sentries","floor":7,"turns":11},{"damage":0,"enemies":"Gremlin Nob","floor":10,"turns":3},{"damage":0,"enemies":"Blue Slaver","floor":12,"turns":6},{"damage":15,"enemies":"Lagavulin","floor":13,"turns":7},{"damage":38,"enemies":"Slime Boss","floor":16,"turns":8},{"damage":16,"enemies":"Spheric Guardian","floor":18,"turns":4},{"damage":18,"enemies":"Chosen","floor":19,"turns":7},{"damage":28,"enemies":"Gremlin Leader","floor":24,"turns":5}],"seed_played":"-4195785246400849939","potions_obtained":[{"floor":1,"key":"Block Potion"},{"floor":4,"key":"DuplicationPotion"},{"floor":7,"key":"CunningPotion"},{"floor":10,"key":"Strength Potion"},{"floor":13,"key":"PowerPotion"},{"floor":19,"key":"GhostInAJar"}],"is_trial":false,"path_per_floor":["M","M","?","M","M","R","E","$","T","E","$","M","E","?","R","B",null,"M","M","$","?","?","R","E"],"character_chosen":"THE_SILENT","items_purchased":["Blur","Noxious Fumes","Backflip"],"campfire_rested":1,"item_purchase_floors":[11,11,20],"current_hp_per_floor":[59,59,59,53,49,49,27,27,27,29,29,31,20,42,42,6,53,39,25,25,25,25,46,20,20],"gold":33,"neow_bonus":"ONE_RARE_RELIC","is_daily":false,"chose_seed":false,"campfire_upgraded":2,"win_rate":0.0,"timestamp":1608565215,"path_taken":["M","M","?","M","M","R","E","$","T","E","$","M","E","?","R","BOSS","M","M","$","?","?","R","E"],"items_purchased_type":["Card","Card","Card"],"build_version":"2020-12-13","purchased_purges":2,"victory":false,"max_hp_per_floor":[66,66,66,66,66,66,66,66,66,66,66,66,68,68,68,68,68,68,70,70,70,70,70,70,70],"card_choices":[{"not_picked":["Setup","Backflip"],"picked":"Quick Slash","floor":1},{"not_picked":["Bane","Outmaneuver"],"picked":"Dagger Spray","floor":2},{"not_picked":["Outmaneuver","Prepared"],"picked":"Footwork","floor":4},{"not_picked":["Infinite Blades","Backstab"],"picked":"Glass Knife","floor":5},{"not_picked":["Calculated Gamble","Underhanded Strike"],"picked":"Unload","floor":7},{"not_picked":["Sucker Punch","Flying Knee"],"picked":"Footwork","floor":10},{"not_picked":["Dodge and Roll","Underhanded Strike"],"picked":"Blade Dance","floor":12},{"not_picked":["Deflect","Cloak And Dagger","Endless Agony"],"picked":"Singing Bowl","floor":13},{"not_picked":["Unload","Tools of the Trade"],"picked":"Malaise","floor":16},{"not_picked":["Underhanded Strike+1","Cloak And Dagger"],"picked":"Leg Sweep","floor":18},{"not_picked":["Flying Knee","Dagger Throw","Deadly Poison"],"picked":"Singing Bowl","floor":19}],"player_experience":475052,"relics_obtained":[{"floor":7,"key":"The Courier"},{"floor":9,"key":"Blood Vial"},{"floor":10,"key":"MawBank"},{"floor":13,"key":"Singing Bowl"}],"event_choices":[{"damage_healed":0,"gold_gain":0,"player_choice":"Grow","damage_taken":0,"max_hp_gain":0,"max_hp_loss":0,"event_name":"Living Wall","floor":3,"gold_loss":0,"cards_upgraded":["Neutralize"]},{"damage_healed":22,"gold_gain":0,"player_choice":"Banana","damage_taken":0,"max_hp_gain":0,"max_hp_loss":0,"event_name":"Big Fish","floor":14,"gold_loss":0},{"damage_healed":0,"gold_gain":0,"cards_transformed":["Strike_G","Strike_G"],"player_choice":"Became Test Subject","damage_taken":0,"max_hp_gain":0,"max_hp_loss":0,"event_name":"Drug Dealer","floor":21,"gold_loss":0,"cards_obtained":["Doppelganger","Slice"]},{"damage_healed":0,"gold_gain":0,"player_choice":"Opened","damage_taken":0,"relics_obtained":["Blue Candle"],"max_hp_gain":0,"max_hp_loss":0,"event_name":"The Mausoleum","floor":22,"gold_loss":0,"cards_obtained":["Writhe"]}],"is_beta":false,"boss_relics":[{"not_picked":["Coffee Dripper","Ectoplasm"],"picked":"Cursed Key"}],"items_purged_floors":[8,20],"is_endless":false,"potions_floor_spawned":[1,4,7,10,13,19],"killed_by":"Gremlin Leader","ascension_level":20}}