{"host":"mmqs5ul2bvb60kyc","time":1608553036,"event":{"mods":["BaseMod","Minty Spire (QoL Compilation)","StSLib"],"gold_per_floor":[110,32,51,68,82,82,95,148,196,196,210,226,239,40,40,115,165,181,71,83,98,116,116,41,69,69,69,83,83,94,94,94,173,173,189,89,109,126,146,173,173,207,232,232,279,279,90,117,117,117,117,117,66,98,98],"floor_reached":56,"playtime":3216,"items_purged":["Strike_G","Strike_G+1"],"score":2018,"play_id":"b077f99c-4d48-4d97-b5a5-3196b865cb05","local_time":"20201221201716","is_ascension_mode":true,"campfire_choices":[{"data":"Neutralize","floor":6.0,"key":"SMITH"},{"data":"Acrobatics","floor":10.0,"key":"SMITH"},{"data":"Accuracy","floor":15.0,"key":"SMITH"},{"data":"Calculated Gamble","floor":23.0,"key":"SMITH"},{"data":"Terror","floor":27.0,"key":"SMITH"},{"data":"Purity","floor":32.0,"key":"SMITH"},{"data":"Acrobatics","floor":41.0,"key":"SMITH"},{"floor":44.0,"key":"RECALL"},{"data":"Reflex","floor":46.0,"key":"SMITH"},{"data":"Tactician","floor":49.0,"key":"SMITH"},{"data":"Adrenaline","floor":52.0,"key":"SMITH"}],"circlet_count":0,"master_deck":["AscendersBane","Strike_G+1","Strike_G+1","Defend_G+1","Defend_G+1","Defend_G+1","Defend_G+1","Defend_G+1","Survivor","Neutralize+1","Acrobatics+1","Accuracy+1","Reflex+1","Backflip","Eviscerate+1","Storm of Steel+1","Reflex+1","Footwork","Blade Dance","Adrenaline+1","Calculated Gamble+1","Outmaneuver","Accuracy","Accuracy","Terror+1","Footwork","Neutralize+1","Purity+1","Malaise","Corpse Explosion","Accuracy","Backflip","Acrobatics+1","Tactician+1","After Image","Deflect"],"relics":["Runic Pyramid","Paper Crane","Bottled Lightning","MealTicket","War Paint","Tiny House","Toy Ornithopter","Singing Bowl","SacredBark","PreservedInsect","Pen Nib","The Specimen","Whetstone","White Beast Statue"],"acts_visited":["Exordium","TheCity","TheBeyond","TheEnding"],"potions_floor_usage":[55,55],"damage_taken":[{"damage":1.0,"enemies":"Jaw Worm","floor":1.0,"turns":5.0},{"damage":0.0,"enemies":"Cultist","floor":3.0,"turns":5.0},{"damage":0.0,"enemies":"2 Louse","floor":4.0,"turns":3.0},{"damage":8.0,"enemies":"Blue Slaver","floor":5.0,"turns":7.0},{"damage":3.0,"enemies":"Looter","floor":7.0,"turns":4.0},{"damage":32.0,"enemies":"Gremlin Nob","floor":8.0,"turns":6.0},{"damage":10.0,"enemies":"Gremlin Gang","floor":11.0,"turns":5.0},{"damage":0.0,"enemies":"Large Slime","floor":12.0,"turns":4.0},{"damage":1.0,"enemies":"Looter","floor":13.0,"turns":2.0},{"damage":0.0,"enemies":"The Guardian","floor":16.0,"turns":11.0},{"damage":6.0,"enemies":"2 Thieves","floor":18.0,"turns":2.0},{"damage":0.0,"enemies":"Shell Parasite","floor":20.0,"turns":2.0},{"damage":7.0,"enemies":"Cultist and Chosen","floor":21.0,"turns":3.0},{"damage":0.0,"enemies":"Shelled Parasite and Fungi","floor":22.0,"turns":2.0},{"damage":1.0,"enemies":"Book of Stabbing","floor":25.0,"turns":3.0},{"damage":0.0,"enemies":"3 Cultists","floor":28.0,"turns":3.0},{"damage":2.0,"enemies":"Snake Plant","floor":30.0,"turns":3.0},{"damage":9.0,"enemies":"Champ","floor":33.0,"turns":8.0},{"damage":9.0,"enemies":"3 Shapes","floor":35.0,"turns":6.0},{"damage":28.0,"enemies":"3 Darklings","floor":37.0,"turns":4.0},{"damage":30.0,"enemies":"4 Shapes","floor":38.0,"turns":8.0},{"damage":0.0,"enemies":"Spire Growth","floor":39.0,"turns":3.0},{"damage":1.0,"enemies":"Reptomancer","floor":40.0,"turns":4.0},{"damage":0.0,"enemies":"Nemesis","floor":42.0,"turns":3.0},{"damage":18.0,"enemies":"2 Orb Walkers","floor":45.0,"turns":5.0},{"damage":5.0,"enemies":"Reptomancer","floor":48.0,"turns":3.0},{"damage":31.0,"enemies":"Awakened One","floor":50.0,"turns":7.0},{"damage":17.0,"enemies":"Shield and Spear","floor":54.0,"turns":5.0},{"damage":64,"enemies":"The Heart","floor":55,"turns":12}],"seed_played":"-8827460174656531372","potions_obtained":[{"floor":3.0,"key":"ColorlessPotion"},{"floor":8.0,"key":"ColorlessPotion"},{"floor":11.0,"key":"DuplicationPotion"},{"floor":16.0,"key":"Poison Potion"},{"floor":17.0,"key":"SneckoOil"},{"floor":30.0,"key":"Fruit Juice"},{"floor":35.0,"key":"SteroidPotion"},{"floor":37.0,"key":"FearPotion"},{"floor":38.0,"key":"EssenceOfSteel"},{"floor":39.0,"key":"DistilledChaos"},{"floor":42.0,"key":"Block Potion"}],"is_trial":false,"path_per_floor":["M","?","M","M","M","R","M","E","T","R","M","M","M","$","R","B",null,"M","$","M","M","M","R","?","E","T","R","M","?","M","?","R","B",null,"M","$","M","M","M","E","R","E","T","R","?","R","$","E","R","B",null,"R","$","E","B",null],"character_chosen":"THE_SILENT","items_purchased":["Blade Dance","War Paint","Accuracy","After Image","Dexterity Potion","Block Potion"],"campfire_rested":0,"item_purchase_floors":[14,14,19,47,47,53],"current_hp_per_floor":[62,62,62,62,54,54,51,19,19,19,9,9,8,23,23,23,63,57,72,72,65,65,65,65,64,64,64,66,66,74,74,74,65,78,71,84,61,38,38,47,47,49,49,49,36,36,51,46,46,15,70,70,85,70,16],"gold":98,"neow_bonus":"BOSS_RELIC","is_daily":false,"chose_seed":false,"campfire_upgraded":10,"win_rate":0.0,"timestamp":1608553036,"path_taken":["M","?","M","?","M","R","M","E","T","R","M","M","M","$","R","BOSS","M","$","M","M","M","R","?","E","T","R","M","?","M","?","R","BOSS","M","$","?","M","M","E","R","E","T","R","?","R","$","E","R","BOSS","R","$","E","BOSS"],"items_purchased_type":["Card","Relic","Card","Card","Potion","Potion"],"build_version":"2020-12-13","purchased_purges":2,"victory":true,"max_hp_per_floor":[70,70,70,70,70,70,70,70,70,70,70,70,70,70,70,70,75,75,75,75,75,75,75,75,75,75,75,77,77,82,82,82,82,82,84,84,84,86,86,86,86,88,88,88,88,88,88,88,88,88,88,88,88,90,90],"card_choices":[{"not_picked":["Flying Knee","Well Laid Plans","Poisoned Stab"],"picked":"SKIP","floor":1.0},{"not_picked":["Dagger Spray","Slice"],"picked":"Acrobatics","floor":3.0},{"not_picked":["Bane","Slice"],"picked":"Accuracy","floor":4.0},{"not_picked":["Bouncing Flask","Slice"],"picked":"Reflex","floor":5.0},{"not_picked":["Outmaneuver","Slice"],"picked":"Backflip","floor":7.0},{"not_picked":["Prepared","Infinite Blades"],"picked":"Eviscerate","floor":8.0},{"not_picked":["Distraction","Backstab"],"picked":"Storm of Steel","floor":11.0},{"not_picked":["PiercingWail","Quick Slash"],"picked":"Reflex","floor":12.0},{"not_picked":["Caltrops","Acrobatics"],"picked":"Footwork","floor":13.0},{"not_picked":["Venomology","Glass Knife"],"picked":"Adrenaline","floor":16.0},{"not_picked":["Blade Dance","Footwork"],"picked":"Calculated Gamble","floor":17.0},{"not_picked":["Skewer","Acrobatics"],"picked":"Outmaneuver","floor":18.0},{"not_picked":["Masterful Stab","Well Laid Plans"],"picked":"Accuracy","floor":20.0},{"not_picked":["Blade Dance","Prepared"],"picked":"Terror","floor":21.0},{"not_picked":["Underhanded Strike","Terror","Flechettes"],"picked":"SKIP","floor":22.0},{"not_picked":["Dagger Spray+1","Choke","Underhanded Strike"],"picked":"SKIP","floor":25.0},{"not_picked":["PiercingWail","Bane","Choke+1"],"picked":"Singing Bowl","floor":28.0},{"not_picked":["Glass Knife","Dagger Throw"],"picked":"Footwork","floor":30.0},{"not_picked":["Adrenaline","Night Terror"],"picked":"Corpse Explosion","floor":33.0},{"not_picked":["Masterful Stab+1","Poisoned Stab","Flying Knee"],"picked":"Singing Bowl","floor":35.0},{"not_picked":["Dagger Spray+1","Endless Agony+1"],"picked":"Accuracy","floor":37.0},{"not_picked":["All Out Attack","Predator","Endless Agony+1"],"picked":"Singing Bowl","floor":38.0},{"not_picked":["Cloak And Dagger","Sucker Punch"],"picked":"Backflip","floor":39.0},{"not_picked":["Outmaneuver","Quick Slash"],"picked":"Acrobatics","floor":40.0},{"not_picked":["Backflip","Prepared","Blur"],"picked":"Singing Bowl","floor":42.0},{"not_picked":["Storm of Steel","Skewer"],"picked":"Tactician","floor":45.0},{"not_picked":["Bullet Time","Deadly Poison"],"picked":"Deflect","floor":48.0},{"not_picked":["Dagger Spray","Deflect","Backflip"],"picked":"Singing Bowl","floor":54.0}],"player_experience":199083,"relics_obtained":[{"floor":8.0,"key":"Bottled Lightning"},{"floor":9.0,"key":"MealTicket"},{"floor":25.0,"key":"Toy Ornithopter"},{"floor":26.0,"key":"Singing Bowl"},{"floor":40.0,"key":"PreservedInsect"},{"floor":42.0,"key":"Pen Nib"},{"floor":45.0,"key":"The Specimen"},{"floor":48.0,"key":"Whetstone"},{"floor":54.0,"key":"White Beast Statue"}],"event_choices":[{"damage_healed":0.0,"max_hp_gain":0.0,"max_hp_loss":0.0,"gold_gain":0.0,"event_name":"WeMeetAgain","player_choice":"Paid Gold","floor":2.0,"gold_loss":78.0,"damage_taken":0.0,"relics_obtained":["Paper Crane"]},{"cards_removed":["Strike_G"],"damage_healed":0.0,"max_hp_gain":0.0,"max_hp_loss":0.0,"gold_gain":0.0,"event_name":"Beggar","player_choice":"Gave Gold","floor":24.0,"gold_loss":75.0,"damage_taken":0.0},{"damage_healed":0.0,"max_hp_gain":0.0,"max_hp_loss":0.0,"gold_gain":0.0,"event_name":"Back to Basics","player_choice":"Simplicity","floor":29.0,"gold_loss":0.0,"damage_taken":0.0,"cards_upgraded":["Strike_G","Strike_G","Strike_G","Defend_G","Defend_G","Defend_G","Defend_G"]},{"damage_healed":0.0,"max_hp_gain":0.0,"max_hp_loss":0.0,"gold_gain":0.0,"event_name":"Match and Keep!","player_choice":"3 cards matched","floor":31.0,"gold_loss":0.0,"damage_taken":0.0,"cards_obtained":["Neutralize","Purity","Malaise"]},{"damage_healed":0.0,"max_hp_gain":0.0,"max_hp_loss":0.0,"gold_gain":0.0,"event_name":"Mysterious Sphere","player_choice":"Fight","floor":45.0,"gold_loss":0.0,"damage_taken":0.0}],"is_beta":false,"boss_relics":[{"not_picked":["Busted Crown","Cursed Key"],"picked":"Tiny House"},{"not_picked":["Snecko Eye","Sozu"],"picked":"SacredBark"}],"items_purged_floors":[19,36],"is_endless":false,"potions_floor_spawned":[3,8,11,16,21,25,30,35,37,38,39,42],"ascension_level":13}}