{"host":"94qggqh0xz0sp6ai","time":1608524215,"event":{"mods":["Abigail Mod","Act Like it!","BaseMod","CapriCore","Downfall","Friendly Minions","Gensokyo","Hermit","Jorbs\u0027s Wanderer Trilogy","Koishi","Marisa（霧雨　魔理沙）","Minty Spire (QoL Compilation)","Permanent Neow","Reimu（博??梦）","StSLib","The Alterego","The Construct","The Cursed","The Hierophant","The Immortal","The Senshi","The Servant 0.9.4","TheBandit","Waifu the Spire"],"gold_per_floor":[19,19,29,40,52,52,71,34,110,110,126,126,142,162,162,162,162],"floor_reached":16,"playtime":670,"items_purged":[],"score":122,"play_id":"3e29d1b8-32d2-4eeb-ac6b-745c8efcef97","local_time":"20201220221655","is_ascension_mode":true,"campfire_choices":[{"data":"hermit:LoneWolf","floor":6,"key":"SMITH"},{"data":"hermit:FlashPowder","floor":10,"key":"SMITH"},{"data":"hermit:Maintenance","floor":12,"key":"SMITH"},{"data":"hermit:TakeAim","floor":15,"key":"SMITH"}],"circlet_count":0,"master_deck":["hermit:Strike_Hermit","hermit:Strike_Hermit","hermit:Strike_Hermit","hermit:Strike_Hermit","hermit:Defend_Hermit","hermit:Defend_Hermit","hermit:Defend_Hermit","hermit:Defend_Hermit","hermit:Snapshot","hermit:Covet","hermit:Vantage","hermit:Midnight","hermit:GhostlyPresence","hermit:HoleUp","hermit:LoneWolf+1","hermit:TakeAim+1","hermit:GhostlyPresence","hermit:Dive","hermit:FlashPowder+1","hermit:BigShot","hermit:Maintenance+1","hermit:Determination+1"],"relics":["hermit:Momento","theSenshi:SpiralHeartMoonRodRelic","Frozen Egg 2","Odd Mushroom"],"acts_visited":["Exordium"],"potions_floor_usage":[16],"damage_taken":[{"damage":3,"enemies":"2 Louse","floor":1,"turns":2},{"damage":14,"enemies":"Jaw Worm","floor":3,"turns":5},{"damage":0,"enemies":"Cultist","floor":4,"turns":6},{"damage":8,"enemies":"Blue Slaver","floor":5,"turns":7},{"damage":7,"enemies":"2 Fungi Beasts","floor":7,"turns":6},{"damage":16,"enemies":"Exordium Wildlife","floor":11,"turns":7},{"damage":10,"enemies":"3 Louse","floor":13,"turns":7},{"damage":12,"enemies":"The Mushroom Lair","floor":14,"turns":6},{"damage":32,"enemies":"Slime Boss","floor":16,"turns":13}],"seed_played":"8874485549210965588","potions_obtained":[{"floor":3,"key":"LiquidBronze"},{"floor":4,"key":"AttackPotion"},{"floor":5,"key":"FearPotion"},{"floor":11,"key":"SkillPotion"}],"is_trial":false,"path_per_floor":["M","?","M","M","M","R","M","$","T","R","M","R","M","?","R","B"],"character_chosen":"HERMIT","items_purchased":["hermit:BigShot"],"campfire_rested":0,"item_purchase_floors":[8],"current_hp_per_floor":[69,69,57,59,53,53,50,50,50,50,38,38,34,28,28,0,0],"gold":162,"neow_bonus":"ONE_RARE_RELIC","is_daily":false,"chose_seed":false,"campfire_upgraded":4,"win_rate":0.0,"timestamp":1608524215,"path_taken":["M","?","M","M","M","R","M","$","T","R","M","R","M","?","R","BOSS"],"items_purchased_type":["Card"],"build_version":"2020-12-13","purchased_purges":0,"victory":false,"max_hp_per_floor":[75,75,75,75,75,75,75,75,75,75,75,75,75,75,75,75,75],"card_choices":[{"not_picked":["hermit:Manifest","hermit:TrackingShot"],"picked":"hermit:Vantage","floor":1},{"not_picked":["hermit:ItchyTrigger","hermit:SprayPray"],"picked":"hermit:GhostlyPresence","floor":3},{"not_picked":["hermit:Roulette","hermit:HeroicBravado"],"picked":"hermit:Dive","floor":4},{"not_picked":["hermit:Feint","hermit:Snipe","hermit:ItchyTrigger"],"picked":"SKIP","floor":5},{"not_picked":["hermit:Ricochet","hermit:Maintenance"],"picked":"hermit:FlashPowder","floor":7},{"not_picked":["hermit:Cheat","hermit:Feint"],"picked":"hermit:Maintenance","floor":11},{"not_picked":["hermit:BigShot+1","hermit:Misfire","hermit:Vantage"],"picked":"SKIP","floor":13},{"not_picked":["hermit:Virtue","hermit:Feint"],"picked":"hermit:Determination+1","floor":14}],"player_experience":1396356,"relics_obtained":[{"floor":9,"key":"Frozen Egg 2"},{"floor":14,"key":"Odd Mushroom"}],"event_choices":[{"damage_healed":0,"gold_gain":0,"player_choice":"Fought Mushrooms","damage_taken":0,"max_hp_gain":0,"max_hp_loss":0,"event_name":"Mushrooms","floor":14,"gold_loss":0}],"is_beta":false,"boss_relics":[],"items_purged_floors":[],"is_endless":false,"potions_floor_spawned":[3,4,5,11],"killed_by":"Slime Boss","ascension_level":6}}