{"host":"djm8p3ivrj05jd45","time":1608587682,"event":{"mods":["AchievementEnabler","BaseMod","Downfall","Minty Spire (QoL Compilation)","StSLib","slay the spire mod where everything is the same but ironclad has a cowboy hat"],"gold_per_floor":[118,98,20,20,20,32,32,32,57,57,85,96,131,150,150,253,253,263,263,279,291,291,316,316,316,343,343,343],"floor_reached":27,"playtime":1550,"items_purged":[],"score":330,"play_id":"2d88e4ec-2f2b-4305-b754-3e619d961365","local_time":"20201221165442","is_ascension_mode":true,"campfire_choices":[{"data":"Bash","floor":7,"key":"SMITH"},{"data":"Shrug It Off","floor":10,"key":"SMITH"},{"data":"Anger","floor":15,"key":"SMITH"},{"floor":24,"key":"REST"}],"circlet_count":0,"master_deck":["Strike_R+1","Strike_R","Strike_R","Strike_R","Strike_R","Defend_R","Defend_R","Defend_R","Defend_R+1","Bash+1","Anger+1","Shrug It Off+1","Sword Boomerang","Inflame","Carnage","Rupture","Limit Break","Offering","Wild Strike+1","Perfected Strike","Headbutt+1","Searing Blow","Bloodletting+1"],"relics":["Burning Blood","NeowsBlessing","Dream Catcher","Pear","Bag of Preparation","Mark of Pain","MutagenicStrength","Meat on the Bone","Thread and Needle","Lantern"],"acts_visited":["Exordium","TheCity"],"potions_floor_usage":[14,16,16,23,23,27],"damage_taken":[{"damage":0,"enemies":"Small Slimes","floor":1,"turns":1},{"damage":0,"enemies":"Cultist","floor":6,"turns":1},{"damage":0,"enemies":"Gremlin Nob","floor":11,"turns":1},{"damage":1,"enemies":"2 Louse","floor":12,"turns":2},{"damage":25,"enemies":"Lagavulin","floor":13,"turns":6},{"damage":10,"enemies":"Looter","floor":14,"turns":2},{"damage":0,"enemies":"Slime Boss","floor":16,"turns":6},{"damage":11,"enemies":"Chosen","floor":18,"turns":4},{"damage":25,"enemies":"2 Thieves","floor":20,"turns":3},{"damage":23,"enemies":"Centurion and Healer","floor":21,"turns":5},{"damage":48,"enemies":"Slavers","floor":23,"turns":5},{"damage":39,"enemies":"Gremlin Leader","floor":27,"turns":3}],"seed_played":"4785687111988792687","potions_obtained":[{"floor":2,"key":"Explosive Potion"},{"floor":11,"key":"Swift Potion"},{"floor":16,"key":"SmokeBomb"},{"floor":20,"key":"Ancient Potion"},{"floor":21,"key":"Explosive Potion"},{"floor":23,"key":"Fire Potion"}],"is_trial":false,"path_per_floor":["M","?","$","?","?","M","R","$","T","R","E","M","E","M","R","B",null,"M","?","M","M","?","E","R","T","T","E"],"character_chosen":"IRONCLAD","items_purchased":["Shrug It Off","AttackPotion"],"campfire_rested":1,"item_purchase_floors":[3,3],"current_hp_per_floor":[80,80,80,64,64,70,70,70,70,70,86,90,71,67,67,73,90,85,85,66,49,49,7,34,34,34,0,0],"gold":343,"neow_bonus":"THREE_ENEMY_KILL","is_daily":false,"chose_seed":false,"campfire_upgraded":3,"win_rate":0.0,"timestamp":1608587682,"path_taken":["M","?","?","?","?","M","R","?","T","R","E","?","E","M","R","BOSS","M","?","M","M","?","E","R","?","T","E"],"items_purchased_type":["Card","Potion"],"build_version":"2020-12-13","purchased_purges":0,"victory":false,"max_hp_per_floor":[80,80,80,80,80,80,80,80,80,80,90,90,90,90,90,90,90,90,90,90,90,90,90,90,90,90,90,90],"card_choices":[{"not_picked":["Headbutt","True Grit"],"picked":"Anger","floor":1},{"not_picked":["Clothesline","Reckless Charge"],"picked":"Sword Boomerang","floor":6},{"not_picked":["Perfected Strike","Shockwave"],"picked":"Inflame","floor":11},{"not_picked":["Clash","Clothesline"],"picked":"Carnage","floor":12},{"not_picked":["Thunderclap","Sever Soul"],"picked":"Rupture","floor":13},{"not_picked":["Sword Boomerang","Dark Embrace"],"picked":"Limit Break","floor":14},{"not_picked":["Impervious","Reaper"],"picked":"Offering","floor":16},{"not_picked":["Heavy Blade","Flex"],"picked":"Wild Strike+1","floor":18},{"not_picked":["Wild Strike","Anger"],"picked":"Perfected Strike","floor":20},{"not_picked":["Clothesline","Flex"],"picked":"Headbutt+1","floor":21},{"not_picked":["Sentinel+1","Pommel Strike"],"picked":"Searing Blow","floor":23},{"not_picked":["Armaments","Wild Strike+1"],"picked":"Bloodletting+1","floor":24}],"player_experience":85882,"relics_obtained":[{"floor":9,"key":"Dream Catcher"},{"floor":11,"key":"Pear"},{"floor":13,"key":"Bag of Preparation"},{"floor":23,"key":"Meat on the Bone"},{"floor":25,"key":"Thread and Needle"},{"floor":26,"key":"Lantern"}],"event_choices":[{"damage_healed":0,"gold_gain":0,"player_choice":"Bought 1 Potion","damage_taken":0,"max_hp_gain":0,"max_hp_loss":0,"event_name":"The Woman in Blue","floor":2,"gold_loss":0},{"damage_healed":0,"gold_gain":0,"player_choice":"Entered Light","damage_taken":16,"max_hp_gain":0,"max_hp_loss":0,"event_name":"Shining Light","floor":4,"gold_loss":0,"cards_upgraded":["Defend_R","Strike_R"]},{"damage_healed":0,"gold_gain":0,"player_choice":"Ignored","damage_taken":0,"max_hp_gain":0,"max_hp_loss":0,"event_name":"Golden Wing","floor":5,"gold_loss":0},{"damage_healed":0,"gold_gain":0,"player_choice":"Inject Mutagens","damage_taken":0,"relics_obtained":["MutagenicStrength"],"max_hp_gain":0,"max_hp_loss":0,"event_name":"Drug Dealer","floor":19,"gold_loss":0},{"damage_healed":0,"gold_gain":0,"player_choice":"Ignored","damage_taken":0,"max_hp_gain":0,"max_hp_loss":0,"event_name":"Vampires","floor":22,"gold_loss":0}],"is_beta":false,"boss_relics":[{"not_picked":["Pandora\u0027s Box","Runic Pyramid"],"picked":"Mark of Pain"}],"items_purged_floors":[],"is_endless":false,"potions_floor_spawned":[11,12,16,20,21,23],"killed_by":"Gremlin Leader","ascension_level":1}}