{"host":"e1pm3b7xpcm97e5w","time":1608513445,"event":{"mods":["BaseMod","Better Skull","Googly Eyes","Minty Spire (QoL Compilation)","Relic Stats","Shop Mod","Spicy Shops","StSLib"],"gold_per_floor":[10,22,22,39,39,39,54,82,82,97,97,108,108,53,53,149,149,149,149,168,12,12,42,42,67,67,93,93,63,63,162,162,260,260,277,277,327,5,5,5,34,45,70,2,2,19,46,59,59,59],"floor_reached":51,"playtime":6388,"items_purged":["Strike_B+1"],"score":1053,"play_id":"08ec1987-3be1-417d-bcf4-04f4541edb78","local_time":"20201220201725","is_ascension_mode":true,"campfire_choices":[{"data":"Gash","floor":6.0,"key":"SMITH"},{"data":"Defragment","floor":11.0,"key":"SMITH"},{"data":"Zap","floor":13.0,"key":"SMITH"},{"floor":15.0,"key":"REST"},{"data":"Buffer","floor":24.0,"key":"SMITH"},{"data":"Buffer","floor":30.0,"key":"SMITH"},{"floor":32.0,"key":"REST"},{"data":"Coolheaded","floor":40.0,"key":"SMITH"},{"floor":45,"key":"REST"},{"data":"Blizzard","floor":49,"key":"SMITH"}],"circlet_count":0,"master_deck":["Strike_B+1","Strike_B+1","Defend_B+1","Defend_B+1","Defend_B+1","Defend_B+1","Zap+1","Dualcast","Gash+1","Coolheaded+1","Seek","Ball Lightning","Defragment+1","Redo","Chill","Buffer+1","Coolheaded","Buffer+1","Gash+1","Amplify","Go for the Eyes","Defragment+1","Echo Form+1","Conserve Battery+1","Loop+1","Glacier+1","Blizzard+1","Chill+1"],"relics":["FrozenCore","Ice Cream","Juzu Bracelet","Gremlin Horn","Velvet Choker","Incense Burner","Du-Vu Doll","Regal Pillow","Mango","Akabeko","Emotion Chip","Frozen Egg 2","PreservedInsect","Question Card","Bag of Preparation","Bird Faced Urn"],"acts_visited":["Exordium","TheCity","TheBeyond"],"potions_floor_usage":[50,50],"damage_taken":[{"damage":0.0,"enemies":"Cultist","floor":1.0,"turns":3.0},{"damage":2.0,"enemies":"Jaw Worm","floor":2.0,"turns":3.0},{"damage":1.0,"enemies":"2 Louse","floor":4.0,"turns":3.0},{"damage":13.0,"enemies":"Gremlin Gang","floor":7.0,"turns":4.0},{"damage":22.0,"enemies":"Lagavulin","floor":8.0,"turns":7.0},{"damage":4.0,"enemies":"2 Fungi Beasts","floor":10.0,"turns":3.0},{"damage":8.0,"enemies":"Blue Slaver","floor":12.0,"turns":3.0},{"damage":20.0,"enemies":"Hexaghost","floor":16.0,"turns":10.0},{"damage":0.0,"enemies":"Chosen","floor":18.0,"turns":4.0},{"damage":0.0,"enemies":"Spheric Guardian","floor":20.0,"turns":3.0},{"damage":14.0,"enemies":"Gremlin Leader","floor":23.0,"turns":8.0},{"damage":30.0,"enemies":"Slavers","floor":25.0,"turns":9.0},{"damage":7.0,"enemies":"Book of Stabbing","floor":27.0,"turns":6.0},{"damage":5.0,"enemies":"Champ","floor":33.0,"turns":11.0},{"damage":20.0,"enemies":"3 Shapes","floor":35.0,"turns":5.0},{"damage":0.0,"enemies":"Mind Bloom Boss Battle","floor":37.0,"turns":9.0},{"damage":37,"enemies":"Reptomancer","floor":41,"turns":6},{"damage":0,"enemies":"Orb Walker","floor":42,"turns":5},{"damage":0,"enemies":"Maw","floor":46,"turns":8},{"damage":0,"enemies":"Giant Head","floor":47,"turns":11},{"damage":14,"enemies":"3 Darklings","floor":48,"turns":6},{"damage":15,"enemies":"Donu and Deca","floor":50,"turns":12}],"seed_played":"-1126654138653063067","potions_obtained":[{"floor":1.0,"key":"Fire Potion"},{"floor":2.0,"key":"Energy Potion"},{"floor":12.0,"key":"EssenceOfSteel"},{"floor":16.0,"key":"SmokeBomb"},{"floor":27.0,"key":"BlessingOfTheForge"},{"floor":29.0,"key":"Weak Potion"},{"floor":42,"key":"EssenceOfSteel"},{"floor":46,"key":"Ancient Potion"}],"is_trial":false,"path_per_floor":["M","M","?","M","?","R","M","E","T","M","R","M","R","$","R","B",null,"M","?","M","$","?","E","R","E","T","E","?","?","R","?","R","B",null,"M","?","?","$","?","R","E","M","T","$","R","M","E","M","R","B",null],"character_chosen":"DEFECT","items_purchased":["Chill","Incense Burner","Frozen Egg 2","PreservedInsect","Loop+1"],"campfire_rested":3,"item_purchase_floors":[14,21,38,38,44],"current_hp_per_floor":[68,66,66,65,70,70,57,35,35,31,31,23,23,23,47,27,67,67,67,67,67,67,53,53,23,37,30,30,30,30,30,73,68,88,68,68,68,68,68,68,31,31,31,31,74,74,74,78,78,81],"gold":59,"neow_bonus":"ONE_RARE_RELIC","is_daily":false,"chose_seed":false,"campfire_upgraded":7,"win_rate":0.0,"timestamp":1608513445,"path_taken":["M","?","?","M","?","R","M","E","T","M","R","M","R","$","R","BOSS","M","?","M","$","?","E","R","E","T","E","?","?","R","?","R","BOSS","M","?","?","$","?","R","E","M","T","$","R","M","E","M","R","BOSS"],"items_purchased_type":["Card","Relic","Relic","Relic","Card"],"build_version":"2020-12-13","purchased_purges":1,"victory":true,"max_hp_per_floor":[75,75,75,75,80,80,80,80,80,80,80,80,80,80,80,80,80,80,80,80,80,80,80,80,80,94,94,94,94,94,94,94,94,94,94,94,94,94,94,94,94,94,94,94,94,94,94,94,94,94],"relic_stats":{"Regal Pillow":30,"Emotion Chip":[12,5,7,0,0],"Gremlin Horn":[17,17],"counters":[22,137],"Bird Faced Urn":[36],"PreservedInsect":192,"Juzu Bracelet":2,"Bag of Preparation":[8],"Question Card":4,"obtain_stats":[{"Ice Cream":0,"Regal Pillow":25,"Gremlin Horn":9,"Velvet Choker":17,"Mango":26,"PreservedInsect":38,"Juzu Bracelet":8,"Incense Burner":21,"Bag of Preparation":43,"Frozen Egg 2":38,"Question Card":41,"Akabeko":27,"FrozenCore":34,"Du-Vu Doll":23,"Emotion Chip":37,"Bird Faced Urn":47,"Cracked Core":0},{"Ice Cream":0,"Regal Pillow":12,"Gremlin Horn":5,"Velvet Choker":8,"Mango":12,"PreservedInsect":16,"Juzu Bracelet":5,"Incense Burner":10,"Bag of Preparation":18,"Frozen Egg 2":16,"Question Card":17,"Akabeko":13,"FrozenCore":14,"Du-Vu Doll":11,"Emotion Chip":16,"Bird Faced Urn":20,"Cracked Core":0},{"Ice Cream":0,"Regal Pillow":60,"Gremlin Horn":20,"Velvet Choker":36,"Mango":60,"PreservedInsect":91,"Juzu Bracelet":20,"Incense Burner":43,"Bag of Preparation":102,"Frozen Egg 2":91,"Question Card":97,"Akabeko":66,"FrozenCore":77,"Du-Vu Doll":51,"Emotion Chip":91,"Bird Faced Urn":120,"Cracked Core":0}],"FrozenCore":[9]},"card_choices":[{"not_picked":["Doom and Gloom","Hologram"],"picked":"Gash","floor":1.0},{"not_picked":["Redo","Sweeping Beam"],"picked":"Coolheaded","floor":2.0},{"not_picked":["Sweeping Beam","Beam Cell","Go for the Eyes"],"picked":"SKIP","floor":4.0},{"not_picked":["Cold Snap","Storm"],"picked":"Seek","floor":7.0},{"not_picked":["Conserve Battery","Reinforced Body"],"picked":"Ball Lightning","floor":8.0},{"not_picked":["Go for the Eyes","Ball Lightning"],"picked":"Defragment","floor":10.0},{"not_picked":["Leap","Ball Lightning"],"picked":"Redo","floor":12.0},{"not_picked":["Machine Learning","Seek"],"picked":"Buffer","floor":16.0},{"not_picked":["Skim","Compile Driver"],"picked":"Coolheaded","floor":20.0},{"not_picked":["Turbo","Rebound"],"picked":"Buffer","floor":23.0},{"not_picked":["Rebound","Cold Snap","Lockon+1"],"picked":"SKIP","floor":25.0},{"not_picked":["Self Repair+1","Rebound"],"picked":"Gash+1","floor":27.0},{"not_picked":["Electrodynamics","Biased Cognition"],"picked":"Amplify","floor":33.0},{"not_picked":["Stack+1","Leap+1","Scrape"],"picked":"SKIP","floor":35.0},{"not_picked":["Sunder+1","Cold Snap+1"],"picked":"Defragment","floor":37.0},{"not_picked":["Sweeping Beam","Redo"],"picked":"Echo Form+1","floor":41},{"not_picked":["Go for the Eyes","Reinforced Body","Genetic Algorithm+1"],"picked":"Conserve Battery+1","floor":42},{"not_picked":["Fusion+1","Compile Driver+1","Beam Cell"],"picked":"Glacier+1","floor":46},{"not_picked":["Reinforced Body","Skim","Aggregate"],"picked":"Blizzard","floor":47},{"not_picked":["Sweeping Beam","Stack","Conserve Battery"],"picked":"Chill+1","floor":48}],"player_experience":420499,"relics_obtained":[{"floor":8.0,"key":"Juzu Bracelet"},{"floor":9.0,"key":"Gremlin Horn"},{"floor":23.0,"key":"Du-Vu Doll"},{"floor":25.0,"key":"Regal Pillow"},{"floor":26.0,"key":"Mango"},{"floor":27.0,"key":"Akabeko"},{"floor":37.0,"key":"Emotion Chip"},{"floor":41,"key":"Question Card"},{"floor":43,"key":"Bag of Preparation"},{"floor":47,"key":"Bird Faced Urn"}],"event_choices":[{"damage_healed":0.0,"max_hp_gain":0.0,"max_hp_loss":0.0,"gold_gain":0.0,"event_name":"Liars Game","player_choice":"Ignored","floor":3.0,"gold_loss":0.0,"damage_taken":0.0},{"damage_healed":0.0,"max_hp_gain":5.0,"max_hp_loss":0.0,"gold_gain":0.0,"event_name":"Big Fish","player_choice":"Donut","floor":5.0,"gold_loss":0.0,"damage_taken":0.0},{"damage_healed":0.0,"max_hp_gain":0.0,"max_hp_loss":0.0,"gold_gain":0.0,"event_name":"Back to Basics","player_choice":"Simplicity","floor":19.0,"gold_loss":0.0,"damage_taken":0.0,"cards_upgraded":["Strike_B","Strike_B","Strike_B","Strike_B","Defend_B","Defend_B","Defend_B","Defend_B"]},{"damage_healed":0.0,"max_hp_gain":0.0,"max_hp_loss":0.0,"gold_gain":0.0,"event_name":"Ghosts","player_choice":"Ignored","floor":28.0,"gold_loss":0.0,"damage_taken":0.0},{"damage_healed":0.0,"max_hp_gain":0.0,"max_hp_loss":0.0,"gold_gain":0.0,"event_name":"The Woman in Blue","player_choice":"Bought 2 Potions","floor":29.0,"gold_loss":0.0,"damage_taken":0.0},{"damage_healed":0.0,"max_hp_gain":0.0,"max_hp_loss":0.0,"gold_gain":99.0,"event_name":"Nest","player_choice":"Stole From Cult","floor":31.0,"gold_loss":0.0,"damage_taken":0.0},{"damage_healed":0.0,"max_hp_gain":0.0,"max_hp_loss":0.0,"gold_gain":0.0,"cards_transformed":["Strike_B"],"event_name":"Transmorgrifier","player_choice":"Transformed","floor":36.0,"gold_loss":0.0,"damage_taken":0.0,"cards_obtained":["Go for the Eyes"]},{"damage_healed":0.0,"max_hp_gain":0.0,"max_hp_loss":0.0,"gold_gain":0.0,"event_name":"MindBloom","player_choice":"Fight","floor":37.0,"gold_loss":0.0,"damage_taken":0.0},{"damage_healed":0.0,"max_hp_gain":0.0,"max_hp_loss":0.0,"gold_gain":0.0,"event_name":"Upgrade Shrine","player_choice":"Upgraded","floor":39.0,"gold_loss":0.0,"damage_taken":0.0,"cards_upgraded":["Defragment"]}],"is_beta":false,"boss_relics":[{"not_picked":["Calling Bell","Ectoplasm"],"picked":"Velvet Choker"},{"not_picked":["Fusion Hammer","Philosopher\u0027s Stone"],"picked":"FrozenCore"}],"items_purged_floors":[21],"is_endless":false,"potions_floor_spawned":[1,2,12,16,18,27,42,46,47],"ascension_level":8}}