{"host":"nn8ykqwz2w24pkn4","time":1608518897,"event":{"mods":["AchievementEnabler","Aspiration","BaseMod","Better Note","BetterRewards","DNKmod","Friendly Minions","Gold Saver","Highlight Path","Hubris","Minty Spire (QoL Compilation)","Rare Cards Sparkle","Spire Birthday Party","StSLib","Uncapped","Unceasing Turn Reminder","egg"],"gold_per_floor":[395,470,515,115,160,160,205,205,205,205,250,25,70,115,115,415,415,460,160,205,250,295,295,385,430,455,455,500,545,590,66,66,366,366,411,42,42,87,132,132,177,57,82,0,0,45,45,135,135,135],"floor_reached":51,"playtime":1963,"items_purged":["Brutality"],"score":1095,"play_id":"ab9a6590-3a6a-46c4-b83e-4e247bde7a7e","local_time":"20201220184817","daily_mods":["Shiny","Vintage","Midas"],"is_ascension_mode":false,"campfire_choices":[{"floor":6,"key":"REST"},{"floor":8,"key":"REST"},{"floor":10,"key":"REST"},{"floor":32,"key":"REST"},{"floor":40,"key":"REST"},{"floor":49,"key":"REST"}],"circlet_count":0,"master_deck":["hubris:Counter+1","Double Tap","Demon Form","Fiend Fire","Berserk","Impervious+1","Juggernaut","Exhume","Offering+1","Bludgeon","Feed","Limit Break","Barricade","hubris:StunningStrike","Reaper+1","Immolate","Exhume","Shrug It Off+1","Whirlwind","Feed+1","Apotheosis","Heavy Blade"],"relics":["Burning Blood","aspiration:FrozenJewel","Torii","Matryoshka","Lee\u0027s Waffle","Orichalcum","Paper Frog","Tiny Chest","Bottled Lightning","aspiration:ArtOfWarUpgrade","Sling","Pocketwatch","hubris:TenFootPole","hubris:Backtick","hubris:GlazedTorus","Lantern","Brimstone","Bag of Marbles","aspiration:HiddenCompartment","Regal Pillow","Self Forming Clay","War Paint","hubris:SlimyHat","Vajra","MealTicket","aspiration:DSix","Red Skull","Darkstone Periapt","Shuriken","hubris:CuriousFeather","Strange Spoon","Fusion Hammer","Ancient Tea Set","Chemical X","The Courier","Blue Candle","hubris:FunFungus","aspiration:StickyExplosives","hubris:EmptyBottle","Whetstone","Red Mask","Boot","Letter Opener","hubris:Metronome"],"acts_visited":["Exordium","TheCity","TheBeyond"],"potions_floor_usage":[50,50,50,50,50,50,50,50,50,50,50,50,50],"damage_taken":[{"damage":6.0,"enemies":"Jaw Worm","floor":1.0,"turns":2.0},{"damage":6,"enemies":"Cultist","floor":3,"turns":2},{"damage":6,"enemies":"Small Slimes","floor":5,"turns":2},{"damage":6,"enemies":"Exordium Thugs","floor":7,"turns":2},{"damage":6,"enemies":"Looter","floor":11,"turns":2},{"damage":0,"enemies":"2 Fungi Beasts","floor":13,"turns":2},{"damage":7,"enemies":"3 Louse","floor":14,"turns":3},{"damage":12,"enemies":"Slime Boss","floor":16,"turns":5},{"damage":6,"enemies":"Shell Parasite","floor":18,"turns":4},{"damage":0,"enemies":"Spheric Guardian","floor":20,"turns":2},{"damage":6,"enemies":"Snake Plant","floor":21,"turns":2},{"damage":7,"enemies":"Centurion and Healer","floor":22,"turns":5},{"damage":6,"enemies":"Book of Stabbing","floor":24,"turns":2},{"damage":6,"enemies":"3 Cultists","floor":25,"turns":3},{"damage":0,"enemies":"Sentry and Sphere","floor":28,"turns":3},{"damage":0,"enemies":"Shelled Parasite and Fungi","floor":29,"turns":2},{"damage":0,"enemies":"3 Cultists","floor":30,"turns":3},{"damage":6,"enemies":"Automaton","floor":33,"turns":4},{"damage":0,"enemies":"Orb Walker","floor":35,"turns":2},{"damage":6,"enemies":"3 Darklings","floor":38,"turns":1},{"damage":6,"enemies":"4 Shapes","floor":39,"turns":1},{"damage":6,"enemies":"Writhing Mass","floor":41,"turns":1},{"damage":0,"enemies":"3 Darklings","floor":46,"turns":2},{"damage":0,"enemies":"Reptomancer","floor":48,"turns":3},{"damage":6,"enemies":"hubris:GrandSnecko","floor":50,"turns":2}],"seed_played":"7329645460642280970","potions_obtained":[{"floor":1.0,"key":"Energy Potion"},{"floor":3,"key":"FearPotion"},{"floor":13,"key":"FearPotion"},{"floor":29,"key":"BlessingOfTheForge"},{"floor":35,"key":"EntropicBrew"}],"is_trial":false,"path_per_floor":["M","?","M","$","M","R","M","R","T","R","M","$","M","M","R","B",null,"M","$","M","M","M","R","E","M","T","?","M","M","M","$","R","B",null,"M","$","T","M","M","R","M","$","T","?","?","M","T","E","R","B",null],"character_chosen":"IRONCLAD","items_purchased":["Matryoshka","Lee\u0027s Waffle","Sling","Brimstone","Bag of Marbles","hubris:CuriousFeather","Strange Spoon","Whirlwind","Apotheosis","Heavy Blade","Chemical X","hubris:EmptyBottle"],"campfire_rested":6,"item_purchase_floors":[4,4,12,19,19,31,31,31,36,36,36,42],"current_hp_per_floor":[125,113,120,135,138,138,138,138,138,138,138,138,138,141,141,141,141,144,144,144,144,147,147,147,150,150,150,150,150,150,150,150,150,150,153,153,153,153,153,153,157,157,157,157,167,167,167,167,167,167],"gold":135,"neow_bonus":"","is_daily":true,"chose_seed":false,"campfire_upgraded":0,"win_rate":0.0,"timestamp":1608518897,"path_taken":["M","?","?","$","M","R","M","R","T","R","?","$","M","M","R","BOSS","M","$","M","M","M","R","E","M","T","?","M","?","M","$","R","BOSS","M","$","?","M","M","R","M","?","T","?","?","M","?","E","R","BOSS"],"items_purchased_type":["Relic","Relic","Relic","Relic","Relic","Relic","Relic","Card","Card","Card","Relic","Relic"],"build_version":"2020-12-13","purchased_purges":1,"victory":true,"max_hp_per_floor":[125,125,128,135,138,138,138,138,138,138,138,138,138,141,141,141,141,144,144,144,144,147,147,147,150,150,150,150,150,150,150,150,150,150,153,153,153,153,153,153,157,157,157,157,167,167,167,167,167,167],"card_choices":[{"not_picked":["Fiend Fire","Offering"],"picked":"Exhume","floor":16},{"not_picked":["Body Slam+1","Flame Barrier"],"picked":"Shrug It Off+1","floor":24},{"not_picked":["Exhume","Fiend Fire"],"picked":"Feed","floor":33},{"not_picked":["Havoc+1","Warcry","Evolve+1"],"picked":"SKIP","floor":48}],"player_experience":422070,"relics_obtained":[{"floor":1.0,"key":"aspiration:FrozenJewel"},{"floor":3,"key":"Torii"},{"floor":5,"key":"Orichalcum"},{"floor":7,"key":"Paper Frog"},{"floor":9,"key":"Tiny Chest"},{"floor":9,"key":"Bottled Lightning"},{"floor":11,"key":"Art of War"},{"floor":13,"key":"Pocketwatch"},{"floor":14,"key":"hubris:TenFootPole"},{"floor":18,"key":"Lantern"},{"floor":20,"key":"aspiration:HiddenCompartment"},{"floor":21,"key":"Regal Pillow"},{"floor":22,"key":"Self Forming Clay"},{"floor":24,"key":"War Paint"},{"floor":25,"key":"hubris:SlimyHat"},{"floor":26,"key":"Vajra"},{"floor":26,"key":"MealTicket"},{"floor":27,"key":"aspiration:DSix"},{"floor":28,"key":"Red Skull"},{"floor":29,"key":"Darkstone Periapt"},{"floor":30,"key":"Shuriken"},{"floor":35,"key":"Ancient Tea Set"},{"floor":37,"key":"The Courier"},{"floor":38,"key":"Blue Candle"},{"floor":39,"key":"hubris:FunFungus"},{"floor":41,"key":"aspiration:StickyExplosives"},{"floor":43,"key":"Whetstone"},{"floor":46,"key":"Boot"},{"floor":47,"key":"Letter Opener"},{"floor":48,"key":"hubris:Metronome"}],"event_choices":[{"damage_healed":0,"gold_gain":75,"player_choice":"Touch","damage_taken":12,"max_hp_gain":0,"max_hp_loss":0,"event_name":"FaceTrader","floor":2,"gold_loss":0},{"damage_healed":0,"gold_gain":0,"player_choice":"Relic","damage_taken":0,"max_hp_gain":0,"max_hp_loss":0,"event_name":"Wheel of Change","floor":27,"gold_loss":0},{"damage_healed":0,"gold_gain":0,"player_choice":"Paid","damage_taken":0,"relics_obtained":["Red Mask"],"max_hp_gain":0,"max_hp_loss":0,"event_name":"Tomb of Lord Red Mask","floor":44,"gold_loss":82},{"cards_removed":["Corruption"],"damage_healed":0,"gold_gain":0,"player_choice":"Offered Rare","damage_taken":0,"max_hp_gain":10,"max_hp_loss":0,"event_name":"Bonfire Elementals","floor":45,"gold_loss":0}],"is_beta":false,"boss_relics":[{"not_picked":["Sozu","aspiration:RandomNobGenerator"],"picked":"hubris:Backtick"},{"not_picked":["SlaversCollar","Mark of Pain"],"picked":"Fusion Hammer"}],"items_purged_floors":[12],"is_endless":false,"potions_floor_spawned":[1,3,13,18,20,24,25,29,30,33,35,39,46],"ascension_level":0}}