{"host":"l8lm1goh5xm9tkuw","time":1608538803,"event":{"mods":["Act Like it!","Alarm Clock","Astrologer","BaseMod","Colored Map","Colored Powertips","GungeonMod","Hermit","KomeijiMod","Library of Ruina","Library of Ruina Extra","Lobotomy","LobotomyExtend","Marisa£®ÏF”Í°°ƒß¿Ì…≥£©","Minty Spire (QoL Compilation)","MostiFishMod","Quick Restart","Replay The Spire","Shade Mod","StSLib","TestMod","The Animator","The Bug Knight","The Hierophant","UnlockEverythingMod","[IsaacMod]“‘»ˆº‚À˛","vexMod","°æ“≈ŒÔø®≈∆°øREMEMod"],"gold_per_floor":[115,115,115,131,143,175,175,191,191,206,219,239,264,264,264,343,343,355,355,368,378,303,334,334,364,415,415,415,434,467,467,467,546,546,558,558,569,586,327,394,394,446,446,483,483,500,533,549,549,612,612,612,612,612,243,297,605,605],"floor_reached":57,"playtime":2784,"items_purged":["LightDefense","DimensionalRift","ChargeAndCover"],"score":2809,"play_id":"0fb134e3-cf94-4ba7-b67d-955d32789f55","local_time":"20201221162003","is_ascension_mode":true,"campfire_choices":[{"data":"RipSpace","floor":7.0,"key":"SMITH"},{"floor":15.0,"key":"RECALL"},{"data":"Observe","floor":24.0,"key":"SMITH"},{"data":"UncannyStrike","floor":28.0,"key":"SMITH"},{"floor":32.0,"key":"REST"},{"data":"Overcharge","floor":41.0,"key":"SMITH"},{"data":"WillOfThePrescript","floor":49,"key":"SMITH"},{"data":"Reload","floor":54,"key":"SMITH"}],"circlet_count":0,"master_deck":["LightDefense","LightDefense","BladeWhirl","EmotionalTurbulence+1","BayonetCombat","RipSpace+1","DimensionalRift+1","Observe+1","RulesOfTheBackstreets","UncannyStrike+1","AbsorbImpact+1","ToOvercomeCrisis","Reload+1","WillOfThePrescript+1","Overcharge+1","ToWhereThePrescriptPoints","FlamingDragonFist"],"relics":["PageOfLibrarian","DaveBox","testmod-TestBox","REME_ComplimentaryCards","HushsDoor","SatanicBible","testmod-Brilliant","Ying","Question Card","LetterFromLob","PageOfSingingMachine","PokeGo","Moonlight_r","ImportantClient","Empty Cage","Enchiridion","SteamSale","testmod-InjuryResistance","DemoMod:PoisonVial","PageOfScorchedGirl","Juzu Bracelet","testmod-SaigiyounoYou","Bag of Marbles","SalivaCoin","Chemical X","DemoMod:DecoyRelic","PageOfSpiderBud","DoctorsRemote","PageOfForsakenMurderer","ShirouKen","ImprovedEquipment","Replay:WaspNest","DemoMod:OrangeGuonStone","Dodecahedron","ReplayFunnel"],"acts_visited":["Exordium","TheCity","TheBeyond","TheEnding"],"potions_floor_usage":[42,44,56,57],"damage_taken":[{"damage":0.0,"enemies":"2 Louse","floor":1.0,"turns":1.0},{"damage":0.0,"enemies":"Jaw Worm","floor":4.0,"turns":3.0},{"damage":0.0,"enemies":"Small Slimes","floor":5.0,"turns":1.0},{"damage":0.0,"enemies":"3 Sentries","floor":6.0,"turns":1.0},{"damage":0.0,"enemies":"Blue Slaver","floor":8.0,"turns":1.0},{"damage":0.0,"enemies":"Exordium Wildlife","floor":10.0,"turns":1.0},{"damage":0.0,"enemies":"Large Slime","floor":11.0,"turns":1.0},{"damage":0.0,"enemies":"Blue Slaver","floor":12.0,"turns":2.0},{"damage":0.0,"enemies":"Gremlin Nob","floor":13.0,"turns":2.0},{"damage":0.0,"enemies":"Fading Forest","floor":16.0,"turns":13.0},{"damage":5.0,"enemies":"Shell Parasite","floor":18.0,"turns":3.0},{"damage":0.0,"enemies":"Spheric Guardian","floor":20.0,"turns":3.0},{"damage":4.0,"enemies":"Centurion and Healer","floor":21.0,"turns":2.0},{"damage":0.0,"enemies":"Gremlin Leader","floor":23.0,"turns":3.0},{"damage":5.0,"enemies":"Replay:Snechameleon","floor":25.0,"turns":3.0},{"damage":12.0,"enemies":"Snake Plant","floor":29.0,"turns":3.0},{"damage":0.0,"enemies":"REME_1_Revenger","floor":30.0,"turns":2.0},{"damage":0.0,"enemies":"KingOfGreed","floor":33.0,"turns":9.0},{"damage":0.0,"enemies":"Orb Walker","floor":35.0,"turns":3.0},{"damage":0.0,"enemies":"3 Shapes","floor":37.0,"turns":1.0},{"damage":0.0,"enemies":"Transient","floor":38.0,"turns":7.0},{"damage":3.0,"enemies":"R_Hoarder","floor":40.0,"turns":7.0},{"damage":44,"enemies":"Giant Head","floor":42,"turns":7},{"damage":16,"enemies":"R_Hoarder","floor":44,"turns":5},{"damage":0,"enemies":"3 Darklings","floor":46,"turns":1},{"damage":0,"enemies":"Reptomancer","floor":47,"turns":3},{"damage":0,"enemies":"Jaw Worm Horde","floor":48,"turns":1},{"damage":50,"enemies":"Awakened One","floor":50,"turns":11},{"damage":0,"enemies":"Time Eater","floor":51,"turns":11},{"damage":7,"enemies":"Shield and Spear","floor":56,"turns":2},{"damage":247,"enemies":"LittleHush","floor":57,"turns":23}],"seed_played":"7043930921495670628","potions_obtained":[{"floor":4.0,"key":"DistilledChaos"},{"floor":5.0,"key":"Toxic Potion"},{"floor":6.0,"key":"Block Potion"},{"floor":18.0,"key":"Fire Potion"},{"floor":33.0,"key":"CalmPotion"},{"floor":42,"key":"Fire Potion"},{"floor":47,"key":"Strength Potion"},{"floor":48,"key":"GamblersBrew"},{"floor":56,"key":"Energy Potion"}],"is_trial":false,"path_per_floor":["M","?","?","M","M","E","R","M","T","M","M","M","E","M","R","B",null,"M","?","M","M","?","E","R","E","T","T","R","M","E","?","R","B",null,"M","?","M","M","$","E","R","E","T","E","?","M","E","M","R","B","B",null,null,"R","$","E","B"],"character_chosen":"Librarian","items_purchased":["Bag of Marbles","SalivaCoin","WillOfThePrescript","Chemical X","Replay:WaspNest","DemoMod:OrangeGuonStone","Dodecahedron","ToWhereThePrescriptPoints"],"campfire_rested":1,"item_purchase_floors":[39,39,39,39,55,55,55,55],"current_hp_per_floor":[53,58,58,59,59,59,59,59,59,59,59,59,59,39,39,47,63,58,37,37,33,33,43,43,38,38,38,38,26,26,26,46,46,63,68,68,68,68,68,66,66,29,29,42,42,48,55,57,57,54,68,68,68,68,68,67,0,0],"gold":605,"neow_bonus":"TRANSFORM_TWO_CARDS","is_daily":false,"chose_seed":false,"campfire_upgraded":6,"win_rate":0.0,"timestamp":1608538803,"path_taken":["M","?","?","M","M","E","R","M","T","M","M","M","E","M","R_BF","BOSS","M","?","M","M","?","E","R","E","T","?","R","M","E","?","R","BOSS","M","?","M","M","$","E","R","E","T","E","?","M","E","M","R","BOSS","BOSS","R","$","E","BOSS"],"items_purchased_type":["Relic","Relic","Card","Relic","Relic","Relic","Relic","Card"],"build_version":"2020-12-13","purchased_purges":3,"victory":false,"max_hp_per_floor":[68,73,73,73,73,73,73,73,73,73,73,73,73,73,73,73,68,68,68,68,70,70,70,68,68,68,68,68,68,68,68,68,68,68,68,68,68,68,68,68,68,68,68,68,68,68,68,68,68,68,68,68,68,68,68,68,68,68],"card_choices":[{"not_picked":["SpearedSweep","Multislash","StrongStrike","OpportunitySpotted","UpbeatPerformance","RatsGuideToSurvival","EndlessBattle","QuickAttack"],"picked":"BayonetCombat","floor":1.0},{"not_picked":["Overcharge","SpearedSweep","Pound","Quickness","MindPrepared","FierceCharge","SilentMist","AGoldenOpportunity","Mutilate"],"picked":"RipSpace","floor":4.0},{"not_picked":["Parry","Unlock1","DestructiveImpact","Bvapour","AsThePrescriptOrders","ChargeUp","BackAttack","EnergyConversion","WillOfThePrescript"],"picked":"DimensionalRift","floor":5.0},{"not_picked":["GoinFirst","Feast","DefenseOrder","AsThePrescriptOrders","Reload","SharpenedBlade","ScatteringSlash","HiddenBlade","FierceCharge","FlamingDragonFist"],"picked":"SKIP","floor":6.0},{"not_picked":["Riposte","Multislash","Collision","TimeForALittleTest","AsThePrescriptOrders","EndlessBattle","IllEndYou","MultiHit","Diversion","HandleRequest"],"picked":"SKIP","floor":8.0},{"not_picked":["LossOfSenses","FlashOfSunup","MultiBlock","Collision","SilentMist","WaitUp","ICanCookAnything","SomberProcuration","SunsetBlade"],"picked":"DimensionalRift","floor":10.0},{"not_picked":["HandleRequest","DeepDrag","Parry","Reload","TendonChords","FleetFootsteps","SkyClearingCut","SilentMist","FlyingSword","DefenseOrder"],"picked":"SKIP","floor":11.0},{"not_picked":["Pound","StayCalm","SpearedSweep","ClassAndRespect","Thirst","AutonomousRush","ICanCookAnything","PreemptiveStrike","QuickAttack","AsThePrescriptOrders"],"picked":"SKIP","floor":12.0},{"not_picked":["MultiBlock","StrongStrike","Thrust","SunsetBlade","YourShield","GuardingStance","ViolentFlame","Transpierce","AsThePrescriptOrders","BurningFlash"],"picked":"SKIP","floor":13.0},{"not_picked":["RepressedFlesh","Cruelty","BlazingStrike"],"picked":"Observe","floor":16.0},{"not_picked":["MultiBlock","AutonomousRush","Thirst","Rewind+1","HandleRequest","ClassAndRespect","WaitUp","FieryWaltz","Eradication","YoureAHindrance"],"picked":"SKIP","floor":18.0},{"not_picked":["UnavoidableGaze","SinglePointStab+1","DarkCloud","Pound","BurningFlash","Marionette","StrongStrike","FlashingStrike","EnergyCycle"],"picked":"RulesOfTheBackstreets","floor":20.0},{"not_picked":["ScatteringSlash","WillOfThePrescript","QuickAttack","TheArtOfRapidSteps","EmotionalTurbulence","WaitUp","RushDown","EnergyCycle","FaintMemories","LoosenUp"],"picked":"SKIP","floor":21.0},{"not_picked":["Tttonst","CircusKnives","Crush","ClassAndRespect","FlyingSword","UpbeatPerformance","PreemptiveStrike","NightInTheBackstreets","Cruelty"],"picked":"UncannyStrike","floor":23.0},{"not_picked":["PreemptiveStrike","Quickness+1","EndlessBattle","AlloutWar","HighKick","TendonChords","ReadyUp","FleetEdge","SuppressingShot+1","QuickAttack"],"picked":"SKIP","floor":25.0},{"not_picked":["StructuralAnalysis","Multislash","Collision","AsThePrescriptOrders","Diversion","Thrust+1","DarkCloud","TraceOfFumes","SharpSwipe"],"picked":"AbsorbImpact+1","floor":29.0},{"not_picked":["MultiBlock","GuardingStance","Diversion+1","CumulusWall","FeelinGood","TendonChords","LoosenUp","NightInTheBackstreets","RatsGuideToSurvival","Guardian_lor"],"picked":"SKIP","floor":30.0},{"not_picked":["PreemptiveStrike","StrongStrike","TendonChords+1","SuppressingShot","Diversion+1","Outburst","FervidEmotions","SpearedSweep","FleetEdge"],"picked":"ToOvercomeCrisis","floor":35.0},{"not_picked":["Thrust","Slice_lor+1","AsThePrescriptOrders","PreemptiveStrike","ClassAndRespect","EndlessBattle","SpearedSweep","NonstopAssault","FleshFillet","AGoldenOpportunity+1"],"picked":"SKIP","floor":37.0},{"not_picked":["Faith","EnergyShield","Parry","NonstopAssault","EmotionalTurbulence","FleetEdge","SturdyDefense","NightInTheBackstreets","SmokingPipe"],"picked":"Reload","floor":38.0},{"not_picked":["Thrust","SmokingPipe","CircusKnives","TendonChords","RulesOfTheBackstreets","TheRedNotes","Multislash","BackAttack","BlazingStrike"],"picked":"Overcharge","floor":40.0},{"not_picked":["EnergyShield","BladeWhirl+1","Standoff","SunsetBlade","Observe","EndlessBattle+1","YouOnlyLiveOnce","DarkCloud","DaringDecision","ToWhereThePrescriptPoints"],"picked":"SKIP","floor":42},{"not_picked":["ClassAndRespect+1","FleetEdge","DaringDecision","Leap_lor","Thrust+1","WillProduceFineSilk","HandleRequest","StrongStrike","FierceCharge+1","Faith+1"],"picked":"SKIP","floor":44},{"not_picked":["Reload+1","PuppetBlockade","EnergyShield+1","BiteOff","GuidanceOfTheGears+1","WillOfThePrescript","MultiHit","Thrust+1","StructuralAnalysis","DesperateStruggle"],"picked":"SKIP","floor":46},{"not_picked":["StructuralAnalysis+1","HighSpeedStabbing","SummaryJudgment","EnergyShield+1","SearingSword","Suppress","FleetFootsteps","InkOver","DefenseOrder+1","EnergyConversion+1"],"picked":"SKIP","floor":47},{"not_picked":["CircusKnives+1","LoosenUp","FleetEdge","FlyingSword","ForTheFamily","Rampage_lor","Preparation","FlashOfSunup","SmokingPipe","Bvapour"],"picked":"SKIP","floor":48},{"not_picked":["DefenseOrder","FleetEdge+1","Unlock1","FierceCharge+1","Multislash","NightInTheBackstreets","IngredientHunt","CutIn","StructuralAnalysis+1"],"picked":"FlamingDragonFist","floor":56}],"player_experience":349354,"relics_obtained":[{"floor":1.0,"key":"Question Card"},{"floor":1.0,"key":"LetterFromLob"},{"floor":6.0,"key":"PageOfSingingMachine"},{"floor":13.0,"key":"PokeGo"},{"floor":16.0,"key":"ImportantClient"},{"floor":19.0,"key":"Enchiridion"},{"floor":23.0,"key":"SteamSale"},{"floor":25.0,"key":"testmod-InjuryResistance"},{"floor":26.0,"key":"DemoMod:PoisonVial"},{"floor":27.0,"key":"PageOfScorchedGirl"},{"floor":30.0,"key":"Juzu Bracelet"},{"floor":40.0,"key":"DemoMod:DecoyRelic"},{"floor":42,"key":"PageOfSpiderBud"},{"floor":43,"key":"DoctorsRemote"},{"floor":44,"key":"PageOfForsakenMurderer"},{"floor":47,"key":"ImprovedEquipment"},{"floor":56,"key":"ReplayFunnel"}],"event_choices":[{"damage_healed":0.0,"max_hp_gain":5.0,"max_hp_loss":0.0,"gold_gain":0.0,"event_name":"Big Fish","player_choice":"Donut","floor":2.0,"gold_loss":0.0,"damage_taken":0.0},{"damage_healed":0.0,"max_hp_gain":0.0,"max_hp_loss":0.0,"gold_gain":0.0,"event_name":"Cursed Tome","player_choice":"Obtained Book","floor":19.0,"gold_loss":0.0,"damage_taken":21.0},{"cards_removed":["FocusedStrikes"],"damage_healed":0.0,"max_hp_gain":0.0,"max_hp_loss":0.0,"gold_gain":0.0,"event_name":"Beggar","player_choice":"Gave Gold","floor":22.0,"gold_loss":75.0,"damage_taken":0.0},{"damage_healed":0.0,"max_hp_gain":0.0,"max_hp_loss":0.0,"gold_gain":0.0,"event_name":"Ghosts","player_choice":"Ignored","floor":31.0,"gold_loss":0.0,"damage_taken":0.0},{"damage_healed":0,"gold_gain":0,"player_choice":"Gave Potion","damage_taken":0,"relics_obtained":["ShirouKen"],"max_hp_gain":0,"max_hp_loss":0,"event_name":"WeMeetAgain","floor":45,"gold_loss":0}],"is_beta":false,"boss_relics":[{"not_picked":["BirthdayGift-Icosahedron","ReplayTheSpireMod:DimensionalGlitch"],"picked":"Empty Cage"},{"not_picked":[]},{"not_picked":["Snecko Heart","Astrolabe"],"picked":"testmod-SaigiyounoYou"},{"not_picked":[]}],"items_purged_floors":[17,39,55],"is_endless":false,"potions_floor_spawned":[4,5,6,16,18,29,33,35,42,47,48,56],"killed_by":"LittleHush","ascension_level":20}}