{"host":"29mhc2ja7u6lu5r0","time":1608561967,"event":{"mods":["AchievementEnabler","BaseMod","Block Reminder","Colored Map","Colored Powertips","Highlight Path","Minty Spire (QoL Compilation)","Quick Restart","SuperFastMode","slay the spire mod where everything is the same but ironclad has a cowboy hat"],"gold_per_floor":[116,116,129,142,162,187,187,487,487,502,41,58,58,58,58,132,132,132,132],"floor_reached":18,"playtime":1720,"items_purged":["Regret"],"score":324,"play_id":"3539fd06-3de6-4a67-9692-fedaaf17f83c","local_time":"20201221174607","is_ascension_mode":true,"campfire_choices":[{"data":"Dualcast","floor":7,"key":"SMITH"},{"data":"Loop","floor":13,"key":"SMITH"},{"data":"White Noise","floor":15,"key":"SMITH"}],"circlet_count":0,"master_deck":["AscendersBane","Strike_B","Strike_B","Strike_B","Defend_B","Defend_B","Defend_B","Defend_B","Zap+1","Dualcast+1","Barrage","Cold Snap","Tempest","Self Repair","Coolheaded","White Noise+1","Conserve Battery","Go for the Eyes","Loop+1","Electrodynamics"],"relics":["Cracked Core","Bag of Marbles","Old Coin","White Beast Statue","Pantograph","Question Card","Snecko Eye"],"acts_visited":["Exordium","TheCity"],"potions_floor_usage":[6,16],"damage_taken":[{"damage":12,"enemies":"2 Louse","floor":1,"turns":3},{"damage":0,"enemies":"Cultist","floor":3,"turns":3},{"damage":7,"enemies":"Jaw Worm","floor":4,"turns":3},{"damage":6,"enemies":"Exordium Wildlife","floor":5,"turns":3},{"damage":15,"enemies":"3 Sentries","floor":6,"turns":4},{"damage":11,"enemies":"Blue Slaver","floor":10,"turns":3},{"damage":5,"enemies":"Large Slime","floor":12,"turns":5},{"damage":34,"enemies":"The Guardian","floor":16,"turns":12},{"damage":62,"enemies":"Shell Parasite","floor":18,"turns":8}],"seed_played":"2323030815759641048","potions_obtained":[{"floor":5,"key":"PowerPotion"},{"floor":10,"key":"SteroidPotion"},{"floor":12,"key":"EssenceOfSteel"},{"floor":16,"key":"Dexterity Potion"}],"is_trial":false,"path_per_floor":["M","?","M","M","M","E","R","?","T","M","$","M","R","T","R","B",null,"M"],"character_chosen":"DEFECT","items_purchased":["Conserve Battery","Pantograph","Go for the Eyes"],"campfire_rested":0,"item_purchase_floors":[11,11,11],"current_hp_per_floor":[52,52,52,45,39,31,31,31,31,27,27,29,29,29,29,27,60,0,0],"gold":132,"neow_bonus":"UPGRADE_CARD","is_daily":false,"chose_seed":false,"campfire_upgraded":3,"win_rate":0.0,"timestamp":1608561967,"path_taken":["M","?","M","M","?","E","R","?","T","M","$","M","R","?","R","BOSS","M"],"items_purchased_type":["Card","Relic","Card"],"build_version":"2020-12-13","purchased_purges":1,"victory":false,"max_hp_per_floor":[71,71,71,71,71,71,71,71,71,71,71,71,71,71,71,71,71,71,71],"card_choices":[{"not_picked":["Stack","Gash"],"picked":"Barrage","floor":1},{"not_picked":["Sweeping Beam","Steam"],"picked":"Cold Snap","floor":3},{"not_picked":["Turbo","Double Energy"],"picked":"Tempest","floor":4},{"not_picked":["Chill","Leap"],"picked":"Self Repair","floor":5},{"not_picked":["Amplify","Hologram"],"picked":"Coolheaded","floor":6},{"not_picked":["Cold Snap","Aggregate"],"picked":"White Noise","floor":10},{"not_picked":["Genetic Algorithm","Cold Snap"],"picked":"Loop","floor":12},{"not_picked":["Buffer","Reboot","Amplify"],"picked":"Electrodynamics","floor":16}],"player_experience":968570,"relics_obtained":[{"floor":6,"key":"Bag of Marbles"},{"floor":9,"key":"White Beast Statue"},{"floor":14,"key":"Question Card"}],"event_choices":[{"cards_removed":["Strike_B"],"damage_healed":0,"gold_gain":0,"player_choice":"Purged","damage_taken":0,"max_hp_gain":0,"max_hp_loss":0,"event_name":"Purifier","floor":2,"gold_loss":0},{"damage_healed":0,"gold_gain":0,"player_choice":"Box","damage_taken":0,"relics_obtained":["Old Coin"],"max_hp_gain":0,"max_hp_loss":0,"event_name":"Big Fish","floor":8,"gold_loss":0,"cards_obtained":["Regret"]}],"is_beta":false,"boss_relics":[{"not_picked":["Black Star","Fusion Hammer"],"picked":"Snecko Eye"}],"items_purged_floors":[11],"is_endless":false,"potions_floor_spawned":[5,10,12,16],"killed_by":"Shell Parasite","ascension_level":20}}