{"host":"llpusn9usp8rznkj","time":1608531305,"event":{"mods":["2.2 Compatiblity","BaseMod","Colored Map","Colored Powertips","Conspire","Downfall","Hubris","Minty Spire (QoL Compilation)","Rare Cards Sparkle","Replay The Spire","StSLib","The Cursed"],"gold_per_floor":[113,35,45,93,73,98,111,140,140,140,155,180,198,209,209,209,209],"floor_reached":16,"playtime":600,"items_purged":[],"score":294,"play_id":"8504495c-ff21-4915-a12c-3f69c2fa156a","local_time":"20201221011505","is_ascension_mode":true,"campfire_choices":[{"floor":15,"key":"REST"}],"circlet_count":0,"master_deck":["AscendersBane","Strike_G","Strike_G","Strike_G","Strike_G","Defend_G","Defend_G","Defend_G","Defend_G","Defend_G","Survivor","Neutralize","ReplayTheSpireMod:Speed Training","PiercingWail","Bouncing Flask","Blur","Blade Dance","Backflip","Flying Knee","Blade Dance","Blade Dance"],"relics":["Ring of the Snake","NeowsBlessing","Boot","Darkstone Periapt","Bag of Preparation","Toy Ornithopter","InkBottle","hubris:Metronome"],"acts_visited":["Exordium"],"potions_floor_usage":[8,8,13],"damage_taken":[{"damage":0,"enemies":"2 Louse","floor":1,"turns":1},{"damage":0,"enemies":"Cultist","floor":3,"turns":1},{"damage":0,"enemies":"3 Sentries","floor":6,"turns":1},{"damage":0,"enemies":"Small Slimes","floor":7,"turns":3},{"damage":11,"enemies":"Gremlin Nob","floor":8,"turns":3},{"damage":0,"enemies":"Red Slaver","floor":11,"turns":5},{"damage":13,"enemies":"Lagavulin","floor":12,"turns":7},{"damage":2,"enemies":"Large Slime","floor":13,"turns":3},{"damage":0,"enemies":"Lots of Slimes","floor":14,"turns":3},{"damage":46,"enemies":"Fading Forest","floor":16,"turns":7}],"seed_played":"-3591237500562108734","potions_obtained":[{"floor":1,"key":"champ:CounterPotion"},{"floor":3,"key":"CunningPotion"},{"floor":12,"key":"champ:CounterPotion"}],"is_trial":false,"path_per_floor":["M","?","M","?","?","E","M","E","T","?","M","E","M","M","R","B"],"character_chosen":"THE_SILENT","items_purchased":[],"campfire_rested":1,"item_purchase_floors":[],"current_hp_per_floor":[59,59,59,38,38,38,38,27,27,27,27,14,17,17,36,0,0],"gold":209,"neow_bonus":"THREE_ENEMY_KILL","is_daily":false,"chose_seed":false,"campfire_upgraded":0,"win_rate":0.0,"timestamp":1608531305,"path_taken":["M","?","?","?","?","E","?","E","T","?","M","E","M","?","R","BOSS"],"items_purchased_type":[],"build_version":"2020-12-13","purchased_purges":0,"victory":false,"max_hp_per_floor":[66,66,66,66,66,66,66,66,66,66,66,66,66,66,66,66,66],"card_choices":[{"not_picked":["ReplayTheSpireMod:Shiv Toss","Dodge and Roll"],"picked":"ReplayTheSpireMod:Speed Training","floor":1},{"not_picked":["Outmaneuver","Dodge and Roll"],"picked":"PiercingWail","floor":3},{"not_picked":["Cloak And Dagger","Bane"],"picked":"Bouncing Flask","floor":4},{"not_picked":["Footwork","Cloak And Dagger"],"picked":"Blur","floor":6},{"not_picked":["Dagger Spray","Quick Slash"],"picked":"Blade Dance","floor":7},{"not_picked":["Flying Knee","Hidden Blade"],"picked":"Backflip","floor":8},{"not_picked":["Atom Bomb","Fluid Movement"],"picked":"Flying Knee","floor":11},{"not_picked":["hubris:SlightOfHand","Prepared"],"picked":"Blade Dance","floor":12},{"not_picked":["Bouncing Flask","Cloak And Dagger"],"picked":"Blade Dance","floor":13},{"not_picked":["Dodge and Roll","Storm of Steel","Slice"],"picked":"SKIP","floor":14}],"player_experience":1104130,"relics_obtained":[{"floor":4,"key":"Darkstone Periapt"},{"floor":6,"key":"Bag of Preparation"},{"floor":8,"key":"Toy Ornithopter"},{"floor":9,"key":"InkBottle"},{"floor":12,"key":"hubris:Metronome"}],"event_choices":[{"damage_healed":0,"gold_gain":0,"player_choice":"Paid Gold","damage_taken":0,"relics_obtained":["Boot"],"max_hp_gain":0,"max_hp_loss":0,"event_name":"WeMeetAgain","floor":2,"gold_loss":78},{"damage_healed":0,"gold_gain":0,"player_choice":"Bought 1 Potion","damage_taken":0,"max_hp_gain":0,"max_hp_loss":0,"event_name":"The Woman in Blue","floor":5,"gold_loss":0},{"cards_removed":["Strike_G"],"damage_healed":0,"gold_gain":0,"player_choice":"Purged","damage_taken":0,"max_hp_gain":0,"max_hp_loss":0,"event_name":"Purifier","floor":10,"gold_loss":0}],"is_beta":false,"boss_relics":[],"items_purged_floors":[],"is_endless":false,"potions_floor_spawned":[1,3,12],"killed_by":"Fading Forest","ascension_level":20}}