{"host":"tvwbxqry54t86y0v","time":1608536094,"event":{"mods":["2.2 Compatiblity","A Magickal Journey","Astrologer","BaseMod","Beaked The Cultist","BetterRewards","Block Reminder","Clockwork Mod","Colored Powertips","DeckTracker","Downfall","GungeonMod","Hermit","Hubris","Infinite Spire","Ironclad Rager","Marked Mod","Mimic Mod","Minty Spire (QoL Compilation)","Potionbrewer","Replay The Spire","Shade Mod","Somnambulant","StSLib","The Bug Knight","The Cursed","The Druid","The Elementalist","The Exalted","The Forsaken","The Hierophant","The Jungle","The Mystic","The Problem Sleuth","The Runesmith","The Senshi","The Spell Scribe","The Valiant","The Wild Card","TheFirefly","TheHeartMod","Unceasing Turn Reminder","thorton"],"gold_per_floor":[99,99,131,131,181,197,197,229,229,229,245,258,258,104,115,220,220,220,220,220,220,272,272,386,386,402,448,476,162,177,192,211,359,359,359,359,113,164,164,164,164],"floor_reached":39,"playtime":2347,"items_purged":[],"score":458,"play_id":"55740924-50ed-4566-85fd-d2858143f234","local_time":"20201221183454","is_ascension_mode":false,"campfire_choices":[{"data":"champ:Taunt","floor":1,"key":"SMITH"},{"data":"champ:Duel","floor":10,"key":"SMITH"},{"data":"champ:MurderStrike","floor":18,"key":"SMITH"},{"data":"champ:EnGarde","floor":20,"key":"SMITH"},{"data":"champ:StrikeOfGenius","floor":25,"key":"SMITH"},{"data":"champ:FocusedDefense","floor":35,"key":"SMITH"}],"circlet_count":0,"master_deck":["champ:Strike+1","champ:Strike+1","champ:Strike+1","champ:Strike+1","champ:Defend+1","champ:Defend+1","champ:Defend+1","champ:Defend+1","champ:Execute","champ:Taunt+1","champ:Riposte","champ:ShieldSlam","champ:FlashCut","champ:Duel+1","champ:IronFortress","champ:FocusedDefense+1","champ:BladeFlurry","champ:BringItOn","champ:MurderStrike+1","champ:EnGarde+1","champ:StrikeOfGenius+1","champ:BringItOn","champ:Circumvent","champ:FocusedDefense","champ:StanceDance+1","champ:IronFortress","champ:ViciousMockery","champ:FalseCounter","champ:FocusedDefense","champ:DefensiveShout+1"],"relics":["champ:ChampionCrown","downfall:HeartsMalice","Guardian:PocketSentry","Winged Necklace","Bag of Marbles","downfall:ShatteredFragment","thethorton:GreedFountain","theForsaken:ScaryMask","theSleuth:SaltedMelon","theSleuth:SaltedMelon","Ornamental Fan","Blue Candle","Calipers","Art of War","thethorton:CrushedCigarette","hubris:Towel","Medical Kit","Shuriken"],"acts_visited":["Exordium","TheCity","TheBeyond"],"potions_floor_usage":[8,16,29,33,33],"damage_taken":[{"damage":0,"enemies":"2 Louse","floor":2,"turns":1},{"damage":0,"enemies":"Lagavulin","floor":3,"turns":1},{"damage":0,"enemies":"Jaw Worm","floor":4,"turns":1},{"damage":0,"enemies":"Small Slimes","floor":6,"turns":2},{"damage":26,"enemies":"3 Sentries","floor":8,"turns":7},{"damage":6,"enemies":"Exordium Wildlife","floor":11,"turns":5},{"damage":3,"enemies":"Blue Slaver","floor":12,"turns":3},{"damage":0,"enemies":"downfall:FleeingMerchant","floor":14,"turns":4},{"damage":0,"enemies":"3 Louse","floor":15,"turns":3},{"damage":4,"enemies":"downfall:Ironclad","floor":16,"turns":8},{"damage":7,"enemies":"Shell Parasite","floor":22,"turns":7},{"damage":1,"enemies":"Shell Parasite","floor":26,"turns":4},{"damage":28,"enemies":"Gremlin Leader","floor":27,"turns":7},{"damage":15,"enemies":"Shelled Parasite and Fungi","floor":28,"turns":5},{"damage":5,"enemies":"downfall:FleeingMerchant","floor":29,"turns":4},{"damage":0,"enemies":"Snecko","floor":30,"turns":3},{"damage":25,"enemies":"3 Cultists","floor":31,"turns":6},{"damage":0,"enemies":"Snake Plant","floor":32,"turns":4},{"damage":6,"enemies":"downfall:Silent","floor":33,"turns":9},{"damage":5,"enemies":"downfall:FleeingMerchant","floor":37,"turns":4},{"damage":38,"enemies":"Nemesis","floor":38,"turns":9},{"damage":27,"enemies":"3 Darklings","floor":39,"turns":3}],"seed_played":"2108785167089719413","potions_obtained":[{"floor":3,"key":"Fire Potion"},{"floor":6,"key":"potionbrewer:DiscountPotion"},{"floor":8,"key":"potionbrewer:CleansingPotion"},{"floor":15,"key":"SkillPotion"},{"floor":28,"key":"DistilledChaos"},{"floor":31,"key":"DemoMod:LeadSkinPotion"}],"is_trial":false,"path_per_floor":["R","M","E","M","?","M","T","E","?","R","M","M","?","$","M","B",null,"R","?","R","?","MIM","?","T","R","M","E","M","$","M","M","M","B",null,"R","?","$","E","M"],"character_chosen":"THE_CHAMP","items_purchased":["champ:MurderStrike","champ:IronFortress","Art of War","champ:ViciousMockery","champ:FocusedDefense","Medical Kit"],"campfire_rested":0,"item_purchase_floors":[14,29,29,29,37,37],"current_hp_per_floor":[90,90,90,90,90,90,90,74,74,74,68,65,38,38,38,34,90,90,90,90,90,86,86,86,88,87,65,50,50,50,25,25,19,92,94,94,94,56,29,29,29],"gold":164,"neow_bonus":"THREE_ENEMY_KILL","is_daily":false,"chose_seed":false,"campfire_upgraded":6,"win_rate":0.0,"timestamp":1608536094,"path_taken":["R","M","E","M","?","M","T","E","?","R","M","M","?","$","M","BOSS","R","?","R","?","?","?","T","R","M","E","M","?","M","M","M","BOSS","R","?","$","E","M"],"items_purchased_type":["Card","Card","Relic","Card","Card","Relic"],"build_version":"2020-12-13","purchased_purges":0,"victory":false,"max_hp_per_floor":[90,90,90,90,90,90,90,90,90,90,90,90,90,90,90,90,90,90,90,90,90,90,90,90,92,92,92,92,92,92,92,92,92,92,94,94,94,94,94,94,94],"card_choices":[{"not_picked":["champ:Encircle","champ:BringItOn"],"picked":"champ:Riposte","floor":2},{"not_picked":["champ:PerfectedStrike","champ:GladiatorsShout"],"picked":"champ:ShieldSlam","floor":3},{"not_picked":["champ:EndlessRage","champ:GladiatorStyle"],"picked":"champ:FlashCut","floor":4},{"not_picked":["champ:TornadoPunch","champ:Encircle"],"picked":"champ:Duel","floor":6},{"not_picked":["champ:RisingSlash","champ:Haymaker"],"picked":"champ:IronFortress","floor":8},{"not_picked":["champ:Encircle","champ:DefensiveShout"],"picked":"champ:FocusedDefense","floor":11},{"not_picked":["champ:FightOn","champ:StanceDance"],"picked":"champ:BladeFlurry","floor":12},{"not_picked":["champ:CheapShot","champ:DeathBlow"],"picked":"champ:BringItOn","floor":14},{"not_picked":["champ:Circumvent","champ:FocusedBerserking"],"picked":"champ:EnGarde","floor":15},{"not_picked":["champ:LastStand","champ:SwordThrow"],"picked":"champ:StrikeOfGenius","floor":16},{"not_picked":["champ:Circumvent","champ:FlashCut"],"picked":"champ:BringItOn","floor":22},{"not_picked":["champ:Backstep","champ:AdrenalArmor"],"picked":"champ:Circumvent","floor":26},{"not_picked":["champ:StanceDance","champ:Duel"],"picked":"champ:FocusedDefense","floor":27},{"not_picked":["champ:DeathBlow","champ:PerfectedStrike","champ:BladeFlurry"],"picked":"SKIP","floor":28},{"not_picked":["champ:BladeFlurry","champ:DeathBlow"],"picked":"champ:StanceDance+1","floor":29},{"not_picked":["champ:FocusedBerserking","champ:Haymaker","champ:Encircle"],"picked":"SKIP","floor":30},{"not_picked":["champ:BladeFlurry","champ:StanceDance+1","champ:PreciseThrust"],"picked":"SKIP","floor":31},{"not_picked":["champ:RecklessLeap","champ:BladeFlurry"],"picked":"champ:FalseCounter","floor":32},{"not_picked":["champ:RisingSlash+1","champ:BladeFlurry+1","champ:GladiatorsShout"],"picked":"SKIP","floor":37},{"not_picked":["champ:VampiricStrike","champ:FlashCut"],"picked":"champ:DefensiveShout+1","floor":38}],"player_experience":1055536,"relics_obtained":[{"floor":3,"key":"Guardian:PocketSentry"},{"floor":7,"key":"Winged Necklace"},{"floor":8,"key":"Bag of Marbles"},{"floor":22,"key":"Ornamental Fan"},{"floor":24,"key":"Blue Candle"},{"floor":27,"key":"Calipers"},{"floor":38,"key":"Shuriken"}],"event_choices":[{"damage_healed":0,"gold_gain":0,"player_choice":"Simplicity","damage_taken":0,"max_hp_gain":0,"max_hp_loss":0,"event_name":"Back to Basics","floor":23,"gold_loss":0,"cards_upgraded":["champ:Strike","champ:Strike","champ:Strike","champ:Defend","champ:Defend","champ:Defend","champ:Defend"]}],"is_beta":false,"boss_relics":[{"not_picked":["ReplayTheSpireMod:DimensionalGlitch","hubris:Stopwatch"],"picked":"thethorton:GreedFountain"},{"not_picked":["hubris:VirtuousBlindfold","theForsaken:PaleLantern"],"picked":"thethorton:CrushedCigarette"}],"items_purged_floors":[],"is_endless":false,"potions_floor_spawned":[3,6,8,15,28,31,32],"killed_by":"3 Darklings","ascension_level":0}}