{"host":"uv231blk40vjdojr","time":1608550758,"event":{"mods":["BaseMod","Minty Spire (QoL Compilation)","Relic Stats"],"gold_per_floor":[13,23,23,39,114,114,127,127,176,176,194,225,225,244,244,323,323,335,354,10,26,43,43,74,0,49,67,67,67,1,31,31,31,31],"floor_reached":33,"playtime":1361,"items_purged":["Strike_B"],"score":624,"play_id":"64b378db-3cdf-4331-b263-3d3b21f95953","local_time":"20201221123918","is_ascension_mode":true,"campfire_choices":[{"data":"Sweeping Beam","floor":6,"key":"SMITH"},{"data":"Dualcast","floor":8,"key":"SMITH"},{"data":"Zap","floor":10,"key":"SMITH"},{"data":"Sunder","floor":13,"key":"SMITH"},{"data":"Doom and Gloom","floor":15,"key":"SMITH"},{"floor":23,"key":"REST"},{"floor":28,"key":"REST"},{"floor":32,"key":"REST"}],"circlet_count":0,"master_deck":["AscendersBane","Strike_B","Strike_B","Strike_B","Defend_B","Defend_B","Defend_B","Defend_B","Zap+1","Dualcast+1","Coolheaded","Ball Lightning+1","Sweeping Beam+1","Reboot","Doom and Gloom+1","Sunder+1","Rainbow","Auto Shields","Defragment+1","Chill","Conserve Battery"],"relics":["Cracked Core","Incense Burner","Strawberry","Omamori","Busted Crown","Membership Card","Frozen Egg 2","DataDisk","PreservedInsect","Ice Cream"],"acts_visited":["Exordium","TheCity"],"potions_floor_usage":[7,12,21,22,24,27],"damage_taken":[{"damage":7,"enemies":"Small Slimes","floor":1,"turns":3},{"damage":5,"enemies":"Jaw Worm","floor":2,"turns":5},{"damage":1,"enemies":"Cultist","floor":4,"turns":3},{"damage":0,"enemies":"Exordium Wildlife","floor":7,"turns":3},{"damage":15,"enemies":"Gremlin Gang","floor":11,"turns":3},{"damage":25,"enemies":"Lagavulin","floor":12,"turns":4},{"damage":0,"enemies":"Large Slime","floor":14,"turns":2},{"damage":20,"enemies":"Slime Boss","floor":16,"turns":6},{"damage":4,"enemies":"3 Byrds","floor":18,"turns":4},{"damage":6,"enemies":"Spheric Guardian","floor":19,"turns":3},{"damage":12,"enemies":"Centurion and Healer","floor":21,"turns":4},{"damage":18,"enemies":"Snecko","floor":22,"turns":4},{"damage":36,"enemies":"Book of Stabbing","floor":24,"turns":4},{"damage":7,"enemies":"Shelled Parasite and Fungi","floor":27,"turns":5},{"damage":0,"enemies":"Slavers","floor":31,"turns":4},{"damage":65,"enemies":"Champ","floor":33,"turns":10}],"seed_played":"1169906902462562186","potions_obtained":[{"floor":4,"key":"Regen Potion"},{"floor":7,"key":"Fruit Juice"},{"floor":14,"key":"AttackPotion"},{"floor":19,"key":"LiquidMemories"},{"floor":22,"key":"AttackPotion"},{"floor":24,"key":"SkillPotion"}],"is_trial":false,"path_per_floor":["M","M","?","M","?","R","M","R","T","R","M","E","R","M","R","B",null,"M","M","$","M","M","R","E","?","T","M","R","$","$","E","R","B"],"character_chosen":"DEFECT","items_purchased":["Membership Card","Frozen Egg 2","Defragment+1","Conserve Battery"],"campfire_rested":3,"item_purchase_floors":[20,20,20,30],"current_hp_per_floor":[57,52,52,51,40,40,45,45,52,52,37,24,24,24,24,4,63,59,53,53,41,23,47,11,11,11,4,28,28,28,28,52,0,0],"gold":31,"neow_bonus":"ONE_RARE_RELIC","is_daily":false,"chose_seed":false,"campfire_upgraded":5,"win_rate":0.0,"timestamp":1608550758,"path_taken":["M","M","?","M","?","R","M","R","T","R","M","E","R","M","R","BOSS","M","M","$","M","M","R","E","?","T","M","R","?","$","E","R","BOSS"],"items_purchased_type":["Relic","Relic","Card","Card"],"build_version":"2020-12-13","purchased_purges":1,"victory":false,"max_hp_per_floor":[71,71,71,71,71,71,76,76,83,83,83,83,83,83,83,83,83,83,83,83,83,83,83,83,83,83,83,83,83,83,83,83,83,83],"relic_stats":{"Busted Crown":14,"counters":[16,67],"PreservedInsect":42,"obtain_stats":[{"Ice Cream":31,"DataDisk":24,"Busted Crown":17,"Strawberry":9,"PreservedInsect":26,"Incense Burner":0,"Omamori":12,"Membership Card":20,"Frozen Egg 2":20,"Cracked Core":0},{"Ice Cream":15,"DataDisk":13,"Busted Crown":8,"Strawberry":4,"PreservedInsect":13,"Incense Burner":0,"Omamori":6,"Membership Card":10,"Frozen Egg 2":10,"Cracked Core":0},{"Ice Cream":57,"DataDisk":48,"Busted Crown":29,"Strawberry":14,"PreservedInsect":48,"Incense Burner":0,"Omamori":21,"Membership Card":36,"Frozen Egg 2":36,"Cracked Core":0}]},"card_choices":[{"not_picked":["Aggregate","Hologram"],"picked":"Coolheaded","floor":1},{"not_picked":["Stack","Genetic Algorithm"],"picked":"Ball Lightning","floor":2},{"not_picked":["Steam","Skim"],"picked":"Sweeping Beam","floor":4},{"not_picked":["Capacitor","Storm"],"picked":"Reboot","floor":7},{"not_picked":["Hologram","Compile Driver"],"picked":"Doom and Gloom","floor":11},{"not_picked":["Barrage","Meteor Strike"],"picked":"Sunder","floor":12},{"not_picked":["Force Field","Storm","Hologram"],"picked":"SKIP","floor":14},{"not_picked":["Creative AI","Thunder Strike"],"picked":"Rainbow","floor":16},{"not_picked":[],"picked":"Auto Shields","floor":18},{"not_picked":["Barrage"],"picked":"SKIP","floor":19},{"not_picked":["Gash"],"picked":"SKIP","floor":21},{"not_picked":[],"picked":"Chill","floor":22},{"not_picked":["Gash"],"picked":"SKIP","floor":24},{"not_picked":["Redo"],"picked":"SKIP","floor":27},{"not_picked":["Cold Snap"],"picked":"SKIP","floor":31}],"player_experience":516499,"relics_obtained":[{"floor":9,"key":"Strawberry"},{"floor":12,"key":"Omamori"},{"floor":24,"key":"DataDisk"},{"floor":26,"key":"PreservedInsect"},{"floor":31,"key":"Ice Cream"}],"event_choices":[{"damage_healed":0,"gold_gain":0,"player_choice":"Grow","damage_taken":0,"max_hp_gain":0,"max_hp_loss":0,"event_name":"Living Wall","floor":3,"gold_loss":0,"cards_upgraded":["Ball Lightning"]},{"damage_healed":0,"gold_gain":75,"player_choice":"Gather Gold","damage_taken":11,"max_hp_gain":0,"max_hp_loss":0,"event_name":"World of Goop","floor":5,"gold_loss":0},{"damage_healed":0,"gold_gain":0,"player_choice":"Paid Fearfully","damage_taken":0,"max_hp_gain":0,"max_hp_loss":0,"event_name":"Masked Bandits","floor":25,"gold_loss":74}],"is_beta":false,"boss_relics":[{"not_picked":["Nuclear Battery","Astrolabe"],"picked":"Busted Crown"}],"items_purged_floors":[30],"is_endless":false,"potions_floor_spawned":[4,7,14,19,22,24],"killed_by":"Champ","ascension_level":20}}