{"host":"8e68pzgs4bln6t6e","time":1608572150,"event":{"mods":["AchievementEnabler","Act Like it!","BaseMod","Better Note","BetterRewards","Colored Powertips","Googly Eyes","Hallownest","Hubris","Infinite Spire","Jorbs\u0027s Wanderer Trilogy","Marisa????????","Minty Spire (QoL Compilation)","Quick Restart","Rare Cards Sparkle","Replay The Spire","Shop Mod","StSLib","The Animator","The Bug Knight","The Cursed","The Disciple","The Hierophant","The Servant 0.9.4"],"gold_per_floor":[116,116,146,161,116,116,159,208,254,285,308,308,0,0,0,120,120,135,135,158,183,12,12,43,58,58,58,73,94,94,107,107,107,107],"floor_reached":33,"playtime":2160,"items_purged":[],"score":340,"play_id":"f8c8b9f8-e32d-40a9-bea0-b31278c587eb","local_time":"20201221183550","is_ascension_mode":true,"campfire_choices":[{"data":"Dagger Spray","floor":6,"key":"SMITH"},{"floor":12,"key":"REST"},{"floor":23,"key":"REST"},{"floor":32,"key":"REST"}],"circlet_count":0,"master_deck":["Strike_G","Strike_G","Strike_G","Strike_G","Strike_G+1","Defend_G","Defend_G","Defend_G","Defend_G","Survivor","Neutralize+1","Escape Plan","Toxin Wave","Prepared","Dagger Spray+1","Outmaneuver+1","Toxin Wave","hubris:SlightOfHand","Corpse Explosion+1","Backstab+1","Underhanded Strike+1","Eviscerate","Dagger Spray+1","Bane+1","Crippling Poison","Violence","After Image","Fluid Movement","Catalyst+1","ReplayTheSpireMod:Black Plague+1","Dodge and Roll+1","Bouncing Flask+1","Bouncing Flask+1","Dodge and Roll+1","Prepared+1","Replay:Poison Smokescreen+1"],"relics":["Ring of the Snake","NeowsBlessing","Golden Idol","hubris:CuriousFeather","Anchor","Whetstone","Bag of Marbles","infinitespire:EmpoweringShard","Prayer Wheel","ReplayTheSpireMod:DimensionalGlitch","Toxic Egg 2","TwistedFunnel"],"acts_visited":["Exordium","TheCity"],"potions_floor_usage":[16,24,28,33,33,33],"damage_taken":[{"damage":0,"enemies":"Cultist","floor":1,"turns":1},{"damage":0,"enemies":"2 Louse","floor":4,"turns":1},{"damage":0,"enemies":"Replay:BlueRogue","floor":7,"turns":1},{"damage":17,"enemies":"Lagavulin","floor":10,"turns":8},{"damage":0,"enemies":"Jaw Worm","floor":11,"turns":2},{"damage":35,"enemies":"The Guardian","floor":16,"turns":12},{"damage":15,"enemies":"3 Byrds","floor":18,"turns":3},{"damage":0,"enemies":"Shell Parasite","floor":20,"turns":2},{"damage":19,"enemies":"Sentry and Sphere","floor":21,"turns":4},{"damage":30,"enemies":"Gremlin Leader","floor":24,"turns":6},{"damage":30,"enemies":"Snake Plant","floor":25,"turns":4},{"damage":0,"enemies":"Centurion and Healer","floor":28,"turns":4},{"damage":0,"enemies":"Shelled Parasite and Fungi","floor":29,"turns":3},{"damage":0,"enemies":"Snecko","floor":31,"turns":2},{"damage":51,"enemies":"Automaton","floor":33,"turns":6}],"seed_played":"-5105096682693445940","potions_obtained":[{"floor":1,"key":"Elixir"},{"floor":4,"key":"AttackPotion"},{"floor":18,"key":"Explosive Potion"},{"floor":21,"key":"SpeedPotion"},{"floor":24,"key":"Fruit Juice"},{"floor":25,"key":"GamblersBrew"},{"floor":28,"key":"SkillPotion"}],"is_trial":false,"path_per_floor":["M","?","?","M","$","R","E","T","T","E","M","R","$","?","R","B",null,"M","?","M","M","$","R","E","M","T","AVR","M","M","?","M","R","B"],"character_chosen":"THE_SILENT","items_purchased":["Dagger Spray","Prayer Wheel","Violence"],"campfire_rested":3,"item_purchase_floors":[5,13,22],"current_hp_per_floor":[70,53,53,53,53,53,53,53,53,36,36,57,57,57,57,22,70,55,55,55,36,36,57,32,2,2,2,2,2,2,2,24,0,0],"gold":107,"neow_bonus":"THREE_ENEMY_KILL","is_daily":false,"chose_seed":false,"campfire_upgraded":1,"win_rate":0.0,"timestamp":1608572150,"path_taken":["M","?","?","M","?","R","E","?","T","E","M","R","$","?","R","BOSS","M","?","?","M","$","R","E","M","T","AVR","M","M","?","M","R","BOSS"],"items_purchased_type":["Card","Relic","Card"],"build_version":"2020-12-13","purchased_purges":0,"victory":false,"max_hp_per_floor":[70,70,70,70,70,70,70,70,70,70,70,70,70,70,70,70,70,70,70,70,70,70,70,75,75,75,75,75,75,75,75,75,75,75],"card_choices":[{"not_picked":["Dodge and Roll","Hidden Blade"],"picked":"Escape Plan","floor":1},{"not_picked":["Draining Mist","Slice"],"picked":"Toxin Wave","floor":3},{"not_picked":["Bane","Deadly Poison"],"picked":"Prepared","floor":4},{"not_picked":["Quick Slash","Catalyst","hubris:SlightOfHand"],"picked":"SKIP","floor":7},{"not_picked":["Poisoned Stab","Crippling Poison"],"picked":"Outmaneuver","floor":10},{"not_picked":["hubris:SlightOfHand","ReplayTheSpireMod:Shiv Toss"],"picked":"Toxin Wave","floor":11},{"not_picked":["ReplayTheSpireMod:Necrosis","After Image"],"picked":"Corpse Explosion","floor":16},{"not_picked":["Cloak And Dagger","hubris:Sniper"],"picked":"Backstab+1","floor":18},{"not_picked":["Dagger Spray","Expertise"],"picked":"Underhanded Strike+1","floor":18},{"not_picked":["Underhanded Strike","Reflex"],"picked":"Eviscerate","floor":20},{"not_picked":["Blade Dance+1","Underhanded Strike+1"],"picked":"Dagger Spray+1","floor":20},{"not_picked":["Tactician","Storm of Steel"],"picked":"Bane+1","floor":21},{"not_picked":["Cloak And Dagger","hubris:SlightOfHand"],"picked":"Crippling Poison","floor":21},{"not_picked":["Well Laid Plans","Endless Agony+1"],"picked":"After Image","floor":24},{"not_picked":["Well Laid Plans","Dagger Throw"],"picked":"Fluid Movement","floor":25},{"not_picked":["Flying Knee+1","Dagger Spray"],"picked":"Catalyst+1","floor":25},{"not_picked":["Footwork","Sucker Punch"],"picked":"Dodge and Roll+1","floor":28},{"not_picked":["Malaise+1","Deflect+1"],"picked":"Bouncing Flask+1","floor":28},{"not_picked":["Backflip+1","Endless Agony+1"],"picked":"Bouncing Flask+1","floor":29},{"not_picked":["Cloak And Dagger+1","Crippling Poison+1"],"picked":"Dodge and Roll+1","floor":29},{"not_picked":["Dagger Throw","Predator+1"],"picked":"Prepared+1","floor":31},{"not_picked":["Poisoned Stab","Draining Mist+1"],"picked":"Replay:Poison Smokescreen+1","floor":31}],"player_experience":204081,"relics_obtained":[{"floor":3,"key":"hubris:CuriousFeather"},{"floor":7,"key":"Anchor"},{"floor":8,"key":"Whetstone"},{"floor":9,"key":"Bag of Marbles"},{"floor":10,"key":"infinitespire:EmpoweringShard"},{"floor":24,"key":"Toxic Egg 2"}],"event_choices":[{"damage_healed":0,"gold_gain":0,"player_choice":"Take Damage","damage_taken":17,"relics_obtained":["Golden Idol"],"max_hp_gain":0,"max_hp_loss":0,"event_name":"Golden Idol","floor":2,"gold_loss":0},{"damage_healed":0,"gold_gain":0,"player_choice":"Forge","damage_taken":0,"max_hp_gain":0,"max_hp_loss":0,"event_name":"Accursed Blacksmith","floor":19,"gold_loss":0,"cards_upgraded":["Corpse Explosion"]}],"is_beta":false,"boss_relics":[{"not_picked":["ChewingGum","Kintsugi"],"picked":"ReplayTheSpireMod:DimensionalGlitch"}],"items_purged_floors":[],"is_endless":false,"potions_floor_spawned":[1,4,18,21,24,25,28],"killed_by":"Automaton","ascension_level":1}}