{"host":"njruw0b0uprlitpx","time":1608510578,"event":{"mods":["2.2 Compatiblity","BaseMod","Better Altar","Better Match","Better Note","Better Sensory Stone","Better Skull","Better Third Choice","Block Reminder","Colored Map","Colored Powertips","Downfall","Energized Spire","Jedi Mod","Keyboard Shortcuts","Minty Spire (QoL Compilation)","Quick Restart","Relic Stats","Replay The Spire","SacredBarkPlus","Spicy Shops","StSLib","SuperFastMode"],"gold_per_floor":[99,126,126,126,51,51,75,0,12,44,64,75,93,93,105,209,209,134,149,149,149,149,184,203,203,229,47,147,147,160,13,33,49,69,69,69],"floor_reached":35,"playtime":3020,"items_purged":["Languid"],"score":413,"play_id":"815f709b-7ea8-4553-8154-ceddee371558","local_time":"20201220182938","is_ascension_mode":true,"campfire_choices":[{"floor":1.0,"key":"RECALL"},{"data":"champ:HoldFirm","floor":5.0,"key":"SMITH"},{"data":"champ:FocusedDefense","floor":8.0,"key":"SMITH"},{"data":"champ:Improvising","floor":18,"key":"SMITH"},{"data":"champ:Haymaker","floor":22,"key":"SMITH"},{"data":"champ:EnGarde","floor":29,"key":"SMITH"}],"circlet_count":0,"master_deck":["champ:Strike","champ:Strike+1","champ:Strike","champ:Strike","champ:Defend","champ:Defend","champ:Defend","champ:Defend","champ:Execute","champ:Taunt+1","champ:HoldFirm+1","champ:PerfectedStrike","champ:FocusedDefense+1","champ:EnchantSword","champ:StanceDance","champ:Haymaker+1","champ:FlashCut+1","champ:Improvising+1","ReplayTheSpireMod:Splinters","jedi:thedog","champ:ArenaPreparation","champ:FalseCounter+1","champ:EnGarde+1","champ:LastStand","champ:Duel","champ:BringItOn","champ:EnchantShield","expansioncontent:Chronoboost","champ:DeathBlow","champ:PerfectedStrike","champ:TornadoPunch"],"relics":["champ:ChampionCrown","downfall:HeartsMalice","Strawberry","downfall:HeartBlessingRed","downfall:HeartBlessingBlue","jedi:archwizardhat","Replay:Ancient Bell","hexamod:BolsterEngine","StrikeDummy","jedi:gremlinknob","downfall:HeartBlessingGreen","Bottled Tornado","downfall:KnowingSkull","Whetstone","downfall:GremlinWheel"],"acts_visited":["Exordium","TheCity"],"potions_floor_usage":[23,23,28,31,34,35,35,35],"damage_taken":[{"damage":0.0,"enemies":"3 Sentries","floor":2.0,"turns":1.0},{"damage":0.0,"enemies":"Jaw Worm","floor":3.0,"turns":1.0},{"damage":0.0,"enemies":"Cultist","floor":6.0,"turns":1.0},{"damage":0.0,"enemies":"Small Slimes","floor":9.0,"turns":3.0},{"damage":2.0,"enemies":"Lagavulin","floor":10.0,"turns":8.0},{"damage":5.0,"enemies":"Exordium Thugs","floor":11.0,"turns":5.0},{"damage":15.0,"enemies":"2 Fungi Beasts","floor":12.0,"turns":4.0},{"damage":8.0,"enemies":"Large Slime","floor":13.0,"turns":5.0},{"damage":0.0,"enemies":"3 Louse","floor":15.0,"turns":5.0},{"damage":9.0,"enemies":"downfall:Silent","floor":16.0,"turns":12.0},{"damage":5,"enemies":"Spheric Guardian","floor":19,"turns":4},{"damage":49,"enemies":"Book of Stabbing","floor":23,"turns":4},{"damage":5,"enemies":"Snecko","floor":24,"turns":3},{"damage":29,"enemies":"downfall:FleeingMerchant","floor":27,"turns":4},{"damage":28,"enemies":"downfall:FleeingMerchant","floor":28,"turns":3},{"damage":39,"enemies":"Centurion and Healer","floor":30,"turns":5},{"damage":8,"enemies":"downfall:FleeingMerchant","floor":31,"turns":4},{"damage":10,"enemies":"3 Cultists","floor":32,"turns":4},{"damage":13,"enemies":"Snecko","floor":33,"turns":4},{"damage":17,"enemies":"Shelled Parasite and Fungi","floor":34,"turns":3},{"damage":41,"enemies":"downfall:Defect","floor":35,"turns":8}],"seed_played":"3839349973147492127","potions_obtained":[{"floor":2.0,"key":"Strength Potion"},{"floor":10.0,"key":"DistilledChaos"},{"floor":13.0,"key":"Explosive Potion"},{"floor":16.0,"key":"LifebloodPotion"},{"floor":19,"key":"Adrenaline Potion"},{"floor":23,"key":"LiquidMemories"},{"floor":24,"key":"Doom Potion"},{"floor":30,"key":"SkillPotion"},{"floor":33,"key":"champ:OpenerPotion"}],"is_trial":false,"path_per_floor":["R","E","M","?","R","M","T","R","M","E","M","M","M","?","M","B",null,"R","M","PTL","PTL","R","E","M","?","T","$","?","R","M","$","M","M","M","B"],"character_chosen":"THE_CHAMP","items_purchased":["champ:Duel","expansioncontent:Chronoboost"],"campfire_rested":0,"item_purchase_floors":[27,31],"current_hp_per_floor":[90,97,97,97,97,97,97,107,107,105,105,95,87,87,87,83,107,107,107,107,107,107,78,78,69,69,68,45,107,73,70,65,57,40,0,0],"gold":69,"neow_bonus":"THREE_ENEMY_KILL","is_daily":false,"chose_seed":false,"campfire_upgraded":5,"win_rate":0.0,"timestamp":1608510578,"path_taken":["R","E","M","?","R","M","T","R","M","E","M","?","M","?","M","BOSS","R","M","PTL","PTL","R","E","M","?","T","$","?","R","?","$","M","?","M","BOSS"],"items_purchased_type":["Card","Card"],"build_version":"2020-12-13","purchased_purges":1,"victory":false,"max_hp_per_floor":[90,97,97,97,97,97,97,107,107,107,107,107,107,107,107,107,107,107,107,107,107,107,107,107,107,107,107,107,107,107,107,107,107,107,107,107],"relic_stats":{"counters":[21,88],"Whetstone":["champ:Strike","champ:FlashCut"],"obtain_stats":[{"downfall:HeartBlessingRed":5,"jedi:gremlinknob":17,"champ:ChampionCrown":0,"downfall:HeartsMalice":0,"downfall:HeartBlessingGreen":18,"Replay:Ancient Bell":17,"Whetstone":26,"jedi:archwizardhat":10,"Bottled Tornado":23,"downfall:GremlinWheel":28,"downfall:HeartBlessingBlue":8,"Strawberry":2,"downfall:KnowingSkull":25,"hexamod:BolsterEngine":17,"StrikeDummy":17},{"downfall:HeartBlessingRed":2,"jedi:gremlinknob":10,"champ:ChampionCrown":0,"downfall:HeartsMalice":0,"downfall:HeartBlessingGreen":10,"Replay:Ancient Bell":10,"Whetstone":13,"jedi:archwizardhat":5,"Bottled Tornado":12,"downfall:GremlinWheel":15,"downfall:HeartBlessingBlue":3,"Strawberry":1,"downfall:KnowingSkull":13,"hexamod:BolsterEngine":10,"StrikeDummy":10},{"downfall:HeartBlessingRed":0,"jedi:gremlinknob":42,"champ:ChampionCrown":0,"downfall:HeartsMalice":0,"downfall:HeartBlessingGreen":42,"Replay:Ancient Bell":42,"Whetstone":53,"jedi:archwizardhat":11,"Bottled Tornado":50,"downfall:GremlinWheel":60,"downfall:HeartBlessingBlue":0,"Strawberry":0,"downfall:KnowingSkull":53,"hexamod:BolsterEngine":42,"StrikeDummy":42}]},"card_choices":[{"not_picked":["champ:RecklessLeap","champ:Riposte"],"picked":"champ:HoldFirm","floor":2.0},{"not_picked":["champ:CrookedStrike","champ:DefensiveShout"],"picked":"champ:PerfectedStrike","floor":3.0},{"not_picked":["champ:RageSigil","champ:RapidStrikes"],"picked":"champ:FocusedDefense","floor":6.0},{"not_picked":["champ:BladeFlurry","champ:RageSigil","champ:EndlessRage"],"picked":"SKIP","floor":9.0},{"not_picked":["champ:SwordSigil","champ:BringItOn"],"picked":"champ:EnchantSword","floor":10.0},{"not_picked":["champ:GladiatorsShout","champ:SwordSigil"],"picked":"champ:StanceDance","floor":11.0},{"not_picked":["champ:FanOfKnives","champ:GladiatorsShout","champ:FocusedGladiator"],"picked":"SKIP","floor":12.0},{"not_picked":["champ:RapidStrikes","champ:Encircle"],"picked":"champ:Haymaker","floor":13.0},{"not_picked":["champ:SkillfulDodge","champ:PerfectedStrike"],"picked":"champ:FlashCut","floor":15.0},{"not_picked":["champ:MurderStrike","champ:SteelEdge"],"picked":"champ:Improvising","floor":16.0},{"not_picked":["Writhe","Doubt"],"picked":"ReplayTheSpireMod:Splinters","floor":17},{"not_picked":["Injury","Decay"],"picked":"jedi:thedog","floor":17},{"not_picked":["CurseOfTheBell","Normality"],"picked":"Languid","floor":17},{"not_picked":["champ:ShieldSigil","champ:BladeFlurry"],"picked":"champ:ArenaPreparation","floor":19},{"not_picked":["champ:BringItOn","champ:GladiatorsShout"],"picked":"champ:FalseCounter+1","floor":23},{"not_picked":["champ:FanOfKnives+1","champ:Duel"],"picked":"champ:EnGarde","floor":24},{"not_picked":["champ:RageSigil","champ:FanOfKnives"],"picked":"champ:LastStand","floor":27},{"not_picked":["champ:EnragedBash","champ:CalledShot"],"picked":"champ:BringItOn","floor":30},{"not_picked":["champ:Backstep","champ:ShieldSigil"],"picked":"champ:EnchantShield","floor":31},{"not_picked":["champ:GladiatorsShout","champ:CrookedStrike"],"picked":"champ:DeathBlow","floor":32},{"not_picked":["champ:FanOfKnives","champ:Encircle"],"picked":"champ:PerfectedStrike","floor":33},{"not_picked":["champ:FocusedBerserking","champ:FlashCut"],"picked":"champ:TornadoPunch","floor":34}],"player_experience":1372272,"relics_obtained":[{"floor":2.0,"key":"Strawberry"},{"floor":10.0,"key":"jedi:archwizardhat"},{"floor":23,"key":"Bottled Tornado"},{"floor":26,"key":"Whetstone"},{"floor":28,"key":"downfall:GremlinWheel"}],"event_choices":[{"damage_healed":0.0,"max_hp_gain":0.0,"max_hp_loss":0.0,"gold_gain":0.0,"event_name":"Upgrade Shrine","player_choice":"Upgraded","floor":4.0,"gold_loss":0.0,"damage_taken":0.0,"cards_upgraded":["champ:Taunt"]},{"damage_healed":62,"gold_gain":0,"player_choice":"Full Heal","damage_taken":0,"max_hp_gain":0,"max_hp_loss":0,"event_name":"Wheel of Change","floor":29,"gold_loss":0}],"is_beta":false,"boss_relics":[{"not_picked":["Ring of Chaos","energizedSpire:OgreHead"],"picked":"Replay:Ancient Bell"},{"not_picked":["Toy Ornithopter","Tiny Chest"],"picked":"hexamod:BolsterEngine"},{"not_picked":["Blue Candle","Golden Egg"],"picked":"StrikeDummy"},{"not_picked":["Ice Cream","Peace Pipe"],"picked":"jedi:gremlinknob"}],"items_purged_floors":[27],"is_endless":false,"potions_floor_spawned":[2,10,13,16,19,23,24,30,33],"killed_by":"downfall:Defect","ascension_level":3}}