{"host":"6gwm7y0tp7acoxay","time":1608550212,"event":{"mods":["BaseMod","Colored Map","Keyboard Shortcuts","Minty Spire (QoL Compilation)","Quick Restart","StSLib","SuperFastMode","everything is the same but u backflip on backflip"],"gold_per_floor":[118,118,118,118,83,114,114,149,149,149,174,233,258,292,292,369,369,385,385,435,272,282,315,341,371,371,406,125,155,187,205,205,279,279,290,48,99,99,99,131,163,163,163,189,223,223,253,153,153,153,153,153,153,28,57,57],"floor_reached":57,"playtime":2038,"items_purged":["Thunderclap","Pommel Strike+1","Shrug It Off"],"score":4110,"play_id":"8e39cf6f-b6ab-43f8-8c42-2a672d4ed17c","local_time":"20201221203012","daily_mods":["SealedDeck","Heirloom","Flight"],"is_ascension_mode":true,"campfire_choices":[{"data":"Fire Breathing","floor":7.0,"key":"SMITH"},{"data":"Shockwave","floor":10.0,"key":"SMITH"},{"data":"Uppercut","floor":15.0,"key":"SMITH"},{"data":"Double Tap","floor":32,"key":"SMITH"},{"floor":42,"key":"RECALL"},{"data":"Dropkick","floor":49,"key":"SMITH"},{"data":"Evolve","floor":53,"key":"SMITH"}],"circlet_count":0,"master_deck":["AscendersBane","Fire Breathing+1","Ghostly Armor+1","Rage+1","Shockwave+1","Dropkick+1","Intimidate","Uppercut+1","Double Tap+1","Dropkick+1","Disarm+1","Evolve+1","Second Wind","Panache","Panache","Demon Form"],"relics":["Burning Blood","Unceasing Top","Orichalcum","Happy Flower","Gremlin Horn","Bag of Marbles","Eternal Feather","Omamori","Bronze Scales","Sozu","DollysMirror","Tiny Chest","Lantern","Darkstone Periapt","Torii","Ornamental Fan","Singing Bowl","Potion Belt","Runic Pyramid","Bag of Preparation","Charon\u0027s Ashes","Nunchaku","HornCleat","Whetstone","Molten Egg 2","Red Skull","Juzu Bracelet","Mummified Hand","Strawberry"],"acts_visited":["Exordium","TheCity","TheBeyond","TheEnding"],"potions_floor_usage":[],"damage_taken":[{"damage":0.0,"enemies":"Cultist","floor":1.0,"turns":4.0},{"damage":0.0,"enemies":"Lagavulin","floor":6.0,"turns":6.0},{"damage":2.0,"enemies":"Gremlin Nob","floor":8.0,"turns":4.0},{"damage":7.0,"enemies":"3 Sentries","floor":12.0,"turns":3.0},{"damage":0.0,"enemies":"Lagavulin","floor":13.0,"turns":5.0},{"damage":5.0,"enemies":"3 Sentries","floor":14.0,"turns":3.0},{"damage":0.0,"enemies":"Slime Boss","floor":16.0,"turns":5.0},{"damage":0.0,"enemies":"2 Thieves","floor":18.0,"turns":3.0},{"damage":5,"enemies":"Shell Parasite","floor":22,"turns":4},{"damage":0,"enemies":"Gremlin Leader","floor":23,"turns":4},{"damage":0,"enemies":"Book of Stabbing","floor":24,"turns":4},{"damage":0,"enemies":"Gremlin Leader","floor":25,"turns":4},{"damage":30,"enemies":"Slavers","floor":27,"turns":3},{"damage":0,"enemies":"Gremlin Leader","floor":29,"turns":4},{"damage":0,"enemies":"Book of Stabbing","floor":30,"turns":5},{"damage":15,"enemies":"Centurion and Healer","floor":31,"turns":4},{"damage":1,"enemies":"Automaton","floor":33,"turns":4},{"damage":9,"enemies":"3 Darklings","floor":35,"turns":4},{"damage":0,"enemies":"2 Orb Walkers","floor":37,"turns":3},{"damage":1,"enemies":"Giant Head","floor":40,"turns":4},{"damage":0,"enemies":"Reptomancer","floor":41,"turns":2},{"damage":0,"enemies":"Nemesis","floor":44,"turns":3},{"damage":0,"enemies":"Giant Head","floor":45,"turns":3},{"damage":0,"enemies":"Reptomancer","floor":47,"turns":2},{"damage":0,"enemies":"Awakened One","floor":50,"turns":4},{"damage":0,"enemies":"Donu and Deca","floor":51,"turns":3},{"damage":5,"enemies":"Shield and Spear","floor":55,"turns":4},{"damage":12,"enemies":"The Heart","floor":56,"turns":5}],"seed_played":"-2363466211800749234","potions_obtained":[{"floor":6.0,"key":"BloodPotion"},{"floor":12.0,"key":"FearPotion"}],"is_trial":true,"path_per_floor":["M","?","?","?","?","E","R","E","T","R","T","?","E","E","R","B",null,"M","?","?","$","M","E","E","E","T","E","$","E","E","M","R","B",null,"M","$","?","?","T","E","E","R","T","E","E","?","E","$","R","B","B",null,"R","$","E","B",null],"character_chosen":"IRONCLAD","items_purchased":["DollysMirror","Ornamental Fan","Bag of Preparation"],"campfire_rested":0,"item_purchase_floors":[21,28,36],"current_hp_per_floor":[74,79,72,48,68,74,74,78,78,78,78,77,80,80,80,80,80,80,80,72,72,73,79,80,80,80,56,56,64,72,65,74,81,86,83,83,90,82,82,89,96,96,96,98,100,100,102,102,102,102,102,102,102,102,109,103],"gold":57,"neow_bonus":"","is_daily":false,"chose_seed":false,"campfire_upgraded":6,"win_rate":0.0,"timestamp":1608550212,"path_taken":["M","?","?","?","?","E","R","E","T","R","?","?","E","E","R","BOSS","M","?","?","$","?","E","E","E","T","E","$","E","E","?","R","BOSS","M","$","?","?","?","E","E","R","T","E","E","?","E","?","R","BOSS","BOSS","R","$","E","BOSS"],"items_purchased_type":["Relic","Relic","Relic"],"build_version":"2020-12-13","purchased_purges":3,"victory":true,"max_hp_per_floor":[75,80,80,80,80,80,80,80,80,80,80,80,80,80,80,80,80,80,80,80,80,80,80,80,80,80,80,80,82,84,86,86,88,88,88,88,90,92,92,94,96,96,96,98,100,100,102,102,102,102,102,102,102,102,109,109],"card_choices":[{"not_picked":["Pommel Strike","Clothesline"],"picked":"Intimidate","floor":1.0},{"not_picked":["Hemokinesis","Flex","Warcry"],"picked":"SKIP","floor":6.0},{"not_picked":["Battle Trance","Juggernaut","Iron Wave"],"picked":"SKIP","floor":8.0},{"not_picked":["Armaments","True Grit"],"picked":"Uppercut","floor":13.0},{"not_picked":["Perfected Strike","Thunderclap","Flex"],"picked":"SKIP","floor":14.0},{"not_picked":["Exhume","Offering"],"picked":"Double Tap","floor":16.0},{"not_picked":["Metallicize","Shrug It Off+1","Clothesline+1"],"picked":"SKIP","floor":18.0},{"not_picked":["Infernal Blade","Sword Boomerang","Twin Strike"],"picked":"SKIP","floor":22},{"not_picked":["Twin Strike","Spot Weakness"],"picked":"Disarm+1","floor":23},{"not_picked":["Warcry+1","Sever Soul","Rage"],"picked":"SKIP","floor":24},{"not_picked":["Disarm","Blood for Blood"],"picked":"Evolve","floor":25},{"not_picked":["Anger","Metallicize","Havoc"],"picked":"SKIP","floor":27},{"not_picked":["Hemokinesis","Perfected Strike+1","Clothesline"],"picked":"Singing Bowl","floor":29},{"not_picked":["Juggernaut","Sentinel","Uppercut"],"picked":"Singing Bowl","floor":30},{"not_picked":["Headbutt","Rage","Ghostly Armor"],"picked":"Singing Bowl","floor":31},{"not_picked":["Limit Break","Exhume","Reaper"],"picked":"Singing Bowl","floor":33},{"not_picked":["Seeing Red+1","Burning Pact"],"picked":"Second Wind","floor":35},{"not_picked":["Rage","Dropkick","Anger"],"picked":"Singing Bowl","floor":37},{"not_picked":["Metamorphosis","Flash of Steel"],"picked":"Panache","floor":38},{"not_picked":["Impatience","Purity","Deep Breath"],"picked":"Singing Bowl","floor":38},{"not_picked":["Purity","Swift Strike"],"picked":"Panache","floor":38},{"not_picked":["Headbutt","Clash","Anger"],"picked":"Singing Bowl","floor":40},{"not_picked":["Clash+1","Hemokinesis","Heavy Blade+1"],"picked":"Singing Bowl","floor":41},{"not_picked":["Ghostly Armor","Thunderclap+1","Twin Strike+1"],"picked":"Singing Bowl","floor":44},{"not_picked":["Spot Weakness","Body Slam+1","Carnage+1"],"picked":"Singing Bowl","floor":45},{"not_picked":["Seeing Red","Anger+1","Sword Boomerang+1"],"picked":"Singing Bowl","floor":47},{"not_picked":["Heavy Blade+1","Wild Strike+1"],"picked":"Demon Form","floor":55}],"player_experience":4300828,"relics_obtained":[{"floor":6.0,"key":"Orichalcum"},{"floor":8.0,"key":"Happy Flower"},{"floor":9.0,"key":"Gremlin Horn"},{"floor":11.0,"key":"Bag of Marbles"},{"floor":13.0,"key":"Omamori"},{"floor":14.0,"key":"Bronze Scales"},{"floor":23,"key":"Tiny Chest"},{"floor":24,"key":"Lantern"},{"floor":25,"key":"Darkstone Periapt"},{"floor":27,"key":"Torii"},{"floor":29,"key":"Singing Bowl"},{"floor":30,"key":"Potion Belt"},{"floor":37,"key":"Charon\u0027s Ashes"},{"floor":39,"key":"Nunchaku"},{"floor":40,"key":"HornCleat"},{"floor":41,"key":"Whetstone"},{"floor":43,"key":"Molten Egg 2"},{"floor":44,"key":"Red Skull"},{"floor":45,"key":"Juzu Bracelet"},{"floor":47,"key":"Mummified Hand"},{"floor":55,"key":"Strawberry"}],"event_choices":[{"damage_healed":0.0,"max_hp_gain":5.0,"max_hp_loss":0.0,"gold_gain":0.0,"event_name":"Big Fish","player_choice":"Donut","floor":2.0,"gold_loss":0.0,"damage_taken":0.0},{"cards_removed":["Spot Weakness"],"damage_healed":0.0,"max_hp_gain":0.0,"max_hp_loss":0.0,"gold_gain":0.0,"event_name":"Golden Wing","player_choice":"Card Removal","floor":3.0,"gold_loss":0.0,"damage_taken":7.0},{"damage_healed":0.0,"max_hp_gain":0.0,"max_hp_loss":0.0,"gold_gain":0.0,"event_name":"Shining Light","player_choice":"Entered Light","floor":4.0,"gold_loss":0.0,"damage_taken":24.0,"cards_upgraded":["Ghostly Armor","Rage"]},{"damage_healed":20.0,"max_hp_gain":0.0,"max_hp_loss":0.0,"gold_gain":0.0,"event_name":"The Cleric","player_choice":"Healed","floor":5.0,"gold_loss":35.0,"damage_taken":0.0},{"damage_healed":0.0,"max_hp_gain":0.0,"max_hp_loss":0.0,"gold_gain":0.0,"event_name":"Dead Adventurer","player_choice":"Searched \u00272\u0027 times","floor":12.0,"gold_loss":0.0,"damage_taken":0.0,"relics_obtained":["Eternal Feather"]},{"damage_healed":0.0,"max_hp_gain":0.0,"max_hp_loss":0.0,"gold_gain":0.0,"event_name":"Ghosts","player_choice":"Ignored","floor":19.0,"gold_loss":0.0,"damage_taken":0.0},{"damage_healed":0,"gold_gain":50,"player_choice":"Touch","damage_taken":8,"max_hp_gain":0,"max_hp_loss":0,"event_name":"FaceTrader","floor":20,"gold_loss":0},{"damage_healed":0,"gold_gain":0,"player_choice":"Fight","damage_taken":0,"max_hp_gain":0,"max_hp_loss":0,"event_name":"Mysterious Sphere","floor":37,"gold_loss":0},{"damage_healed":0,"gold_gain":0,"player_choice":"Memory 3","damage_taken":10,"max_hp_gain":0,"max_hp_loss":0,"event_name":"SensoryStone","floor":38,"gold_loss":0},{"cards_removed":["Disarm"],"damage_healed":0,"gold_gain":0,"player_choice":"Removed Skill","damage_taken":0,"max_hp_gain":0,"max_hp_loss":0,"event_name":"Falling","floor":46,"gold_loss":0}],"is_beta":false,"boss_relics":[{"not_picked":["Mark of Pain","Velvet Choker"],"picked":"Sozu"},{"not_picked":["SacredBark","Black Blood"],"picked":"Runic Pyramid"}],"items_purged_floors":[36,48,54],"is_endless":false,"potions_floor_spawned":[6,12,16,23,24,25,30,31,33,41,44,45,47],"ascension_level":20}}