{"host":"nptej036rrbiurf5","time":1608534314,"event":{"mods":["BaseMod","Colored Map","Colored Powertips","DeckTracker","Minty Spire (QoL Compilation)","StSLib","SuperFastMode"],"gold_per_floor":[111,111,129,144,164,189,114,114,141,141,162,87,98,109,109,109,109],"floor_reached":16,"playtime":472,"items_purged":["Strike_R"],"score":204,"play_id":"4f103656-986b-4dc3-8d96-6106317c56f6","local_time":"20201221160514","is_ascension_mode":true,"campfire_choices":[{"data":"Blood for Blood","floor":10.0,"key":"SMITH"},{"data":"Pommel Strike","floor":15,"key":"SMITH"}],"circlet_count":0,"master_deck":["AscendersBane","Strike_R","Defend_R","Defend_R","Defend_R","Defend_R","Bash","Combust","Dropkick","Blood for Blood+1","Pommel Strike+1","Shockwave"],"relics":["Burning Blood","Juzu Bracelet","Centennial Puzzle","Odd Mushroom"],"acts_visited":["Exordium"],"potions_floor_usage":[11,16],"damage_taken":[{"damage":7.0,"enemies":"Jaw Worm","floor":1.0,"turns":3.0},{"damage":12.0,"enemies":"2 Louse","floor":3.0,"turns":3.0},{"damage":10.0,"enemies":"Small Slimes","floor":4.0,"turns":4.0},{"damage":20.0,"enemies":"2 Fungi Beasts","floor":5.0,"turns":4.0},{"damage":29.0,"enemies":"Gremlin Nob","floor":6.0,"turns":4.0},{"damage":22,"enemies":"The Mushroom Lair","floor":11,"turns":3},{"damage":6,"enemies":"Looter","floor":13,"turns":2},{"damage":9,"enemies":"Blue Slaver","floor":14,"turns":3},{"damage":16,"enemies":"The Guardian","floor":16,"turns":12}],"seed_played":"-501171202509760972","potions_obtained":[{"floor":3.0,"key":"BloodPotion"},{"floor":4.0,"key":"ColorlessPotion"},{"floor":5.0,"key":"AttackPotion"},{"floor":13,"key":"HeartOfIron"}],"is_trial":false,"path_per_floor":["M","?","M","M","M","E","$","?","T","R","?","?","M","M","R","B"],"character_chosen":"IRONCLAD","items_purchased":[],"campfire_rested":0,"item_purchase_floors":[],"current_hp_per_floor":[67,72,66,62,64,41,41,34,34,34,18,18,18,15,15,0,0],"gold":109,"neow_bonus":"REMOVE_CARD","is_daily":false,"chose_seed":false,"campfire_upgraded":2,"win_rate":0.0,"timestamp":1608534314,"path_taken":["M","?","M","M","M","E","$","?","T","R","?","?","M","M","R","BOSS"],"items_purchased_type":[],"build_version":"2020-12-13","purchased_purges":1,"victory":false,"max_hp_per_floor":[75,80,80,80,80,80,80,80,80,80,80,80,80,80,80,80,80],"card_choices":[{"not_picked":["Heavy Blade","Iron Wave"],"picked":"Combust","floor":1.0},{"not_picked":["Armaments","Heavy Blade"],"picked":"Dropkick","floor":3.0},{"not_picked":["Clothesline","Perfected Strike","Iron Wave"],"picked":"SKIP","floor":4.0},{"not_picked":["Heavy Blade","Flame Barrier"],"picked":"Blood for Blood","floor":5.0},{"not_picked":["Headbutt","Searing Blow"],"picked":"Pommel Strike","floor":6.0},{"not_picked":["Headbutt","Clothesline"],"picked":"Shockwave","floor":13},{"not_picked":["Sword Boomerang","Rage","Flex"],"picked":"SKIP","floor":14}],"player_experience":839723,"relics_obtained":[{"floor":6.0,"key":"Juzu Bracelet"},{"floor":9.0,"key":"Centennial Puzzle"},{"floor":11,"key":"Odd Mushroom"}],"event_choices":[{"damage_healed":0.0,"max_hp_gain":5.0,"max_hp_loss":0.0,"gold_gain":0.0,"event_name":"Big Fish","player_choice":"Donut","floor":2.0,"gold_loss":0.0,"damage_taken":0.0},{"cards_removed":["Strike_R"],"damage_healed":0.0,"max_hp_gain":0.0,"max_hp_loss":0.0,"gold_gain":0.0,"event_name":"Golden Wing","player_choice":"Card Removal","floor":8.0,"gold_loss":0.0,"damage_taken":7.0},{"damage_healed":0,"gold_gain":0,"player_choice":"Fought Mushrooms","damage_taken":0,"max_hp_gain":0,"max_hp_loss":0,"event_name":"Mushrooms","floor":11,"gold_loss":0},{"cards_removed":["Strike_R"],"damage_healed":0,"gold_gain":0,"player_choice":"Card Removal","damage_taken":0,"max_hp_gain":0,"max_hp_loss":0,"event_name":"The Cleric","floor":12,"gold_loss":75}],"is_beta":false,"boss_relics":[],"items_purged_floors":[7],"is_endless":false,"potions_floor_spawned":[3,4,5,13],"killed_by":"The Guardian","ascension_level":20}}