{"host":"07ljfmttuzqopd7f","time":1608588791,"event":{"mods":["2.2 Compatiblity","BaseMod","Bestiary","Block Reminder","Colored Map","Colored Powertips","Curses Come First","Hermit","Minty Spire (QoL Compilation)","Quick Restart","Random Character Button","Rare Cards Sparkle","Relic Stats","StSLib","The Cursed","UnlockEverythingMod","everything is the same but u backflip on backflip"],"gold_per_floor":[110,120,120,10,72,72,91,134,134,134,150,150,2,45,45,165,165,185,185,6,29,29,72,72,111,111,130,255,255,273,304,304,432,432,451,470,803,1153,1163,1163,1193,504,504,504,152,0,34,48,48,48,48,48,48,81,81],"floor_reached":56,"playtime":3078,"items_purged":["TheCursedMod:Strike_TheCursed","TheCursedMod:Strike_TheCursed","TheCursedMod:Defend_TheCursed"],"score":1680,"play_id":"a57673ca-5589-4c77-8e5c-62c165337eaa","local_time":"20201221171311","is_ascension_mode":true,"campfire_choices":[{"data":"TheCursedMod:CursedStaff","floor":6,"key":"SMITH"},{"data":"TheCursedMod:CollectTribute","floor":10,"key":"SMITH"},{"floor":12,"key":"REST"},{"data":"TheCursedMod:CleanUpWorkshop","floor":15,"key":"SMITH"},{"floor":24,"key":"REST"},{"data":"TheCursedMod:SpitefulPlan","floor":29,"key":"SMITH"},{"floor":32,"key":"REST"},{"floor":40,"key":"RECALL"},{"data":"TheCursedMod:DarkBarrier","floor":44,"key":"SMITH"},{"data":"TheCursedMod:LuckyCharm","floor":49,"key":"SMITH"},{"data":"TheCursedMod:HellfireBreathing","floor":52,"key":"SMITH"}],"circlet_count":0,"master_deck":["TheCursedMod:Strike_TheCursed+1","TheCursedMod:Strike_TheCursed","TheCursedMod:Defend_TheCursed","TheCursedMod:Defend_TheCursed","TheCursedMod:Defend_TheCursed","TheCursedMod:CursedWand","TheCursedMod:CleanUpWorkshop+1","TheCursedMod:Dregs","TheCursedMod:SpitefulPray","TheCursedMod:CursedBlade+1","Injury","TheCursedMod:CursedStaff+1","TheCursedMod:AshesToAshes","TheCursedMod:CollectTribute+1","TheCursedMod:AbyssShockwave","TheCursedMod:CircleOfAbyss","TheCursedMod:NeowsMight","TheCursedMod:BloodBarrier+1","TheCursedMod:LuckyCharm+1","TheCursedMod:SoulReap","TheCursedMod:SpreadPlague+1","TheCursedMod:SpitefulPlan+1","TheCursedMod:ManaBullet","TheCursedMod:HellfireBreathing+1","TheCursedMod:AntiAging","TheCursedMod:CursedShiv","TheCursedMod:DarkBarrier+1","TheCursedMod:SmokeScreen+1","TheCursedMod:StunningStrike","TheCursedMod:AshesToAshes","TheCursedMod:NeowsMight","TheCursedMod:RapidMovement+1","TheCursedMod:DemonSword"],"relics":["SlaversCollar","White Beast Statue","Whetstone","Oddly Smooth Stone","Torii","Black Star","Smiling Mask","Pocketwatch","Thread and Needle","Vajra","Darkstone Periapt","Prayer Wheel","Shuriken","Bag of Marbles","HornCleat","TheCursedMod:OminousMark","Old Coin","Mummified Hand","Nunchaku","Strawberry","Akabeko","ClockworkSouvenir","Anchor","Art of War","Red Mask","Bronze Scales","Centennial Puzzle","Lantern","Pen Nib"],"acts_visited":["Exordium","TheCity","TheBeyond","TheEnding"],"potions_floor_usage":[18,25,25,25,27,31,39,41,41,41,55,55,55],"damage_taken":[{"damage":0,"enemies":"2 Louse","floor":1,"turns":3},{"damage":13,"enemies":"Jaw Worm","floor":2,"turns":5},{"damage":1,"enemies":"Small Slimes","floor":7,"turns":2},{"damage":22,"enemies":"Lagavulin","floor":8,"turns":5},{"damage":6,"enemies":"Looter","floor":11,"turns":2},{"damage":0,"enemies":"3 Sentries","floor":14,"turns":3},{"damage":27,"enemies":"Slime Boss","floor":16,"turns":8},{"damage":18,"enemies":"Spheric Guardian","floor":18,"turns":4},{"damage":5,"enemies":"3 Byrds","floor":21,"turns":4},{"damage":9,"enemies":"Slavers","floor":23,"turns":5},{"damage":14,"enemies":"Gremlin Leader","floor":25,"turns":3},{"damage":14,"enemies":"Snake Plant","floor":27,"turns":3},{"damage":7,"enemies":"Colosseum Slavers","floor":28,"turns":3},{"damage":0,"enemies":"Colosseum Nobs","floor":28,"turns":3},{"damage":0,"enemies":"Snecko","floor":30,"turns":4},{"damage":22,"enemies":"Slavers","floor":31,"turns":5},{"damage":21,"enemies":"Champ","floor":33,"turns":8},{"damage":18,"enemies":"3 Shapes","floor":35,"turns":4},{"damage":9,"enemies":"3 Darklings","floor":36,"turns":3},{"damage":6,"enemies":"Mind Bloom Boss Battle","floor":38,"turns":6},{"damage":14,"enemies":"Sphere and 2 Shapes","floor":39,"turns":5},{"damage":12,"enemies":"Reptomancer","floor":41,"turns":6},{"damage":0,"enemies":"Giant Head","floor":47,"turns":6},{"damage":6,"enemies":"Transient","floor":48,"turns":5},{"damage":1,"enemies":"Awakened One","floor":50,"turns":10},{"damage":15,"enemies":"Shield and Spear","floor":54,"turns":8},{"damage":10,"enemies":"The Heart","floor":55,"turns":8}],"seed_played":"-8378300734867493916","potions_obtained":[{"floor":2,"key":"Ancient Potion"},{"floor":8,"key":"PowerPotion"},{"floor":11,"key":"Explosive Potion"},{"floor":14,"key":"EntropicBrew"},{"floor":21,"key":"EntropicBrew"},{"floor":25,"key":"SkillPotion"},{"floor":27,"key":"FearPotion"},{"floor":30,"key":"DuplicationPotion"},{"floor":31,"key":"Fruit Juice"},{"floor":33,"key":"BlessingOfTheForge"},{"floor":36,"key":"Regen Potion"},{"floor":39,"key":"EntropicBrew"}],"is_trial":false,"path_per_floor":["M","M","?","$","?","R","M","E","T","R","M","R","$","E","R","B",null,"M","?","$","M","?","E","R","E","T","M","?","R","M","E","R","B",null,"M","M","?","?","M","R","E","$","T","R","$","?","E","M","R","B",null,"R","$","E","B",null],"character_chosen":"THE_CURSED","items_purchased":["TheCursedMod:CursedStaff","TheCursedMod:AshesToAshes","Oddly Smooth Stone","TheCursedMod:LuckyCharm","TheCursedMod:SoulReap","Strawberry","Akabeko","ClockworkSouvenir","TheCursedMod:NeowsMight","Block Potion","Anchor","Art of War"],"campfire_rested":3,"item_purchase_floors":[4,4,13,20,20,42,42,42,42,42,45,45],"current_hp_per_floor":[75,62,62,62,62,62,61,39,39,39,33,55,55,55,55,28,63,45,45,45,42,42,35,57,50,50,36,42,42,49,38,62,48,72,62,55,55,56,65,65,65,72,72,72,72,72,89,94,94,100,101,101,101,90,88],"gold":81,"neow_bonus":"BOSS_RELIC","is_daily":false,"chose_seed":false,"campfire_upgraded":7,"win_rate":0.0,"timestamp":1608588791,"path_taken":["M","M","?","$","?","R","M","E","T","R","M","R","$","E","R","BOSS","M","?","$","M","?","E","R","E","T","M","?","R","M","E","R","BOSS","M","M","?","?","M","R","E","$","T","R","$","?","E","M","R","BOSS","R","$","E","BOSS"],"items_purchased_type":["Card","Card","Relic","Card","Card","Relic","Relic","Relic","Card","Potion","Relic","Relic"],"build_version":"2020-12-13","purchased_purges":3,"victory":true,"max_hp_per_floor":[75,75,75,75,75,75,75,75,75,75,75,75,75,75,75,75,75,75,75,75,75,75,75,75,75,75,75,75,75,75,80,80,80,80,82,84,84,84,86,86,88,95,95,95,95,95,97,99,99,101,101,101,101,101,103],"relic_stats":{"Darkstone Periapt":0,"Torii":52,"counters":[27,131],"Pen Nib":[2],"Whetstone":["TheCursedMod:CursedBlade","TheCursedMod:Strike_TheCursed"],"Smiling Mask":125,"Nunchaku":[8],"Centennial Puzzle":[10],"Shuriken":[30],"Mummified Hand":[24],"Bronze Scales":[198],"Prayer Wheel":5,"Black Star":6,"Art of War":[4],"obtain_stats":[{"Darkstone Periapt":26,"Lantern":54,"Torii":14,"Vajra":25,"Whetstone":9,"Smiling Mask":23,"Old Coin":38,"ClockworkSouvenir":42,"Nunchaku":41,"Centennial Puzzle":47,"HornCleat":31,"Mummified Hand":41,"Strawberry":42,"Prayer Wheel":28,"Red Mask":46,"TheCursedMod:BlackMagic101":0,"Golden Idol":3,"Oddly Smooth Stone":13,"Thread and Needle":25,"Pen Nib":54,"White Beast Statue":8,"Akabeko":42,"SlaversCollar":0,"Anchor":45,"TheCursedMod:OminousMark":34,"Shuriken":28,"Bronze Scales":47,"Black Star":17,"Bag of Marbles":31,"Art of War":45,"Pocketwatch":23},{"Darkstone Periapt":11,"Lantern":26,"Torii":6,"Vajra":11,"Whetstone":4,"Smiling Mask":10,"Old Coin":20,"ClockworkSouvenir":22,"Nunchaku":22,"Centennial Puzzle":23,"HornCleat":16,"Mummified Hand":22,"Strawberry":22,"Prayer Wheel":14,"Red Mask":22,"TheCursedMod:BlackMagic101":0,"Golden Idol":2,"Oddly Smooth Stone":5,"Thread and Needle":11,"Pen Nib":26,"White Beast Statue":4,"Akabeko":22,"SlaversCollar":0,"Anchor":22,"TheCursedMod:OminousMark":17,"Shuriken":14,"Bronze Scales":23,"Black Star":7,"Bag of Marbles":16,"Art of War":22,"Pocketwatch":10},{"Darkstone Periapt":44,"Lantern":123,"Torii":20,"Vajra":44,"Whetstone":15,"Smiling Mask":41,"Old Coin":83,"ClockworkSouvenir":94,"Nunchaku":94,"Centennial Puzzle":100,"HornCleat":62,"Mummified Hand":94,"Strawberry":94,"Prayer Wheel":53,"Red Mask":94,"TheCursedMod:BlackMagic101":0,"Golden Idol":8,"Oddly Smooth Stone":17,"Thread and Needle":44,"Pen Nib":123,"White Beast Statue":15,"Akabeko":94,"SlaversCollar":0,"Anchor":94,"TheCursedMod:OminousMark":70,"Shuriken":53,"Bronze Scales":100,"Black Star":28,"Bag of Marbles":62,"Art of War":94,"Pocketwatch":41}],"Pocketwatch":[32]},"card_choices":[{"not_picked":["TheCursedMod:Wield","TheCursedMod:CursedAmulet"],"picked":"TheCursedMod:SpitefulPray","floor":1},{"not_picked":["TheCursedMod:CircleOfAmplification","TheCursedMod:Stretching"],"picked":"TheCursedMod:CursedBlade","floor":2},{"not_picked":["TheCursedMod:HellsGateOpen","TheCursedMod:EmpowerCircles","TheCursedMod:Stretching"],"picked":"SKIP","floor":7},{"not_picked":["TheCursedMod:CircleOfFlame","TheCursedMod:TacticalStrike"],"picked":"TheCursedMod:CollectTribute","floor":8},{"not_picked":["TheCursedMod:SpitefulPray","TheCursedMod:StingEye"],"picked":"TheCursedMod:AbyssShockwave","floor":11},{"not_picked":["TheCursedMod:Wield","TheCursedMod:SmokeScreen"],"picked":"TheCursedMod:CircleOfAbyss","floor":14},{"not_picked":["TheCursedMod:ForbiddenAlchemy","TheCursedMod:ManaCirculation"],"picked":"TheCursedMod:NeowsMight","floor":16},{"not_picked":["TheCursedMod:TacticalStrike","TheCursedMod:CursedArmor"],"picked":"TheCursedMod:BloodBarrier+1","floor":18},{"not_picked":["TheCursedMod:CursedStaff","TheCursedMod:ReleasedKnowledge","TheCursedMod:CursedAmulet"],"picked":"SKIP","floor":21},{"not_picked":["TheCursedMod:CursedBlade+1","TheCursedMod:SaltUponWound"],"picked":"TheCursedMod:SpreadPlague+1","floor":23},{"not_picked":["TheCursedMod:EmpowerCircles","TheCursedMod:CursedBlade"],"picked":"TheCursedMod:SpitefulPlan","floor":25},{"not_picked":["TheCursedMod:CircleOfWindfury","TheCursedMod:Stretching+1","TheCursedMod:CursedMace+1"],"picked":"SKIP","floor":27},{"not_picked":["TheCursedMod:Stigma","TheCursedMod:SurpriseAttack+1"],"picked":"TheCursedMod:ManaBullet","floor":30},{"not_picked":["TheCursedMod:TacticalStrike","TheCursedMod:Stretching"],"picked":"TheCursedMod:HellfireBreathing","floor":30},{"not_picked":["TheCursedMod:ManaCirculation","TheCursedMod:CircleOfFlame+1","TheCursedMod:CursedArmor"],"picked":"SKIP","floor":31},{"not_picked":["TheCursedMod:OutForBlood","TheCursedMod:CircleOfAbyss"],"picked":"TheCursedMod:AntiAging","floor":33},{"not_picked":["TheCursedMod:DoubleShield","TheCursedMod:CursedAmulet","TheCursedMod:StingEye+1"],"picked":"SKIP","floor":35},{"not_picked":["TheCursedMod:VitalStrike","TheCursedMod:CursedBoomerang","TheCursedMod:CursedMace+1"],"picked":"SKIP","floor":35},{"not_picked":["TheCursedMod:Grudge+1","TheCursedMod:Stretching"],"picked":"TheCursedMod:CursedShiv","floor":36},{"not_picked":["TheCursedMod:CircleOfFlame+1","TheCursedMod:CursedShiv"],"picked":"TheCursedMod:DarkBarrier","floor":36},{"not_picked":["TheCursedMod:Wield","TheCursedMod:CursedBlade+1"],"picked":"TheCursedMod:SmokeScreen+1","floor":39},{"not_picked":["TheCursedMod:CircleOfAmplification+1","TheCursedMod:CircleOfFocus"],"picked":"TheCursedMod:StunningStrike","floor":39},{"not_picked":["TheCursedMod:TroublousMinions+1","TheCursedMod:CursedMace"],"picked":"TheCursedMod:AshesToAshes","floor":41},{"not_picked":["TheCursedMod:Stigma","TheCursedMod:ReleasedKnowledge+1","TheCursedMod:SpitefulPlan+1"],"picked":"SKIP","floor":47},{"not_picked":["TheCursedMod:CursedShiv","TheCursedMod:SpitefulStrike"],"picked":"TheCursedMod:RapidMovement+1","floor":48},{"not_picked":["TheCursedMod:VitalStrike+1","TheCursedMod:SoulReap"],"picked":"TheCursedMod:DemonSword","floor":48},{"not_picked":["TheCursedMod:CursedAmulet","TheCursedMod:CursedMace+1","TheCursedMod:SurpriseAttack"],"picked":"SKIP","floor":54}],"player_experience":447215,"relics_obtained":[{"floor":8,"key":"White Beast Statue"},{"floor":9,"key":"Whetstone"},{"floor":14,"key":"Torii"},{"floor":23,"key":"Smiling Mask"},{"floor":23,"key":"Pocketwatch"},{"floor":25,"key":"Thread and Needle"},{"floor":25,"key":"Vajra"},{"floor":26,"key":"Darkstone Periapt"},{"floor":28,"key":"Prayer Wheel"},{"floor":28,"key":"Shuriken"},{"floor":31,"key":"Bag of Marbles"},{"floor":31,"key":"HornCleat"},{"floor":38,"key":"Old Coin"},{"floor":41,"key":"Mummified Hand"},{"floor":41,"key":"Nunchaku"},{"floor":47,"key":"Bronze Scales"},{"floor":47,"key":"Centennial Puzzle"},{"floor":54,"key":"Lantern"},{"floor":54,"key":"Pen Nib"}],"event_choices":[{"damage_healed":0,"gold_gain":0,"player_choice":"Take Wound","damage_taken":0,"relics_obtained":["Golden Idol"],"max_hp_gain":0,"max_hp_loss":0,"event_name":"Golden Idol","floor":3,"gold_loss":0,"cards_obtained":["Injury"]},{"damage_healed":0,"gold_gain":62,"player_choice":"Gained Gold","damage_taken":0,"max_hp_gain":0,"max_hp_loss":0,"event_name":"Golden Wing","floor":5,"gold_loss":0},{"damage_healed":0,"gold_gain":0,"player_choice":"Ignored","damage_taken":0,"max_hp_gain":0,"max_hp_loss":0,"event_name":"Ghosts","floor":19,"gold_loss":0},{"damage_healed":0,"gold_gain":0,"player_choice":"Ignored","damage_taken":0,"max_hp_gain":0,"max_hp_loss":0,"event_name":"Cursed Tome","floor":22,"gold_loss":0},{"damage_healed":0,"gold_gain":0,"player_choice":"Fight","damage_taken":0,"max_hp_gain":0,"max_hp_loss":0,"event_name":"Colosseum","floor":28,"gold_loss":0},{"damage_healed":0,"gold_gain":0,"player_choice":"Fought Nobs","damage_taken":0,"max_hp_gain":0,"max_hp_loss":0,"event_name":"Colosseum","floor":28,"gold_loss":0},{"damage_healed":0,"gold_gain":333,"player_choice":"Gave Idol","damage_taken":0,"max_hp_gain":0,"max_hp_loss":0,"event_name":"The Moai Head","floor":37,"relics_lost":["Golden Idol"],"gold_loss":0},{"damage_healed":0,"gold_gain":0,"player_choice":"Fight","damage_taken":0,"max_hp_gain":0,"max_hp_loss":0,"event_name":"MindBloom","floor":38,"gold_loss":0},{"damage_healed":0,"gold_gain":0,"player_choice":"Paid","damage_taken":0,"relics_obtained":["Red Mask"],"max_hp_gain":0,"max_hp_loss":0,"event_name":"Tomb of Lord Red Mask","floor":46,"gold_loss":152}],"is_beta":false,"boss_relics":[{"not_picked":["Tiny House","Runic Pyramid"],"picked":"Black Star"},{"not_picked":["Runic Dome","Snecko Eye"],"picked":"TheCursedMod:OminousMark"}],"items_purged_floors":[20,42,45],"is_endless":false,"potions_floor_spawned":[2,8,11,14,16,18,21,23,25,27,28,28,30,31,33,35,36,38,39,47,48,54],"ascension_level":5}}