{"host":"b0dcklafnoly879c","time":1608588066,"event":{"mods":["BaseMod","Minty Spire (QoL Compilation)","StSLib","The Cursed","The Jungle"],"gold_per_floor":[13,13,28,28,46,74,74,99,99,129,140,159,79,5,5,109,109,126,126,146,156,170,198,198,224,224,224,252,272,300,82,82,180,180,200,200,122,122,122,159,173,173,173],"floor_reached":42,"playtime":2342,"items_purged":["Defend_G"],"score":659,"play_id":"cae2ff7e-201f-457b-a83b-0d969cee3dec","local_time":"20201222070106","is_ascension_mode":true,"campfire_choices":[{"data":"Adrenaline","floor":7.0,"key":"SMITH"},{"data":"Backflip","floor":15.0,"key":"SMITH"},{"data":"Crippling Poison","floor":24.0,"key":"SMITH"},{"data":"Prepared","floor":32.0,"key":"SMITH"}],"circlet_count":0,"master_deck":["Strike_G","Defend_G","Defend_G","Defend_G","Defend_G","Survivor","Neutralize","Dagger Throw","Bouncing Flask","Acrobatics","Adrenaline+1","Prepared+1","Backflip+1","Underhanded Strike","Footwork","Deadly Poison","Poisoned Stab","Venomology","Cloak And Dagger+1","Infinite Blades+1","Dodge and Roll+1","Calculated Gamble+1","Backflip","Footwork","Crippling Poison+1","PiercingWail","Madness","Madness","Noxious Fumes","Expertise+1"],"relics":["Ring of the Snake","Pocketwatch","Eternal Feather","Mercury Hourglass","Mummified Hand","Pen Nib","Astrolabe","Regal Pillow","Ancient Tea Set","Lantern","Orichalcum","TwistedFunnel","Cursed Key","CeramicFish"],"acts_visited":["Exordium","TheCity","TheBeyond"],"potions_floor_usage":[],"damage_taken":[{"damage":0.0,"enemies":"Cultist","floor":1.0,"turns":4.0},{"damage":0.0,"enemies":"2 Louse","floor":3.0,"turns":3.0},{"damage":0.0,"enemies":"Small Slimes","floor":5.0,"turns":3.0},{"damage":22.0,"enemies":"Lagavulin","floor":6.0,"turns":5.0},{"damage":37.0,"enemies":"3 Sentries","floor":8.0,"turns":8.0},{"damage":0.0,"enemies":"Lagavulin","floor":10.0,"turns":5.0},{"damage":3.0,"enemies":"3 Louse","floor":11.0,"turns":2.0},{"damage":1.0,"enemies":"Exordium Thugs","floor":12.0,"turns":3.0},{"damage":23.0,"enemies":"Slime Boss","floor":16.0,"turns":7.0},{"damage":1.0,"enemies":"Chosen","floor":18.0,"turns":5.0},{"damage":0.0,"enemies":"3 Byrds","floor":20.0,"turns":4.0},{"damage":11.0,"enemies":"Snake Plant","floor":21.0,"turns":4.0},{"damage":10.0,"enemies":"Centurion and Healer","floor":22.0,"turns":6.0},{"damage":4.0,"enemies":"Gremlin Leader","floor":23.0,"turns":6.0},{"damage":13.0,"enemies":"Slavers","floor":25.0,"turns":5.0},{"damage":7.0,"enemies":"Book of Stabbing","floor":28.0,"turns":5.0},{"damage":3.0,"enemies":"Chosen and Byrds","floor":29.0,"turns":4.0},{"damage":6.0,"enemies":"Slavers","floor":30.0,"turns":4.0},{"damage":17.0,"enemies":"Collector","floor":33.0,"turns":6.0},{"damage":7.0,"enemies":"3 Shapes","floor":35.0,"turns":3.0},{"damage":29,"enemies":"Reptomancer","floor":40,"turns":7},{"damage":27,"enemies":"3 Darklings","floor":41,"turns":5}],"seed_played":"1554235024095542797","potions_obtained":[{"floor":6.0,"key":"SpeedPotion"},{"floor":10.0,"key":"SkillPotion"},{"floor":11.0,"key":"AttackPotion"},{"floor":16.0,"key":"LiquidBronze"},{"floor":20.0,"key":"SkillPotion"},{"floor":22.0,"key":"Block Potion"},{"floor":27.0,"key":"Fruit Juice"},{"floor":27.0,"key":"Block Potion"},{"floor":29.0,"key":"Explosive Potion"},{"floor":33.0,"key":"LiquidBronze"},{"floor":40,"key":"Swift Potion"}],"is_trial":false,"path_per_floor":["M","?","M","?","M","E","R","E","T","E","M","M","$","$","R","B",null,"M","?","M","M","M","E","R","E","T","?","E","M","E","$","R","B",null,"M","?","$","?","?","E","M","$"],"character_chosen":"THE_SILENT","items_purchased":["Footwork","Deadly Poison","Poisoned Stab","TwistedFunnel","Noxious Fumes"],"campfire_rested":0,"item_purchase_floors":[13,14,14,31,37],"current_hp_per_floor":[70,70,70,70,70,48,57,20,20,20,17,16,16,16,28,5,70,69,69,69,58,48,44,59,46,46,51,44,41,35,35,50,33,75,68,59,59,59,59,30,3,3,3],"gold":173,"neow_bonus":"ONE_RARE_RELIC","is_daily":false,"chose_seed":false,"campfire_upgraded":4,"win_rate":0.0,"timestamp":1608588066,"path_taken":["M","?","M","?","?","E","R","E","T","E","M","M","?","$","R","BOSS","M","?","M","M","M","E","R","E","T","?","E","?","E","?","R","BOSS","M","?","$","?","?","E","M","$"],"items_purchased_type":["Card","Card","Card","Relic","Card"],"build_version":"2020-12-13","purchased_purges":1,"victory":false,"max_hp_per_floor":[70,70,70,70,70,70,70,70,70,70,70,70,70,70,70,70,70,70,70,70,70,70,70,70,70,70,75,75,75,75,75,75,75,75,75,75,75,75,75,75,75,75,75],"card_choices":[{"not_picked":["Underhanded Strike","Terror"],"picked":"Dagger Throw","floor":1.0},{"not_picked":["Quick Slash","PiercingWail"],"picked":"Bouncing Flask","floor":3.0},{"not_picked":["Sucker Punch","Masterful Stab"],"picked":"Acrobatics","floor":5.0},{"not_picked":["Backflip","Accuracy"],"picked":"Adrenaline","floor":6.0},{"not_picked":["Outmaneuver","PiercingWail"],"picked":"Prepared","floor":8.0},{"not_picked":["Deflect","Terror"],"picked":"Backflip","floor":10.0},{"not_picked":["Prepared","Slice"],"picked":"Underhanded Strike","floor":11.0},{"not_picked":["Quick Slash","Blade Dance","Grand Finale"],"picked":"SKIP","floor":12.0},{"not_picked":["Die Die Die","Phantasmal Killer"],"picked":"Venomology","floor":16.0},{"not_picked":["Flying Knee+1","Concentrate"],"picked":"Calculated Gamble+1","floor":18.0},{"not_picked":["PiercingWail","Bouncing Flask+1"],"picked":"Backflip","floor":20.0},{"not_picked":["Leg Sweep","Dagger Throw"],"picked":"Footwork","floor":21.0},{"not_picked":["Choke","Deflect+1"],"picked":"Crippling Poison","floor":22.0},{"not_picked":["Quick Slash","Skewer","Finisher"],"picked":"SKIP","floor":23.0},{"not_picked":["Malaise","Sucker Punch+1","Dodge and Roll"],"picked":"SKIP","floor":25.0},{"not_picked":["Quick Slash+1","Bouncing Flask"],"picked":"PiercingWail","floor":28.0},{"not_picked":["Quick Slash+1","Acrobatics","PiercingWail"],"picked":"SKIP","floor":29.0},{"not_picked":["Slice+1","Dodge and Roll"],"picked":"Blur","floor":30.0},{"not_picked":["Underhanded Strike+1","Acrobatics+1","Deflect"],"picked":"SKIP","floor":35},{"not_picked":["Sucker Punch","Underhanded Strike+1"],"picked":"Expertise+1","floor":40},{"not_picked":["Poisoned Stab","Slice","Cloak And Dagger+1"],"picked":"SKIP","floor":41}],"player_experience":216529,"relics_obtained":[{"floor":6.0,"key":"Eternal Feather"},{"floor":8.0,"key":"Mercury Hourglass"},{"floor":9.0,"key":"Mummified Hand"},{"floor":10.0,"key":"Pen Nib"},{"floor":23.0,"key":"Regal Pillow"},{"floor":25.0,"key":"Ancient Tea Set"},{"floor":28.0,"key":"Lantern"},{"floor":30.0,"key":"Orichalcum"},{"floor":40,"key":"CeramicFish"}],"event_choices":[{"damage_healed":0.0,"max_hp_gain":0.0,"max_hp_loss":0.0,"gold_gain":0.0,"cards_transformed":["Strike_G"],"event_name":"Living Wall","player_choice":"Change","floor":2.0,"gold_loss":0.0,"damage_taken":0.0,"cards_obtained":["Endless Agony"]},{"cards_removed":["Endless Agony"],"damage_healed":0.0,"max_hp_gain":0.0,"max_hp_loss":0.0,"gold_gain":0.0,"event_name":"Purifier","player_choice":"Purged","floor":4.0,"gold_loss":0.0,"damage_taken":0.0},{"damage_healed":0.0,"max_hp_gain":0.0,"max_hp_loss":0.0,"gold_gain":0.0,"event_name":"Ghosts","player_choice":"Ignored","floor":19.0,"gold_loss":0.0,"damage_taken":0.0},{"damage_healed":0.0,"max_hp_gain":0.0,"max_hp_loss":0.0,"gold_gain":0.0,"event_name":"Lab","player_choice":"Got Potions","floor":27.0,"gold_loss":0.0,"damage_taken":0.0},{"damage_healed":0,"gold_gain":0,"player_choice":"Embrace Madness","damage_taken":9,"max_hp_gain":0,"max_hp_loss":0,"event_name":"Winding Halls","floor":36,"gold_loss":0,"cards_obtained":["Madness","Madness"]},{"cards_removed":["Blur"],"damage_healed":0,"gold_gain":0,"player_choice":"Removed Skill","damage_taken":0,"max_hp_gain":0,"max_hp_loss":0,"event_name":"Falling","floor":38,"gold_loss":0},{"damage_healed":0,"gold_gain":0,"player_choice":"Ignored","damage_taken":0,"max_hp_gain":0,"max_hp_loss":0,"event_name":"Tomb of Lord Red Mask","floor":39,"gold_loss":0}],"is_beta":false,"boss_relics":[{"not_picked":["Runic Dome","Tiny House"],"picked":"Astrolabe"},{"not_picked":["Coffee Dripper","Empty Cage"],"picked":"Cursed Key"}],"items_purged_floors":[31],"is_endless":false,"potions_floor_spawned":[6,10,11,16,20,22,29,33,40],"ascension_level":4}}