{"host":"uceopoba4zvqsgiy","time":1608512895,"event":{"mods":["Act Like it!","BaseMod","Better Skull","Better Third Choice","Elementarium","GifTheSpireLib","Hermit","Humility","Infinite Spire","Jorbs\u0027s Wanderer Trilogy","Marked Mod","Minty Spire (QoL Compilation)","Potionbrewer","Replay The Spire","Robot Space Explorer","Shade Mod","Spicy Shops","StSLib","Stuff the Spire","The Blue Laboratory","The Cursed","The Dragon Tamer","The Hierophant","The Judge","The Jungle","Wandering Minibosses"],"gold_per_floor":[109,109,109,109,109,137,137,169,169,202,249,269,269,269],"floor_reached":13,"playtime":2252,"items_purged":[],"score":129,"play_id":"45802a2d-2f23-4793-9651-8dcbeb123539","local_time":"20201221113815","is_ascension_mode":true,"campfire_choices":[{"floor":7,"key":"REST"}],"circlet_count":0,"master_deck":["Strike_G","Strike_G","Strike_G","Strike_G","Strike_G","Defend_G","Defend_G","Defend_G","Defend_G","Defend_G","Survivor","Neutralize+1","Hidden Blade","Caltrops","Backstab","Venomology","Deadly Poison"],"relics":["Replay:Bronze Core","infinitespire:Cubic Diamond","Omamori","Quantum Egg","Bronze Scales","Pen Nib","StuffTheSpire:GrapeVine"],"acts_visited":["Exordium"],"potions_floor_usage":[6,8],"damage_taken":[{"damage":0,"enemies":"Jaw Worm","floor":1,"turns":5},{"damage":29,"enemies":"Lagavulin","floor":6,"turns":8},{"damage":9,"enemies":"Replay:BlueRogue","floor":8,"turns":6},{"damage":23,"enemies":"Lagavulin","floor":10,"turns":7},{"damage":0,"enemies":"Small Slimes","floor":12,"turns":2},{"damage":24,"enemies":"3 Sentries","floor":13,"turns":3}],"seed_played":"2123632313981262110","potions_obtained":[{"floor":1,"key":"blueLaboratory:RecallPotion"},{"floor":6,"key":"DistilledChaos"}],"is_trial":false,"path_per_floor":["M","?","?","$","?","E","R","E","T","E","T","M","E"],"character_chosen":"THE_SILENT","items_purchased":[],"campfire_rested":1,"item_purchase_floors":[],"current_hp_per_floor":[63,63,63,63,63,34,55,46,46,23,23,23,0,0],"gold":269,"neow_bonus":"BOSS_RELIC","is_daily":false,"chose_seed":false,"campfire_upgraded":0,"win_rate":0.0,"timestamp":1608512895,"path_taken":["M","?","?","?","?","E","R","E","T","E","?","M","E"],"items_purchased_type":[],"build_version":"2020-12-13","purchased_purges":0,"victory":false,"max_hp_per_floor":[70,70,70,70,70,70,70,70,70,70,70,70,70,70],"card_choices":[{"not_picked":["Quick Slash","StuffTheSpire:BumpUp"],"picked":"Hidden Blade","floor":1},{"not_picked":["StuffTheSpire:Incantation","Dash"],"picked":"Caltrops","floor":6},{"not_picked":["Dagger Throw","StuffTheSpire:Sprint"],"picked":"Backstab","floor":8},{"not_picked":["Masterful Stab","Flying Knee"],"picked":"Venomology","floor":10},{"not_picked":["Finisher","Hidden Blade"],"picked":"Deadly Poison","floor":12}],"player_experience":1555383,"relics_obtained":[{"floor":6,"key":"Omamori"},{"floor":8,"key":"Quantum Egg"},{"floor":9,"key":"Bronze Scales"},{"floor":10,"key":"Pen Nib"},{"floor":11,"key":"StuffTheSpire:GrapeVine"}],"event_choices":[{"damage_healed":0,"gold_gain":0,"player_choice":"Leave","damage_taken":0,"max_hp_gain":0,"max_hp_loss":0,"event_name":"The Cleric","floor":3,"gold_loss":0},{"damage_healed":0,"gold_gain":0,"player_choice":"Grow","damage_taken":0,"max_hp_gain":0,"max_hp_loss":0,"event_name":"Living Wall","floor":5,"gold_loss":0,"cards_upgraded":["Neutralize"]}],"is_beta":false,"boss_relics":[],"items_purged_floors":[],"is_endless":false,"potions_floor_spawned":[1,6],"killed_by":"3 Sentries","ascension_level":6}}