{"host":"baymyijz6sxaqj5s","time":1608542156,"event":{"mods":["AchievementEnabler","BaseMod","Colored Map","Colored Powertips","DeckTracker","KOR Keyword Fix","Keyboard Shortcuts","Minty Spire (QoL Compilation)","StSLib","SuperFastMode"],"gold_per_floor":[117,133,153,167,182,182,196,196,196,48,62,62,62,80,80,183,183,195,135,60,73,88,88,88,88],"floor_reached":24,"playtime":882,"items_purged":["Strike_R"],"score":192,"play_id":"a3ae605f-4f2d-46e4-a802-bdcc6cf14af0","local_time":"20201221181556","is_ascension_mode":false,"campfire_choices":[{"data":"Armaments","floor":6,"key":"SMITH"},{"floor":8,"key":"REST"},{"data":"Body Slam","floor":15,"key":"SMITH"},{"floor":23,"key":"REST"}],"circlet_count":0,"master_deck":["Strike_R","Strike_R","Strike_R+1","Defend_R+1","Defend_R","Defend_R","Defend_R","Bash","Armaments+1","Thunderclap","Pommel Strike","Shrug It Off","Body Slam+1","Impervious","Sword Boomerang"],"relics":["Burning Blood","Self Forming Clay","Lantern"],"acts_visited":["Exordium","TheCity"],"potions_floor_usage":[7,7,16,16,22,22,24],"damage_taken":[{"damage":4,"enemies":"2 Louse","floor":1,"turns":3},{"damage":1,"enemies":"Jaw Worm","floor":2,"turns":5},{"damage":1,"enemies":"Cultist","floor":3,"turns":3},{"damage":8,"enemies":"Red Slaver","floor":4,"turns":4},{"damage":6,"enemies":"2 Fungi Beasts","floor":5,"turns":5},{"damage":29,"enemies":"Gremlin Gang","floor":7,"turns":7},{"damage":10,"enemies":"Large Slime","floor":11,"turns":6},{"damage":16,"enemies":"Exordium Wildlife","floor":14,"turns":5},{"damage":40,"enemies":"Hexaghost","floor":16,"turns":12},{"damage":23,"enemies":"2 Thieves","floor":18,"turns":5},{"damage":5,"enemies":"Shell Parasite","floor":21,"turns":9},{"damage":24,"enemies":"Sentry and Sphere","floor":22,"turns":10},{"damage":83,"enemies":"Gremlin Leader","floor":24,"turns":5}],"seed_played":"5129108741505485288","potions_obtained":[{"floor":4,"key":"ColorlessPotion"},{"floor":5,"key":"Dexterity Potion"},{"floor":11,"key":"GamblersBrew"},{"floor":14,"key":"Regen Potion"},{"floor":18,"key":"Strength Potion"},{"floor":21,"key":"Swift Potion"},{"floor":22,"key":"LiquidBronze"}],"is_trial":false,"path_per_floor":["M","M","M","M","M","R","M","R","T","$","M","?","$","M","R","B",null,"M","?","$","M","M","R","E"],"character_chosen":"IRONCLAD","items_purchased":["Lantern"],"campfire_rested":2,"item_purchase_floors":[10],"current_hp_per_floor":[88,88,88,86,86,86,63,88,88,88,84,66,66,56,56,37,88,71,71,71,72,54,80,0,0],"gold":88,"neow_bonus":"TEN_PERCENT_HP_BONUS","is_daily":false,"chose_seed":false,"campfire_upgraded":2,"win_rate":0.0,"timestamp":1608542156,"path_taken":["M","M","M","M","M","R","M","R","T","$","M","?","$","M","R","BOSS","M","?","$","M","M","R","E"],"items_purchased_type":["Relic"],"build_version":"2020-12-13","purchased_purges":1,"victory":false,"max_hp_per_floor":[88,88,88,88,88,88,88,88,88,88,88,88,88,88,88,88,88,88,88,88,88,88,88,88,88],"card_choices":[{"not_picked":["Wild Strike","Carnage"],"picked":"Armaments","floor":1},{"not_picked":["Iron Wave","Dark Embrace"],"picked":"Thunderclap","floor":2},{"not_picked":["Clash","Warcry"],"picked":"Pommel Strike","floor":3},{"not_picked":["True Grit","Wild Strike"],"picked":"Shrug It Off","floor":4},{"not_picked":["Intimidate","Reckless Charge","Burning Pact"],"picked":"SKIP","floor":5},{"not_picked":["Intimidate","Reckless Charge","Burning Pact"],"picked":"SKIP","floor":5},{"not_picked":["Burning Pact","Havoc"],"picked":"Body Slam","floor":7},{"not_picked":["Anger","Rage","Flex"],"picked":"SKIP","floor":11},{"not_picked":["Wild Strike","Flex"],"picked":"Impervious","floor":14},{"not_picked":["Battle Trance","Armaments"],"picked":"Sword Boomerang","floor":18},{"not_picked":["Searing Blow","Iron Wave","Dark Embrace"],"picked":"SKIP","floor":21},{"not_picked":["Armaments","Wild Strike","Thunderclap"],"picked":"SKIP","floor":22}],"player_experience":159218,"relics_obtained":[{"floor":9,"key":"Self Forming Clay"}],"event_choices":[{"damage_healed":0,"gold_gain":0,"player_choice":"Entered Light","damage_taken":18,"max_hp_gain":0,"max_hp_loss":0,"event_name":"Shining Light","floor":12,"gold_loss":0,"cards_upgraded":["Strike_R","Defend_R"]},{"cards_removed":["Strike_R"],"damage_healed":0,"gold_gain":0,"player_choice":"Single Remove","damage_taken":0,"max_hp_gain":0,"max_hp_loss":0,"event_name":"Designer","floor":19,"gold_loss":60}],"is_beta":false,"boss_relics":[{"not_picked":["Cursed Key","Coffee Dripper","Runic Pyramid"]}],"items_purged_floors":[20],"is_endless":false,"potions_floor_spawned":[4,5,11,14,18,21,22],"killed_by":"Gremlin Leader","ascension_level":0}}