{"host":"x7btokbb0w2jhl7e","time":1608540579,"event":{"mods":["ATMod(°¢èªMod)","Act Like it!","BaseMod","Hallownest","Minty Spire (QoL Compilation)","Quick Restart","StSLib"],"gold_per_floor":[113,113,123,163,174,174,99,99,180,213,213,224,224,240,240,315,315,330,59,78,78,28,28,42,58,133,133,156,156,184,227,227,227,227],"floor_reached":33,"playtime":1777,"items_purged":["Strike_G","Strike_G"],"score":600,"play_id":"22dfd8f0-cdd1-410f-8879-31afa5d08cd1","local_time":"20201221164939","is_ascension_mode":true,"campfire_choices":[{"data":"AT_WomanClash","floor":6.0,"key":"SMITH"},{"data":"AT_Dispersion","floor":8.0,"key":"SMITH"},{"data":"Neutralize","floor":11.0,"key":"SMITH"},{"data":"Tactician","floor":13.0,"key":"SMITH"},{"data":"Reflex","floor":15.0,"key":"SMITH"},{"floor":23.0,"key":"REST"},{"data":"Acrobatics","floor":27,"key":"SMITH"},{"data":"Concentrate","floor":29,"key":"SMITH"},{"data":"Defend_G","floor":32,"key":"PURGE"}],"circlet_count":0,"master_deck":["AscendersBane","Strike_G","Defend_G","Defend_G","Defend_G","Survivor","Neutralize+1","AT_Dispersion+1","AT_WomanClash+1","Tactician+1","Hallownest:skillGreenpathMap","Reflex+1","Adrenaline","Blade Dance","Acrobatics+1","Concentrate+1","Backflip"],"relics":["Ring of the Snake","AT_ATBox","NeowsBlessing","Hallownest:DreamNailRelic","Gremlin Horn","Smiling Mask","Empty Cage","Lantern","Kunai","Peace Pipe"],"acts_visited":["Hallownest:Greenpath","Hallownest:CityofTears"],"potions_floor_usage":[],"damage_taken":[{"damage":0.0,"enemies":"Hallownest:2_Baldur","floor":1.0,"turns":1.0},{"damage":0.0,"enemies":"2_ Uuma","floor":3.0,"turns":1.0},{"damage":0.0,"enemies":"Hallownest:monsterHuskWarrior","floor":5.0,"turns":1.0},{"damage":5.0,"enemies":"Hallownest:eliteMossKnight","floor":10.0,"turns":13.0},{"damage":7.0,"enemies":"Hallownest:1_Baldur_1_Crawlid_1_Warrior","floor":12.0,"turns":6.0},{"damage":4.0,"enemies":"Hallownest:1_Ooma_and_2_Uuma","floor":14.0,"turns":6.0},{"damage":17.0,"enemies":"Hallownest:BossBrokenVessel","floor":16.0,"turns":11.0},{"damage":26.0,"enemies":"Hallownest:3_Youths","floor":18.0,"turns":8.0},{"damage":8.0,"enemies":"Hallownest:Guard_and_Sentry","floor":20.0,"turns":9.0},{"damage":5.0,"enemies":"Hallownest:monsterShrumalOgre","floor":24.0,"turns":9.0},{"damage":0,"enemies":"Hallownest:2_Flukemon","floor":25,"turns":3},{"damage":0,"enemies":"Hallownest:eliteWatcherKnight","floor":30,"turns":32},{"damage":0,"enemies":"Hallownest:Glutton_and_Coward","floor":31,"turns":5},{"damage":54,"enemies":"Hallownest:BossGrimm","floor":33,"turns":7}],"seed_played":"5014401787884858592","potions_obtained":[{"floor":1.0,"key":"Weak Potion"},{"floor":3.0,"key":"Fruit Juice"},{"floor":18.0,"key":"DuplicationPotion"},{"floor":20.0,"key":"Weak Potion"},{"floor":31,"key":"LiquidBronze"}],"is_trial":false,"path_per_floor":["M","?","M","?","M","R","?","R","T","E","R","M","R","M","R","B",null,"M","$","M","?","$","R","M","M","T","R","T","R","E","M","R","B"],"character_chosen":"THE_SILENT","items_purchased":["Blade Dance","Lantern"],"campfire_rested":1,"item_purchase_floors":[19,19],"current_hp_per_floor":[59,59,59,59,59,59,59,59,59,54,54,47,47,43,43,26,56,30,30,27,21,21,42,37,37,37,37,37,37,37,37,37,0,0],"gold":227,"neow_bonus":"THREE_ENEMY_KILL","is_daily":false,"chose_seed":false,"campfire_upgraded":7,"win_rate":0.0,"timestamp":1608540579,"path_taken":["M","?","?","?","?","R","?","R","T","E","R","M","R","M","R","BOSS","M","$","M","?","?","R","M","M","T","R","?","R","E","?","R","BOSS"],"items_purchased_type":["Card","Relic"],"build_version":"2020-12-13","purchased_purges":2,"victory":false,"max_hp_per_floor":[66,66,66,66,66,66,66,66,66,66,66,66,66,66,66,66,66,66,66,71,71,71,71,71,71,71,71,71,71,71,71,71,71,71],"card_choices":[{"not_picked":["Caltrops","Acrobatics"],"picked":"AT_WomanClash","floor":1.0},{"not_picked":["Bane","Dagger Spray","Poisoned Stab"],"picked":"SKIP","floor":3.0},{"not_picked":["Prepared","Dodge and Roll"],"picked":"Tactician","floor":5.0},{"not_picked":["Sucker Punch","AT_FocusSwordFire"],"picked":"Reflex","floor":10.0},{"not_picked":["Quick Slash","Cloak And Dagger","Setup"],"picked":"SKIP","floor":12.0},{"not_picked":["Cloak And Dagger","Outmaneuver","Dodge and Roll"],"picked":"SKIP","floor":14.0},{"not_picked":["Glass Knife","Night Terror"],"picked":"Adrenaline","floor":16.0},{"not_picked":["Poisoned Stab","AT_WomanClash","Flying Knee"],"picked":"SKIP","floor":18.0},{"not_picked":["Dodge and Roll","Masterful Stab","Outmaneuver"],"picked":"SKIP","floor":20.0},{"not_picked":["Flying Knee+1","Backflip+1"],"picked":"Acrobatics","floor":24.0},{"not_picked":["Poisoned Stab","AT_KneejerkReflex"],"picked":"Concentrate","floor":25},{"not_picked":["Sucker Punch","All Out Attack"],"picked":"Backflip","floor":30},{"not_picked":["Deadly Poison","Dagger Spray","Heel Hook"],"picked":"SKIP","floor":31},{"not_picked":["Deadly Poison","Dagger Spray","Heel Hook"],"picked":"SKIP","floor":31},{"not_picked":["Deadly Poison","Dagger Spray","Heel Hook"],"picked":"SKIP","floor":31}],"player_experience":222770,"relics_obtained":[{"floor":9.0,"key":"Gremlin Horn"},{"floor":10.0,"key":"Smiling Mask"},{"floor":26,"key":"Kunai"},{"floor":30,"key":"Peace Pipe"}],"event_choices":[],"is_beta":false,"boss_relics":[{"not_picked":["Velvet Choker","Coffee Dripper"],"picked":"Empty Cage"}],"items_purged_floors":[19,22],"is_endless":false,"potions_floor_spawned":[1,3,18,20,31],"killed_by":"Hallownest:BossGrimm","ascension_level":20}}