{"host":"agga6lej02o7kt08","time":1608557995,"event":{"mods":["Arknights The Spire","Aspiration","BaseMod","Better Third Choice","BetterRewards","Colored Map","Colored Powertips","Hubris","Minty Spire (QoL Compilation)","Replay The Spire","Spicy Shops","StSLib","¡¼?Úª?ø«¡½REMEMod"],"gold_per_floor":[116,132,132,57,57,57,67,99,99,117,143,143,174,186,186,257,257,267,278,278,289,299,329,329,118,118,147,165,199,249,265,265,344,344,364,364,379,389,403,432,432,457,457,490,515,515,515,525,525,525,525,525,775,810,810],"floor_reached":56,"playtime":2053,"items_purged":["ats:Powerful Strike","ats:Powerful Strike","ats:Defend Up"],"score":3551,"play_id":"681cd143-96f2-4637-a3ab-be338295dbd4","local_time":"20201221223955","is_ascension_mode":true,"campfire_choices":[{"data":"ats:Emotion Absorption","floor":6.0,"key":"SMITH"},{"data":"ats:Emotion Absorption","floor":6.0,"key":"SMITH"},{"data":"ats:Soul Absorption","floor":12.0,"key":"SMITH"},{"data":"ats:Very Hot Blade","floor":12.0,"key":"SMITH"},{"data":"ats:Armor Crushing Shot","floor":15.0,"key":"SMITH"},{"data":"TalkToTheHand","floor":15.0,"key":"SMITH"},{"floor":24.0,"key":"RECALL"},{"floor":32.0,"key":"DIG"},{"floor":47.0,"key":"DIG"},{"floor":49.0,"key":"DIG"},{"floor":52.0,"key":"DIG"}],"circlet_count":0,"master_deck":["AscendersBane","ats:Armor Crushing Shot+1","ats:Emotion Absorption+1","ats:Emotion Absorption+1","ats:Hook Shot+1","ats:Soul Absorption+1","ats:Very Hot Blade+1","TalkToTheHand+1","Offering+1","Adrenaline","ats:Very Hot Blade+1","ats:Fate"],"relics":["ats:Sanity","REME_ComplimentaryCards","Replay:Arrowhead","Prayer Wheel","ats:Special","TungstenRod","Iron Hammer","Shovel","aspiration:Nostalgia","Replay:M_StaffOfTheSnake","Incense Burner","ats:Arts","Ice Cream","Snack Pack","ReplayTheSpireMod:TigerMarble","Smiling Mask","Bird Faced Urn","Runic Dome","hubris:DeckOfHolding","Replay:Baseball","ats:Military Tradition","Ancient Tea Set","aspiration:HatOfInfinitePower","ReplayTheSpireMod:Ninjato","Replay:Drink Me","Omamori","hubris:Towel","StoneCalendar","Sundial","ReplayTheSpireMod:Lightbulb","hubris:BundleOfHerbs","hubris:Icosahedron","Mercury Hourglass","Vajra","Chameleon Ring","hubris:NiceRug","ats:Berate","Replay:Mystery Machine","Sling","ats:Ability Aura","Garlic","PrismaticShard","hubris:SphereOfDissonance"],"acts_visited":["Exordium","TheCity","TheBeyond","TheEnding"],"potions_floor_usage":[55],"damage_taken":[{"damage":0.0,"enemies":"Small Slimes","floor":1.0,"turns":2.0},{"damage":0.0,"enemies":"Cultist","floor":2.0,"turns":3.0},{"damage":0.0,"enemies":"Jaw Worm","floor":7.0,"turns":2.0},{"damage":0.0,"enemies":"Gremlin Nob","floor":8.0,"turns":2.0},{"damage":0.0,"enemies":"Red Slaver","floor":10.0,"turns":2.0},{"damage":0.0,"enemies":"Lagavulin","floor":11.0,"turns":1.0},{"damage":0.0,"enemies":"Replay:BlueRogue","floor":13.0,"turns":1.0},{"damage":0.0,"enemies":"3 Louse","floor":14.0,"turns":1.0},{"damage":0.0,"enemies":"Slime Boss","floor":16.0,"turns":4.0},{"damage":5.0,"enemies":"Spheric Guardian","floor":18.0,"turns":1.0},{"damage":5.0,"enemies":"Chosen","floor":19.0,"turns":2.0},{"damage":5.0,"enemies":"Centurion and Healer","floor":21.0,"turns":1.0},{"damage":5.0,"enemies":"Shelled Parasite and Fungi","floor":22.0,"turns":1.0},{"damage":3.0,"enemies":"REME_1_Revenger","floor":23.0,"turns":3.0},{"damage":5.0,"enemies":"Gremlin Leader","floor":27.0,"turns":3.0},{"damage":0.0,"enemies":"3 Cultists","floor":28.0,"turns":2.0},{"damage":5.0,"enemies":"Replay:Snechameleon","floor":29.0,"turns":2.0},{"damage":5.0,"enemies":"Centurion and Healer","floor":31.0,"turns":1.0},{"damage":5.0,"enemies":"Champ","floor":33.0,"turns":1.0},{"damage":0.0,"enemies":"3 Shapes","floor":35.0,"turns":1.0},{"damage":0.0,"enemies":"3 Darklings","floor":37.0,"turns":1.0},{"damage":0.0,"enemies":"Transient","floor":38.0,"turns":1.0},{"damage":0.0,"enemies":"4 Shapes","floor":39.0,"turns":1.0},{"damage":5.0,"enemies":"Nemesis","floor":40.0,"turns":1.0},{"damage":5.0,"enemies":"Reptomancer","floor":42.0,"turns":1.0},{"damage":0.0,"enemies":"Giant Head","floor":44.0,"turns":1.0},{"damage":5.0,"enemies":"Mind Bloom Boss Battle","floor":45.0,"turns":1.0},{"damage":5.0,"enemies":"Sphere and 2 Shapes","floor":48.0,"turns":1.0},{"damage":0.0,"enemies":"hubris:GrandSnecko","floor":50.0,"turns":1.0},{"damage":5.0,"enemies":"hubris:Merchant","floor":53.0,"turns":2.0},{"damage":0.0,"enemies":"Shield and Spear","floor":54.0,"turns":1.0},{"damage":5,"enemies":"The Heart","floor":55,"turns":3}],"seed_played":"2906036815849816720","potions_obtained":[{"floor":8.0,"key":"Elixir"},{"floor":13.0,"key":"FearPotion"},{"floor":22.0,"key":"GamblersBrew"}],"is_trial":false,"path_per_floor":["M","M","?","$","?","R","M","E","T","M","E","R","E","M","R","B",null,"M","M","?","M","M","E","R","$","T","E","M","E","?","M","R","B",null,"M","?","M","M","M","E","?","E","T","E","?","?","R","M","R","B",null,"R","$","E","B",null],"character_chosen":"DOCTOR_CLASS","items_purchased":["Prayer Wheel","ats:Special","ats:Hook Shot","Iron Hammer","aspiration:Nostalgia","ats:Arts","Snack Pack","Replay:Baseball"],"campfire_rested":0,"item_purchase_floors":[0,0,0,0,0,0,0,25],"current_hp_per_floor":[25,27,27,27,27,27,29,33,33,35,43,43,47,51,51,55,68,67,68,68,67,68,71,71,71,71,71,72,72,66,67,67,72,54,54,54,54,54,54,54,54,54,54,54,54,54,54,54,54,54,54,54,54,54,54],"gold":810,"neow_bonus":"","is_daily":false,"chose_seed":false,"campfire_upgraded":6,"win_rate":0.0,"timestamp":1608557995,"path_taken":["M","M","?","$","?","R","M","E","T","M","E","R","E","M","R","BOSS","M","?","?","M","M","E","R","$","T","E","?","E","?","M","R","BOSS","M","?","?","M","M","E","?","E","T","E","?","?","R","?","R","BOSS","R","$","E","BOSS"],"items_purchased_type":["Relic","Relic","Card","Relic","Relic","Relic","Relic","Relic"],"build_version":"2020-12-13","purchased_purges":3,"victory":true,"max_hp_per_floor":[72,72,72,72,72,72,72,72,72,72,72,72,72,72,72,72,72,72,72,72,72,72,72,72,72,72,72,72,72,72,72,72,72,54,54,54,54,54,54,54,54,54,54,54,54,54,54,54,54,54,54,54,54,54,54],"card_choices":[{"not_picked":["Crescendo","ats:Composite Medical Shells","ClearTheMind"],"picked":"SKIP","floor":1.0},{"not_picked":["ats:Attack Strengthen","SashWhip","CutThroughFate"],"picked":"SKIP","floor":1.0},{"not_picked":["ats:Revitalization","SashWhip","ats:Attack Strengthen"],"picked":"SKIP","floor":2.0},{"not_picked":["Dagger Throw","ats:Attack Strengthen","Outmaneuver"],"picked":"SKIP","floor":2.0},{"not_picked":["Sanctity","ats:Consecutive Shot: Auto"],"picked":"ats:Soul Absorption","floor":7.0},{"not_picked":["Phantasmal Killer","Crescendo","ats:Attack Strengthen"],"picked":"SKIP","floor":7.0},{"not_picked":["ats:Explosion Area Strengthen","Nirvana","Dagger Throw"],"picked":"SKIP","floor":8.0},{"not_picked":["ats:Attack Strengthen","ats:Counter Healing Mode"],"picked":"ats:Very Hot Blade","floor":10.0},{"not_picked":["ClearTheMind","ats:Thorns","ats:Assault Order"],"picked":"SKIP","floor":10.0},{"not_picked":["ats:Counter Healing Mode","ClearTheMind","ats:Curse Doll"],"picked":"SKIP","floor":11.0},{"not_picked":["ats:Attack Strengthen","Bullet Time","Outmaneuver"],"picked":"SKIP","floor":13.0},{"not_picked":["ats:Consecutive Shot: Auto","ats:Overload"],"picked":"TalkToTheHand","floor":14.0},{"not_picked":["Crescendo","ats:Consecutive Shot: Auto","ats:Curse Doll"],"picked":"SKIP","floor":14.0},{"not_picked":["ats:Ambush","Die Die Die"],"picked":"Adrenaline","floor":16.0},{"not_picked":["ats:Consecutive Shot: Auto","ats:Assault Order","ats:Just Like an Apocalypse+1"],"picked":"SKIP","floor":18.0},{"not_picked":["ats:Poison Spread","ats:Cat Scratch","ats:Encircling Forest"],"picked":"SKIP","floor":18.0},{"not_picked":["ats:Soul Absorption","ats:Rapid Magazine","ats:Cat Scratch"],"picked":"SKIP","floor":19.0},{"not_picked":["ats:Poison Spread","ats:Explosion Area Strengthen","ats:Cat Scratch"],"picked":"SKIP","floor":19.0},{"not_picked":["ats:Assault Order","ats:Explosion Area Strengthen","ats:Shell Defense"],"picked":"SKIP","floor":21.0},{"not_picked":["ats:Curse Doll","ats:Overload","ats:Shadow Raid"],"picked":"SKIP","floor":21.0},{"not_picked":["ats:Assault Order","ats:Soul Absorption","ats:Support Order"],"picked":"SKIP","floor":22.0},{"not_picked":["ats:Assault Order+1","ats:Neurotoxin","ats:Flexible Camouflage"],"picked":"SKIP","floor":22.0},{"not_picked":["ats:Overload","ats:Dogmatic Field"],"picked":"ats:Very Hot Blade+1","floor":23.0},{"not_picked":["ats:Attack Strengthen","ats:Spore Proliferation","ats:Thermite Blade"],"picked":"SKIP","floor":27.0},{"not_picked":["ats:Just Like an Apocalypse","ats:Consecutive Shot: Auto+1","ats:Revitalization"],"picked":"SKIP","floor":28.0},{"not_picked":["ats:Explosion Area Strengthen","ats:Red Shift","ats:Assault Order"],"picked":"SKIP","floor":28.0},{"not_picked":["ats:Composite Medical Shells","ats:Hook Shot","ats:Consecutive Shot: Auto+1"],"picked":"SKIP","floor":29.0},{"not_picked":["ats:Magnetic Hammer+1","ats:Composite Medical Shells+1","ats:Explosion Area Strengthen"],"picked":"SKIP","floor":31.0},{"not_picked":["ats:Red Shift","ats:Consecutive Shot: Auto","ats:Encircling Forest"],"picked":"SKIP","floor":31.0},{"not_picked":["ats:Composite Medical Shells","ats:Assault Order","ats:Thorns"],"picked":"SKIP","floor":35.0},{"not_picked":["ats:Flexible Camouflage+1","ats:Automatic Cover","ats:Assault Order"],"picked":"SKIP","floor":35.0},{"not_picked":["ats:Neurotoxin","ats:Magnetic Hammer","ats:Very Hot Blade"],"picked":"SKIP","floor":37.0},{"not_picked":["ats:Flexible Camouflage+1","ats:Curse Doll","ats:Just Like an Apocalypse+1"],"picked":"SKIP","floor":37.0},{"not_picked":["ats:Just Like an Apocalypse+1","ats:Composite Medical Shells","ats:Encircling Forest"],"picked":"SKIP","floor":38.0},{"not_picked":["ats:Support Order","ats:Curse Doll+1","ats:Ignite"],"picked":"SKIP","floor":38.0},{"not_picked":["ats:Consecutive Shot: Auto","ats:Revitalization","ats:Assault Order"],"picked":"SKIP","floor":39.0},{"not_picked":["ats:Assault Order+1","ats:Cat Scratch+1","ats:Revitalization+1"],"picked":"SKIP","floor":39.0},{"not_picked":["ats:Thermite Blade","ats:Defend Order","ats:Very Hot Blade"],"picked":"SKIP","floor":40.0},{"not_picked":["ats:Consecutive Shot: Auto","ats:Just Like an Apocalypse"],"picked":"ats:Fate","floor":42.0},{"not_picked":["ats:Volcano","ats:Automatic Cover+1","ats:Assault Order"],"picked":"SKIP","floor":44.0},{"not_picked":["ats:Volcano","ats:Automatic Cover+1","ats:Assault Order"],"picked":"SKIP","floor":44.0},{"not_picked":["ats:Assault Order+1","ats:Overload","ats:Just Like an Apocalypse"],"picked":"SKIP","floor":48.0},{"not_picked":["ats:Magnetic Hammer","ats:Poison Spread+1","ats:Curse Doll"],"picked":"SKIP","floor":48.0},{"not_picked":["ats:Shadow Assault"],"picked":"SKIP","floor":53.0},{"not_picked":["ats:Attack Strengthen"],"picked":"SKIP","floor":53.0},{"not_picked":["ats:Support Order"],"picked":"SKIP","floor":53.0},{"not_picked":["ats:Shell Defense"],"picked":"SKIP","floor":53.0},{"not_picked":["ats:Composite Medical Shells"],"picked":"SKIP","floor":53.0},{"not_picked":["Deep Breath"],"picked":"SKIP","floor":53.0},{"not_picked":["REME_BuildACard"],"picked":"SKIP","floor":53.0},{"not_picked":["Study","Thunderclap","Twin Strike"],"picked":"SKIP","floor":54.0}],"player_experience":805495,"relics_obtained":[{"floor":8.0,"key":"ReplayTheSpireMod:TigerMarble"},{"floor":11.0,"key":"Smiling Mask"},{"floor":13.0,"key":"Bird Faced Urn"},{"floor":23.0,"key":"hubris:DeckOfHolding"},{"floor":26.0,"key":"ats:Military Tradition"},{"floor":27.0,"key":"Ancient Tea Set"},{"floor":29.0,"key":"aspiration:HatOfInfinitePower"},{"floor":32.0,"key":"ReplayTheSpireMod:Ninjato"},{"floor":40.0,"key":"Omamori"},{"floor":42.0,"key":"StoneCalendar"},{"floor":43.0,"key":"Sundial"},{"floor":44.0,"key":"ReplayTheSpireMod:Lightbulb"},{"floor":45.0,"key":"hubris:BundleOfHerbs"},{"floor":47.0,"key":"Mercury Hourglass"},{"floor":49.0,"key":"Vajra"},{"floor":52.0,"key":"Chameleon Ring"},{"floor":53.0,"key":"ats:Berate"},{"floor":53.0,"key":"Replay:Mystery Machine"},{"floor":53.0,"key":"Sling"},{"floor":53.0,"key":"ats:Ability Aura"},{"floor":53.0,"key":"Garlic"},{"floor":53.0,"key":"PrismaticShard"},{"floor":54.0,"key":"hubris:SphereOfDissonance"}],"event_choices":[{"cards_removed":["ats:Defend Up"],"damage_healed":0.0,"max_hp_gain":0.0,"max_hp_loss":0.0,"gold_gain":0.0,"event_name":"Living Wall","player_choice":"Forget","floor":3.0,"gold_loss":0.0,"damage_taken":0.0},{"damage_healed":0.0,"max_hp_gain":0.0,"max_hp_loss":0.0,"gold_gain":0.0,"event_name":"Accursed Blacksmith","player_choice":"Forge","floor":5.0,"gold_loss":0.0,"damage_taken":0.0,"cards_upgraded":["ats:Hook Shot"]},{"damage_healed":0.0,"max_hp_gain":0.0,"max_hp_loss":0.0,"gold_gain":0.0,"event_name":"WeMeetAgain","player_choice":"Gave Potion","floor":20.0,"gold_loss":0.0,"damage_taken":0.0,"relics_obtained":["hubris:AstralHammer"]},{"damage_healed":0.0,"max_hp_gain":0.0,"max_hp_loss":0.0,"gold_gain":50.0,"event_name":"FaceTrader","player_choice":"Touch","floor":30.0,"gold_loss":0.0,"damage_taken":7.0},{"damage_healed":0.0,"max_hp_gain":0.0,"max_hp_loss":0.0,"gold_gain":0.0,"event_name":"Upgrade Shrine","player_choice":"Upgraded","floor":36.0,"gold_loss":0.0,"damage_taken":0.0,"cards_upgraded":["Offering"]},{"damage_healed":0.0,"max_hp_gain":0.0,"max_hp_loss":0.0,"gold_gain":0.0,"event_name":"MindBloom","player_choice":"Fight","floor":45.0,"gold_loss":0.0,"damage_taken":0.0}],"is_beta":false,"boss_relics":[{"not_picked":["REME_DemonsWealth","ChewingGum"],"picked":"Runic Dome"},{"not_picked":["Astrolabe","aspiration:SecretTechniqueScroll"],"picked":"Replay:Drink Me"}],"items_purged_floors":[4,25,53],"is_endless":false,"potions_floor_spawned":[8,13,19,22,27,28,31,35,38,42,45,48],"ascension_level":17}}