{"host":"7gewg82ormp6yt4e","time":1608559619,"event":{"mods":["BaseMod","Block Reminder","Colored Map","Colored Powertips","DeckTracker","Highlight Path","Minty Spire (QoL Compilation)","Relic Stats","StSLib"],"gold_per_floor":[119,119,134,146,158,158,187,187,187,187,198,69,69,79,79,156,156,169,189,189,189,203,203,230,39,39,65,65,45,60,60,60,139,139,154,166,185,204,223,258,258,289,316,316,333,348,381,163,163,163,163,163,163,47,78,78],"floor_reached":57,"playtime":4759,"items_purged":[],"score":3318,"play_id":"ee741a3d-9ed1-4970-ae2f-007df059a234","local_time":"20201221230659","is_ascension_mode":true,"campfire_choices":[{"data":"Glass Knife","floor":6,"key":"SMITH"},{"data":"Burst","floor":8,"key":"SMITH"},{"floor":13,"key":"REST"},{"data":"Catalyst","floor":15,"key":"SMITH"},{"floor":23,"key":"REST"},{"data":"Footwork","floor":28,"key":"SMITH"},{"data":"Deadly Poison","floor":32,"key":"SMITH"},{"data":"Catalyst","floor":41,"key":"SMITH"},{"floor":44,"key":"REST"},{"floor":49,"key":"RECALL"},{"floor":53,"key":"REST"}],"circlet_count":0,"master_deck":["AscendersBane","Survivor+1","Neutralize","Glass Knife+1","Escape Plan","Deflect","Backstab","Footwork+1","Deadly Poison","Doppelganger","Heel Hook","Catalyst+1","Backflip","Deadly Poison+1","PiercingWail","Burst+1","Venomology","Reflex","Dagger Throw","Flying Knee","Noxious Fumes","Malaise+1","Leg Sweep","Catalyst+1","Blur","Deflect+1","PiercingWail","Acrobatics+1","Blur","Escape Plan","Crippling Poison","Crippling Poison+1","Night Terror"],"relics":["Pandora\u0027s Box","The Courier","Chemical X","Runic Pyramid","Thread and Needle","OrangePellets","HornCleat","Anchor","SacredBark","War Paint","Oddly Smooth Stone","Blue Candle","Bottled Tornado","Ginger"],"acts_visited":["Exordium","TheCity","TheBeyond","TheEnding"],"potions_floor_usage":[11,11,18,24,27,29,33,35,35,37,37,38,38,38,38,39,40,40,45,50,51,55,56],"damage_taken":[{"damage":8,"enemies":"Jaw Worm","floor":1,"turns":2},{"damage":0,"enemies":"Small Slimes","floor":3,"turns":2},{"damage":4,"enemies":"2 Louse","floor":4,"turns":2},{"damage":13,"enemies":"Exordium Wildlife","floor":5,"turns":4},{"damage":15,"enemies":"Lagavulin","floor":7,"turns":4},{"damage":0,"enemies":"Exordium Thugs","floor":11,"turns":2},{"damage":0,"enemies":"Blue Slaver","floor":14,"turns":2},{"damage":0,"enemies":"Hexaghost","floor":16,"turns":4},{"damage":1,"enemies":"3 Byrds","floor":18,"turns":4},{"damage":0,"enemies":"Chosen","floor":19,"turns":3},{"damage":0,"enemies":"Snake Plant","floor":22,"turns":2},{"damage":0,"enemies":"Gremlin Leader","floor":24,"turns":4},{"damage":0,"enemies":"Book of Stabbing","floor":27,"turns":3},{"damage":0,"enemies":"Sentry and Sphere","floor":30,"turns":4},{"damage":0,"enemies":"Champ","floor":33,"turns":6},{"damage":0,"enemies":"3 Shapes","floor":35,"turns":6},{"damage":0,"enemies":"Orb Walker","floor":36,"turns":3},{"damage":0,"enemies":"Sphere and 2 Shapes","floor":37,"turns":6},{"damage":11,"enemies":"Jaw Worm Horde","floor":38,"turns":5},{"damage":0,"enemies":"Spire Growth","floor":39,"turns":4},{"damage":0,"enemies":"Nemesis","floor":40,"turns":5},{"damage":69,"enemies":"Giant Head","floor":42,"turns":9},{"damage":0,"enemies":"3 Darklings","floor":45,"turns":6},{"damage":0,"enemies":"Writhing Mass","floor":46,"turns":5},{"damage":0,"enemies":"Nemesis","floor":47,"turns":7},{"damage":16,"enemies":"Donu and Deca","floor":50,"turns":14},{"damage":0,"enemies":"Time Eater","floor":51,"turns":5},{"damage":22,"enemies":"Shield and Spear","floor":55,"turns":8},{"damage":40,"enemies":"The Heart","floor":56,"turns":9}],"seed_played":"-8713205928125500681","potions_obtained":[{"floor":3,"key":"CunningPotion"},{"floor":5,"key":"CunningPotion"},{"floor":11,"key":"Energy Potion"},{"floor":14,"key":"Fire Potion"},{"floor":16,"key":"GhostInAJar"},{"floor":18,"key":"Block Potion"},{"floor":24,"key":"BlessingOfTheForge"},{"floor":29,"key":"Fruit Juice"},{"floor":37,"key":"EntropicBrew"},{"floor":38,"key":"SkillPotion"},{"floor":39,"key":"Ancient Potion"},{"floor":45,"key":"Poison Potion"}],"is_trial":false,"path_per_floor":["M","?","M","M","M","R","E","R","T","?","M","$","R","M","R","B",null,"M","M","?","?","M","R","E","$","T","E","R","?","M","?","R","B",null,"M","M","M","M","M","E","R","E","T","R","M","M","E","$","R","B","B",null,"R","$","E","B",null],"character_chosen":"THE_SILENT","items_purchased":["Chemical X","OrangePellets","Noxious Fumes","Bottled Tornado","BlessingOfTheForge","Night Terror"],"campfire_rested":4,"item_purchase_floors":[12,25,25,48,54,54],"current_hp_per_floor":[51,56,56,52,39,39,24,24,24,24,24,24,45,45,45,45,65,64,64,44,44,44,66,66,66,66,66,66,71,71,71,71,71,79,79,79,79,81,81,81,81,12,12,36,36,36,36,36,36,20,20,66,81,81,59,19],"gold":78,"neow_bonus":"BOSS_RELIC","is_daily":false,"chose_seed":false,"campfire_upgraded":6,"win_rate":0.0,"timestamp":1608559619,"path_taken":["M","?","M","M","M","R","E","R","T","?","?","$","R","M","R","BOSS","M","M","?","?","?","R","E","$","T","E","R","?","?","?","R","BOSS","M","M","M","M","?","E","R","E","T","R","M","M","E","$","R","BOSS","BOSS","R","$","E","BOSS"],"items_purchased_type":["Relic","Relic","Card","Relic","Potion","Card"],"build_version":"2020-12-13","purchased_purges":0,"victory":true,"max_hp_per_floor":[66,71,71,71,71,71,71,71,71,71,71,71,71,71,71,71,71,71,71,76,76,76,76,76,76,76,76,76,81,81,81,81,81,81,81,81,81,81,81,81,81,81,81,81,81,81,81,81,81,81,81,81,81,81,81,81],"relic_stats":{"OrangePellets":[9],"counters":[29,140],"Blue Candle":[0],"Pandora\u0027s Box":["Glass Knife","Escape Plan","Deflect","Backstab","Footwork","Deadly Poison","Flechettes","Doppelganger","Heel Hook","Catalyst"],"Chemical X":[35],"Ginger":[2],"War Paint":["Survivor","Malaise"],"obtain_stats":[{"SacredBark":34,"Blue Candle":47,"Oddly Smooth Stone":43,"Thread and Needle":24,"The Courier":7,"Ginger":55,"War Paint":42,"Bottled Tornado":48,"OrangePellets":25,"Anchor":27,"HornCleat":26,"Pandora\u0027s Box":0,"Chemical X":12,"Ring of the Snake":0,"Runic Pyramid":17},{"SacredBark":15,"Blue Candle":25,"Oddly Smooth Stone":22,"Thread and Needle":12,"The Courier":5,"Ginger":28,"War Paint":22,"Bottled Tornado":25,"OrangePellets":12,"Anchor":13,"HornCleat":12,"Pandora\u0027s Box":0,"Chemical X":6,"Ring of the Snake":0,"Runic Pyramid":8},{"SacredBark":48,"Blue Candle":104,"Oddly Smooth Stone":86,"Thread and Needle":35,"The Courier":14,"Ginger":131,"War Paint":86,"Bottled Tornado":104,"OrangePellets":35,"Anchor":38,"HornCleat":35,"Pandora\u0027s Box":0,"Chemical X":16,"Ring of the Snake":0,"Runic Pyramid":22}]},"card_choices":[{"not_picked":["Bane","Cloak And Dagger"],"picked":"Backflip","floor":1},{"not_picked":["Riddle With Holes","Terror"],"picked":"Deadly Poison","floor":3},{"not_picked":["Bane","Acrobatics"],"picked":"PiercingWail","floor":4},{"not_picked":["Infinite Blades","Dodge and Roll","Bane"],"picked":"SKIP","floor":5},{"not_picked":["Tactician","Cloak And Dagger"],"picked":"Burst","floor":7},{"not_picked":["Skewer","Quick Slash","Bane"],"picked":"SKIP","floor":11},{"not_picked":["Endless Agony","Cloak And Dagger","Slice"],"picked":"SKIP","floor":14},{"not_picked":["Envenom","Burst"],"picked":"Venomology","floor":16},{"not_picked":["Prepared","Poisoned Stab","Bane"],"picked":"SKIP","floor":18},{"not_picked":["Expertise","Finisher"],"picked":"Reflex","floor":19},{"not_picked":["Well Laid Plans","Deflect"],"picked":"Dagger Throw","floor":22},{"not_picked":["Deadly Poison","Storm of Steel"],"picked":"Flying Knee","floor":24},{"not_picked":["Footwork","Bouncing Flask"],"picked":"Malaise","floor":27},{"not_picked":["Quick Slash","Flying Knee"],"picked":"Leg Sweep","floor":30},{"not_picked":["Bane","Caltrops","Dagger Spray"],"picked":"SKIP","floor":35},{"not_picked":["Outmaneuver+1","Blur"],"picked":"Catalyst","floor":36},{"not_picked":["Dodge and Roll","Accuracy"],"picked":"Blur","floor":37},{"not_picked":["Finisher","Poisoned Stab"],"picked":"Deflect+1","floor":38},{"not_picked":["Deflect+1","Deadly Poison+1"],"picked":"PiercingWail","floor":39},{"not_picked":["Dagger Spray+1","Poisoned Stab+1"],"picked":"Acrobatics+1","floor":40},{"not_picked":["Dagger Spray","Acrobatics+1"],"picked":"Blur","floor":42},{"not_picked":["Cloak And Dagger","Slice+1"],"picked":"Escape Plan","floor":45},{"not_picked":["PiercingWail","Acrobatics"],"picked":"Crippling Poison","floor":46},{"not_picked":["Dagger Spray+1","Deadly Poison"],"picked":"Crippling Poison+1","floor":47},{"not_picked":["Heel Hook+1","Bane","Dash"],"picked":"SKIP","floor":55}],"player_experience":2415108,"relics_obtained":[{"floor":7,"key":"The Courier"},{"floor":24,"key":"Thread and Needle"},{"floor":26,"key":"HornCleat"},{"floor":27,"key":"Anchor"},{"floor":42,"key":"War Paint"},{"floor":43,"key":"Oddly Smooth Stone"},{"floor":47,"key":"Blue Candle"},{"floor":55,"key":"Ginger"}],"event_choices":[{"damage_healed":0,"gold_gain":0,"player_choice":"Donut","damage_taken":0,"max_hp_gain":5,"max_hp_loss":0,"event_name":"Big Fish","floor":2,"gold_loss":0},{"damage_healed":0,"gold_gain":0,"player_choice":"Fled","damage_taken":0,"max_hp_gain":0,"max_hp_loss":0,"event_name":"Scrap Ooze","floor":10,"gold_loss":0},{"damage_healed":0,"gold_gain":0,"player_choice":"Shed Blood","damage_taken":25,"max_hp_gain":5,"max_hp_loss":0,"event_name":"Forgotten Altar","floor":20,"gold_loss":0},{"damage_healed":0,"gold_gain":0,"player_choice":"Ignored","damage_taken":0,"max_hp_gain":0,"max_hp_loss":0,"event_name":"The Mausoleum","floor":21,"gold_loss":0},{"damage_healed":0,"gold_gain":0,"player_choice":"Bought 1 Potion","damage_taken":0,"max_hp_gain":0,"max_hp_loss":0,"event_name":"The Woman in Blue","floor":29,"gold_loss":0},{"cards_removed":["Flechettes"],"damage_healed":0,"gold_gain":0,"player_choice":"Purged","damage_taken":0,"max_hp_gain":0,"max_hp_loss":0,"event_name":"Purifier","floor":31,"gold_loss":0}],"is_beta":false,"boss_relics":[{"not_picked":["WristBlade","Coffee Dripper"],"picked":"Runic Pyramid"},{"not_picked":["Philosopher\u0027s Stone","Calling Bell"],"picked":"SacredBark"}],"items_purged_floors":[],"is_endless":false,"potions_floor_spawned":[3,5,11,14,16,18,24,37,38,39,45,47,55],"ascension_level":20}}