{"host":"zdznbz1vk7bo8bwe","time":1608525814,"event":{"mods":["Act Like it!","Aspiration","BaseMod","Better-Laid Plans","Block Reminder","Conspire","Custom Start","Defuse TimeMaze Blight","Ekko","Elementarium","Energized Spire","Gensokyo","Hubris","Infinite Spire","Jedi Mod","Jorbs\u0027s Wanderer Trilogy","Lobotomy","Menagerie","Minty Spire (QoL Compilation)","Rare Cards Sparkle","Replay The Spire","Spicy Shops","StSLib","The Animator","The Bug Knight","The Cursed","The Factory","The Jungle","The Vixen","Transform Curses","vexMod"],"gold_per_floor":[112,131,148,159,84,84,84,84,164,164,197,216,216,236,236,332,332,344,344,171,183,183,213,224,238,293,393,393,423,423,436,436,541,541,541],"floor_reached":34,"playtime":2562,"items_purged":["ekkoTheBoyWhoShatteredTime:CommittedStrike","ekkoTheBoyWhoShatteredTime:FeelIt"],"score":492,"play_id":"cf932d10-1d84-44d0-9143-7502d3b1a3d8","local_time":"20201220204334","daily_mods":["SealedDeck","Heirloom","Elite Swarm","Lethality"],"is_ascension_mode":false,"campfire_choices":[{"data":"ekkoTheBoyWhoShatteredTime:PhaseDive","floor":6,"key":"SMITH"},{"data":"ekkoTheBoyWhoShatteredTime:HailOfBlades","floor":13,"key":"SMITH"},{"floor":15,"key":"DIG"},{"data":"ekkoTheBoyWhoShatteredTime:Disturblast","floor":32,"key":"SMITH"}],"circlet_count":0,"master_deck":["ekkoTheBoyWhoShatteredTime:PhaseDive+1","ekkoTheBoyWhoShatteredTime:WideSlice","ekkoTheBoyWhoShatteredTime:TimeRecall","ekkoTheBoyWhoShatteredTime:HailOfBlades+1","ekkoTheBoyWhoShatteredTime:TimeRecall","ekkoTheBoyWhoShatteredTime:TimeRecall","ekkoTheBoyWhoShatteredTime:Disturblast+1","jedi:BattleThirst","ekkoTheBoyWhoShatteredTime:HauntingGuise"],"relics":["ekkoTheBoyWhoShatteredTime:zDriveResonance","jedi:firstaidkit","aspiration:SeaSaltIceCream","hubris:Spice","HollowMod:LifeEnderRelic","Black Star","Gensokyo:SongOfSouls","Incense Burner","Pet Ghost","conspire:InfiniteJournal"],"acts_visited":["Gensokyo:Gensokyo","Gensokyo:Gensokyoer"],"potions_floor_usage":[],"damage_taken":[{"damage":0,"enemies":"Gensokyo:Gryphon","floor":1,"turns":1},{"damage":0,"enemies":"Gensokyo:Python","floor":2,"turns":1},{"damage":0,"enemies":"Gensokyo:2_Kodama","floor":3,"turns":1},{"damage":0,"enemies":"Gensokyo:LivingMonolith","floor":4,"turns":2},{"damage":0,"enemies":"Gensokyo:Mamizou","floor":11,"turns":3},{"damage":0,"enemies":"Gensokyo:Python_and_Kodama","floor":12,"turns":2},{"damage":0,"enemies":"Gensokyo:2_Rabbits","floor":14,"turns":1},{"damage":57,"enemies":"Gensokyo:Kokoro","floor":16,"turns":7},{"damage":6,"enemies":"Gensokyo:AngelMirror","floor":18,"turns":1},{"damage":0,"enemies":"Gensokyo:Chomper","floor":21,"turns":1},{"damage":0,"enemies":"Gensokyo:Reisen","floor":23,"turns":1},{"damage":0,"enemies":"Gensokyo:3_Gloops","floor":24,"turns":1},{"damage":0,"enemies":"Gensokyo:Slime_Group","floor":25,"turns":1},{"damage":0,"enemies":"Gensokyo:Slime_Group","floor":27,"turns":2},{"damage":0,"enemies":"Nightmare","floor":29,"turns":2},{"damage":0,"enemies":"Gensokyo:Swordslinger","floor":31,"turns":1},{"damage":35,"enemies":"Gensokyo:Eternal_Rivals","floor":33,"turns":6}],"seed_played":"-1097994562820127159","potions_obtained":[{"floor":11,"key":"SneckoOil"},{"floor":12,"key":"LifebloodPotion"},{"floor":14,"key":"jedi:StrikingPotion"}],"is_trial":true,"path_per_floor":["M","M","M","M","$","R","?","$","T","T","E","M","R","M","R","B",null,"M","?","$","M","?","E","M","M","T","?","?","NM","?","M","R","B",null],"character_chosen":"EKKO_THE_BOY_WHO_SHATTERED_TIME","items_purchased":["ekkoTheBoyWhoShatteredTime:Disturblast"],"campfire_rested":0,"item_purchase_floors":[20],"current_hp_per_floor":[78,78,78,78,78,78,48,48,56,56,64,64,64,64,64,41,78,72,72,72,72,72,72,72,72,72,72,72,72,72,72,72,41,41,41],"gold":541,"neow_bonus":"","is_daily":false,"chose_seed":false,"campfire_upgraded":3,"win_rate":0.0,"timestamp":1608525814,"path_taken":["M","M","?","?","?","R","?","$","T","?","E","M","R","M","R","BOSS","M","?","$","M","?","E","M","M","T","?","?","NM","?","M","R","BOSS"],"items_purchased_type":["Card"],"build_version":"2020-12-13","purchased_purges":2,"victory":false,"max_hp_per_floor":[78,78,78,78,78,78,78,78,86,86,94,94,94,94,86,78,78,78,78,78,78,78,78,78,78,78,78,78,78,78,78,78,78,78,78],"card_choices":[{"not_picked":["ekkoTheBoyWhoShatteredTime:KeepingMomentum","ekkoTheBoyWhoShatteredTime:AfterimageTease","ekkoTheBoyWhoShatteredTime:AfterimageTimeWrap"],"picked":"SKIP","floor":1},{"not_picked":["ekkoTheBoyWhoShatteredTime:Leap","ekkoTheBoyWhoShatteredTime:AfterimageHit","ekkoTheBoyWhoShatteredTime:AfterimageTease"],"picked":"SKIP","floor":2},{"not_picked":["ekkoTheBoyWhoShatteredTime:VelocityConsuming","ekkoTheBoyWhoShatteredTime:QuickBreak","ekkoTheBoyWhoShatteredTime:AfterimageSetup"],"picked":"SKIP","floor":3},{"not_picked":["ekkoTheBoyWhoShatteredTime:IcebornGauntlet","ekkoTheBoyWhoShatteredTime:SpHit","ekkoTheBoyWhoShatteredTime:Greed"],"picked":"SKIP","floor":4},{"not_picked":["ekkoTheBoyWhoShatteredTime:ProjectPreference","ekkoTheBoyWhoShatteredTime:Chronobreak","ekkoTheBoyWhoShatteredTime:CatchUpTime"],"picked":"SKIP","floor":11},{"not_picked":["ekkoTheBoyWhoShatteredTime:IceBreak","ekkoTheBoyWhoShatteredTime:FeelIt","ekkoTheBoyWhoShatteredTime:AfterimageTease"],"picked":"SKIP","floor":12},{"not_picked":["ekkoTheBoyWhoShatteredTime:RecallingPunch","ekkoTheBoyWhoShatteredTime:WideSlice"],"picked":"ekkoTheBoyWhoShatteredTime:TimeRecall","floor":14},{"not_picked":["ekkoTheBoyWhoShatteredTime:Discharge","ekkoTheBoyWhoShatteredTime:TrinityForce"],"picked":"hubris:SpiceAddiction","floor":16},{"not_picked":["ekkoTheBoyWhoShatteredTime:SpHit","ekkoTheBoyWhoShatteredTime:Greed","ekkoTheBoyWhoShatteredTime:WideSlice"],"picked":"SKIP","floor":18},{"not_picked":["ekkoTheBoyWhoShatteredTime:AfterimageBait","ekkoTheBoyWhoShatteredTime:PlayTheBeat","ekkoTheBoyWhoShatteredTime:ParallelConvergence"],"picked":"SKIP","floor":21},{"not_picked":["ekkoTheBoyWhoShatteredTime:Chronobreak","ekkoTheBoyWhoShatteredTime:SandstormSympathy","ekkoTheBoyWhoShatteredTime:Unleashed"],"picked":"SKIP","floor":23},{"not_picked":["ekkoTheBoyWhoShatteredTime:Leap+1","ekkoTheBoyWhoShatteredTime:AfterimageBait","ekkoTheBoyWhoShatteredTime:DelayedWork+1"],"picked":"SKIP","floor":24},{"not_picked":["ekkoTheBoyWhoShatteredTime:IcebornGauntlet","ekkoTheBoyWhoShatteredTime:Backtrack+1","hubris:SpiceAddiction"],"picked":"SKIP","floor":25},{"not_picked":["ekkoTheBoyWhoShatteredTime:TrinityForce","ekkoTheBoyWhoShatteredTime:ProjectPreference","ekkoTheBoyWhoShatteredTime:Periocharge"],"picked":"SKIP","floor":29},{"not_picked":["ekkoTheBoyWhoShatteredTime:FeelIt","ekkoTheBoyWhoShatteredTime:AfterimageDualStroke"],"picked":"ekkoTheBoyWhoShatteredTime:HauntingGuise","floor":31}],"player_experience":38821,"relics_obtained":[{"floor":9,"key":"aspiration:SeaSaltIceCream"},{"floor":10,"key":"HollowMod:LifeEnderRelic"},{"floor":11,"key":"hubris:Spice"},{"floor":15,"key":"hubris:Spice"},{"floor":27,"key":"Incense Burner"},{"floor":29,"key":"Pet Ghost"}],"event_choices":[],"is_beta":false,"boss_relics":[{"not_picked":["hubris:Spice","hubris:Spice"],"picked":"Black Star"}],"items_purged_floors":[5,20],"is_endless":true,"potions_floor_spawned":[11,12,14,23,24,33],"ascension_level":0}}