{"host":"rolltorest","time":1608515087,"event":{"mods":["BaseMod","Minty Spire (QoL Compilation)","StSLib"],"gold_per_floor":[119,119,119,139,157,190,190,220,247,50,50,0,18,71,71,149,149,166,91,41,53,53,53,53,53],"floor_reached":24,"playtime":458,"items_purged":["Strike_G","Strike_G"],"score":404,"play_id":"17078358-596c-45f4-872a-8d403dece709","local_time":"20201220174447","is_ascension_mode":true,"campfire_choices":[{"floor":7,"key":"REST"},{"floor":15,"key":"REST"},{"floor":23,"key":"REST"}],"circlet_count":0,"master_deck":["AscendersBane","Strike_G","Defend_G","Defend_G","Defend_G+1","Defend_G+1","Defend_G","Survivor","Neutralize","Predator","Neutralize","Masterful Stab","Blade Dance","Poisoned Stab","Dagger Spray","Bouncing Flask+1","Leg Sweep","Venomology"],"relics":["Ring of the Snake","NeowsBlessing","Juzu Bracelet","Vajra","Smiling Mask","Snake Skull","Regal Pillow"],"acts_visited":["Exordium","TheCity"],"potions_floor_usage":[8,8,21,24],"damage_taken":[{"damage":0,"enemies":"Small Slimes","floor":1,"turns":1},{"damage":0,"enemies":"Cultist","floor":4,"turns":1},{"damage":0,"enemies":"2 Louse","floor":5,"turns":1},{"damage":26,"enemies":"Gremlin Nob","floor":6,"turns":4},{"damage":19,"enemies":"Lagavulin","floor":8,"turns":5},{"damage":0,"enemies":"Exordium Thugs","floor":13,"turns":4},{"damage":4,"enemies":"Hexaghost","floor":16,"turns":7},{"damage":25,"enemies":"2 Thieves","floor":18,"turns":4},{"damage":24,"enemies":"Shell Parasite","floor":21,"turns":6},{"damage":45,"enemies":"Book of Stabbing","floor":24,"turns":5}],"seed_played":"-2687846871327261544","potions_obtained":[{"floor":1,"key":"Strength Potion"},{"floor":6,"key":"Strength Potion"},{"floor":21,"key":"Ancient Potion"}],"is_trial":false,"path_per_floor":["M","?","?","M","M","E","R","E","T","$","?","$","M","T","R","B",null,"M","?","$","M","?","R","E"],"character_chosen":"THE_SILENT","items_purchased":["Bouncing Flask","Snake Skull"],"campfire_rested":3,"item_purchase_floors":[10,10],"current_hp_per_floor":[59,39,39,39,39,13,32,13,13,13,13,13,13,13,47,43,60,35,35,35,11,11,45,0,0],"gold":53,"neow_bonus":"THREE_ENEMY_KILL","is_daily":false,"chose_seed":false,"campfire_upgraded":0,"win_rate":0.0,"timestamp":1608515087,"path_taken":["M","?","?","?","M","E","R","E","T","$","?","?","M","?","R","BOSS","M","?","$","M","?","R","E"],"items_purchased_type":["Card","Relic"],"build_version":"2020-12-18","purchased_purges":2,"victory":false,"max_hp_per_floor":[66,66,66,66,66,66,66,66,66,66,66,66,66,66,66,66,66,66,66,66,66,66,66,66,66],"card_choices":[{"not_picked":["Distraction","Bane"],"picked":"Predator","floor":1},{"not_picked":["Cloak And Dagger","Acrobatics","Prepared"],"picked":"SKIP","floor":4},{"not_picked":["Dagger Throw","Sucker Punch"],"picked":"Blade Dance","floor":5},{"not_picked":["Accuracy","Backflip"],"picked":"Poisoned Stab","floor":6},{"not_picked":["Slice","Dagger Throw"],"picked":"Dagger Spray","floor":8},{"not_picked":["Dagger Spray","Bane"],"picked":"Leg Sweep","floor":13},{"not_picked":["A Thousand Cuts","Storm of Steel"],"picked":"Venomology","floor":16},{"not_picked":["Deflect","Caltrops","Dodge and Roll"],"picked":"SKIP","floor":18},{"not_picked":["Flying Knee","Poisoned Stab","Reflex"],"picked":"SKIP","floor":21}],"player_experience":1699403,"relics_obtained":[{"floor":6,"key":"Juzu Bracelet"},{"floor":8,"key":"Vajra"},{"floor":9,"key":"Smiling Mask"},{"floor":14,"key":"Regal Pillow"}],"event_choices":[{"damage_healed":0,"gold_gain":0,"player_choice":"Entered Light","damage_taken":20,"max_hp_gain":0,"max_hp_loss":0,"event_name":"Shining Light","floor":2,"gold_loss":0,"cards_upgraded":["Defend_G","Defend_G"]},{"damage_healed":0,"gold_gain":0,"player_choice":"2 cards matched","damage_taken":0,"max_hp_gain":0,"max_hp_loss":0,"event_name":"Match and Keep!","floor":3,"gold_loss":0,"cards_obtained":["Neutralize","Masterful Stab"]},{"damage_healed":0,"gold_gain":0,"player_choice":"Forge","damage_taken":0,"max_hp_gain":0,"max_hp_loss":0,"event_name":"Accursed Blacksmith","floor":11,"gold_loss":0,"cards_upgraded":["Bouncing Flask"]},{"cards_removed":["Strike_G"],"damage_healed":0,"gold_gain":0,"player_choice":"Gave Gold","damage_taken":0,"max_hp_gain":0,"max_hp_loss":0,"event_name":"Beggar","floor":19,"gold_loss":75},{"cards_removed":["Strike_G"],"damage_healed":0,"gold_gain":0,"player_choice":"Offered Basic","damage_taken":0,"max_hp_gain":0,"max_hp_loss":0,"event_name":"Bonfire Elementals","floor":22,"gold_loss":0}],"is_beta":true,"boss_relics":[{"not_picked":["Coffee Dripper","Ring of the Serpent","Busted Crown"]}],"items_purged_floors":[12,20],"is_endless":false,"potions_floor_spawned":[1,6,21],"killed_by":"Book of Stabbing","ascension_level":20}}