{"host":"7cp3z5w0tcrrm8ys","time":1608553781,"event":{"mods":["AchievementEnabler","BaseMod","Colored Map","Colored Powertips","DeckTracker","Minty Spire (QoL Compilation)","StSLib","SuperFastMode"],"gold_per_floor":[112,125,145,101,101,129,129,145,168,178,213,213,213,230,230,308,308,327,343,105,117,17,17,52,52,52,52,52],"floor_reached":27,"playtime":657,"items_purged":["Strike_R","Strike_R"],"score":586,"play_id":"4da5fe01-597b-4480-899c-dace5deaea8a","local_time":"20201221212941","is_ascension_mode":true,"campfire_choices":[{"data":"Hemokinesis","floor":7,"key":"SMITH"},{"data":"Bash","floor":13,"key":"SMITH"},{"data":"Offering","floor":15,"key":"SMITH"},{"floor":23,"key":"REST"}],"circlet_count":0,"master_deck":["AscendersBane","Defend_R","Defend_R","Defend_R","Defend_R","Bash+1","Anger","Cleave","Dropkick","Hemokinesis+1","Offering+1","Dropkick","Barricade","Second Wind+1","Thunderclap+1","Fire Breathing+1","Warcry+1","Shrug It Off","Burning Pact+1","Warcry+1","Ghostly","Ghostly","Ghostly"],"relics":["Runic Dome","Anchor","Akabeko","Boot","Eternal Feather","Astrolabe","Question Card","Matryoshka"],"acts_visited":["Exordium","TheCity"],"potions_floor_usage":[5,6,6,11,24,24],"damage_taken":[{"damage":6,"enemies":"Cultist","floor":1,"turns":3},{"damage":2,"enemies":"Small Slimes","floor":2,"turns":3},{"damage":7,"enemies":"Jaw Worm","floor":3,"turns":2},{"damage":20,"enemies":"Lagavulin","floor":6,"turns":6},{"damage":0,"enemies":"Lots of Slimes","floor":8,"turns":2},{"damage":5,"enemies":"Large Slime","floor":10,"turns":2},{"damage":2,"enemies":"Gremlin Nob","floor":11,"turns":2},{"damage":6,"enemies":"Blue Slaver","floor":14,"turns":1},{"damage":49,"enemies":"The Guardian","floor":16,"turns":10},{"damage":9,"enemies":"3 Byrds","floor":18,"turns":4},{"damage":16,"enemies":"Shell Parasite","floor":19,"turns":4},{"damage":29,"enemies":"Snecko","floor":21,"turns":6},{"damage":8,"enemies":"Gremlin Leader","floor":24,"turns":1},{"damage":38,"enemies":"Sentry and Sphere","floor":27,"turns":7}],"seed_played":"-7359983945006023979","potions_obtained":[{"floor":1,"key":"Block Potion"},{"floor":3,"key":"FearPotion"},{"floor":5,"key":"Fruit Juice"},{"floor":5,"key":"BloodPotion"},{"floor":8,"key":"Strength Potion"},{"floor":21,"key":"DuplicationPotion"}],"is_trial":false,"path_per_floor":["M","M","M","$","?","E","R","M","T","M","E","T","R","M","R","B",null,"M","M","$","M","$","R","E","?","T","M"],"character_chosen":"IRONCLAD","items_purchased":["Dropkick","Shrug It Off","SteroidPotion","Energy Potion"],"campfire_rested":1,"item_purchase_floors":[4,20,20,20],"current_hp_per_floor":[62,60,53,53,58,54,54,54,54,49,47,47,56,50,59,10,63,54,38,38,9,9,42,34,34,34,0,0],"gold":52,"neow_bonus":"BOSS_RELIC","is_daily":false,"chose_seed":false,"campfire_upgraded":3,"win_rate":0.0,"timestamp":1608553781,"path_taken":["M","?","M","$","?","E","R","M","T","?","E","?","R","M","R","BOSS","M","M","$","M","?","R","E","?","T","M"],"items_purchased_type":["Card","Card","Potion","Potion"],"build_version":"2020-12-13","purchased_purges":2,"victory":false,"max_hp_per_floor":[75,75,75,75,80,80,80,80,80,80,80,80,80,80,80,80,80,80,80,80,80,80,80,80,40,40,40,40],"card_choices":[{"not_picked":["Heavy Blade","Warcry"],"picked":"Anger","floor":1},{"not_picked":["Clothesline","Headbutt"],"picked":"Cleave","floor":2},{"not_picked":["Wild Strike","Spot Weakness","True Grit"],"picked":"SKIP","floor":3},{"not_picked":["Anger","Wild Strike"],"picked":"Hemokinesis","floor":6},{"not_picked":["Pommel Strike","Spot Weakness","Twin Strike"],"picked":"SKIP","floor":8},{"not_picked":["Sever Soul","Sword Boomerang","True Grit"],"picked":"SKIP","floor":10},{"not_picked":["Whirlwind","Thunderclap"],"picked":"Offering","floor":11},{"not_picked":["Headbutt","Combust"],"picked":"Dropkick","floor":14},{"not_picked":["Fiend Fire","Exhume"],"picked":"Barricade","floor":16},{"not_picked":["Twin Strike","Anger","Sword Boomerang"],"picked":"SKIP","floor":18},{"not_picked":["True Grit","Cleave"],"picked":"Warcry+1","floor":19},{"not_picked":["Pommel Strike","Armaments"],"picked":"Burning Pact+1","floor":21},{"not_picked":["Heavy Blade","Evolve"],"picked":"Warcry+1","floor":24}],"player_experience":787819,"relics_obtained":[{"floor":6,"key":"Anchor"},{"floor":9,"key":"Akabeko"},{"floor":11,"key":"Boot"},{"floor":12,"key":"Eternal Feather"},{"floor":24,"key":"Question Card"},{"floor":26,"key":"Matryoshka"}],"event_choices":[{"damage_healed":0,"gold_gain":0,"player_choice":"Got Potions","damage_taken":0,"max_hp_gain":0,"max_hp_loss":0,"event_name":"Lab","floor":5,"gold_loss":0},{"damage_healed":0,"gold_gain":0,"player_choice":"Became a Ghost","damage_taken":0,"max_hp_gain":0,"max_hp_loss":40,"event_name":"Ghosts","floor":25,"gold_loss":0,"cards_obtained":["Ghostly","Ghostly","Ghostly"]}],"is_beta":false,"boss_relics":[{"not_picked":["Sozu","Snecko Eye"],"picked":"Astrolabe"}],"items_purged_floors":[20,22],"is_endless":false,"potions_floor_spawned":[1,3,8,21],"killed_by":"Sentry and Sphere","ascension_level":20}}