{"host":"nox","time":1608553100,"event":{"mods":["Aspiration","BaseMod","Better Third Choice","Colored Powertips","Conspire","Hubris","Infinite Spire","Minty Spire (QoL Compilation)","Quick Restart","Rare Cards Sparkle","Replay The Spire","Shop Mod","Spikes Relics","StSLib","SuperFastMode","The Alterego","vexMod"],"gold_per_floor":[111,111,126,142,142,172,172,202,202,213,224,256,272,272,272,376,426,443,193,212,212,226,254,254,287,287,287,298,313,313,346,346,444,444,488,488,488,539,539,539,191,223,223,270,304,355,355,390,390,390,390],"floor_reached":50,"playtime":2803,"items_purged":["Defend_B"],"score":1013,"play_id":"599fdfaa-bc04-43b8-b367-8ff9cee7a316","local_time":"20201221191820","is_ascension_mode":true,"campfire_choices":[{"data":"Zap","floor":7.0,"key":"SMITH"},{"data":"Zap","floor":15.0,"key":"SMITH"},{"floor":24.0,"key":"REST"},{"floor":30.0,"key":"REST"},{"floor":32.0,"key":"REST"},{"floor":40.0,"key":"RECALL"}],"circlet_count":0,"master_deck":["Strike_B+1","Strike_B+1","Defend_B+1","Defend_B","Zap+1","Dualcast","Conserve Battery","ReplayTheSpireMod:Muscle Training","Iron Wave","Rip and Tear","Zap+1","Conserve Battery","Clash","Clash","Clash","Electrodynamics","Stack","Gash","Inflame","Clash","Feint","Madness","Apotheosis","Headbutt","Defragment","Crystallizer","ReplayTheSpireMod:Reroute Power+1","FIFO Queue+1","WeaponsOverheat+1","Reaper","Ball Lightning+1","Grand Finale","ReplayTheSpireMod:From All Sides","Blur","Crystallizer","Flex+1","Force Field+1","Go for the Eyes+1"],"relics":["Cracked Core","aspiration:Nostalgia","Iron Core","Smiling Mask","ShockBauble","Replay:Mystery Machine","Simple Rune","Tiny House","ReplayTheSpireMod:ShopPack","Geode","conspire:TopHat","vexMod:MemoryStick","Replay:Baseball","Busted Crown","infinitespire:EvilPickle","hubris:Towel","hubris:Icosahedron","Magic Flower","Bottled Tornado","Pen Nib","Strawberry","hubris:BallOfYels","Inserter"],"acts_visited":["Exordium","TheCity","TheBeyond"],"potions_floor_usage":[50,50],"damage_taken":[{"damage":1.0,"enemies":"2 Louse","floor":1.0,"turns":2.0},{"damage":0.0,"enemies":"Small Slimes","floor":3.0,"turns":3.0},{"damage":11.0,"enemies":"infinitespire:Voidling","floor":4.0,"turns":3.0},{"damage":8.0,"enemies":"3 Sentries","floor":6.0,"turns":5.0},{"damage":20.0,"enemies":"Lagavulin","floor":8.0,"turns":5.0},{"damage":2.0,"enemies":"3 Louse","floor":10.0,"turns":3.0},{"damage":2.0,"enemies":"Red Slaver","floor":11.0,"turns":2.0},{"damage":1.0,"enemies":"Gremlin Nob","floor":12.0,"turns":2.0},{"damage":1.0,"enemies":"Blue Slaver","floor":13.0,"turns":2.0},{"damage":12.0,"enemies":"Slime Boss","floor":16.0,"turns":6.0},{"damage":22.0,"enemies":"2 Thieves","floor":18.0,"turns":3.0},{"damage":7.0,"enemies":"Chosen","floor":20.0,"turns":4.0},{"damage":37.0,"enemies":"Shelled Parasite and Fungi","floor":22.0,"turns":3.0},{"damage":8.0,"enemies":"Gremlin Leader","floor":23.0,"turns":4.0},{"damage":0.0,"enemies":"conspire:SneckoGhost","floor":25.0,"turns":6.0},{"damage":22.0,"enemies":"Snecko","floor":28.0,"turns":6.0},{"damage":10.0,"enemies":"Snake Plant","floor":29.0,"turns":4.0},{"damage":17.0,"enemies":"Book of Stabbing","floor":31.0,"turns":4.0},{"damage":36.0,"enemies":"Pondfish","floor":33.0,"turns":7.0},{"damage":11.0,"enemies":"Orb Walker","floor":35.0,"turns":2.0},{"damage":28.0,"enemies":"3 Shapes","floor":38.0,"turns":4.0},{"damage":20.0,"enemies":"Transient","floor":42.0,"turns":5.0},{"damage":27.0,"enemies":"Giant Head","floor":44.0,"turns":6.0},{"damage":17.0,"enemies":"3 Darklings","floor":45.0,"turns":3.0},{"damage":51.0,"enemies":"Reptomancer","floor":46.0,"turns":4.0},{"damage":13.0,"enemies":"Spire Growth","floor":48.0,"turns":4.0},{"damage":132,"enemies":"hubris:GrandSnecko","floor":50,"turns":12}],"seed_played":"-5135566694310554043","potions_obtained":[{"floor":3.0,"key":"Block Potion"},{"floor":4.0,"key":"LifebloodPotion"},{"floor":8.0,"key":"Adrenaline Potion"},{"floor":10.0,"key":"LiquidBronze"},{"floor":11.0,"key":"SpeedPotion"},{"floor":17.0,"key":"ColorlessPotion"},{"floor":18.0,"key":"Explosive Potion"},{"floor":20.0,"key":"FocusPotion"},{"floor":23.0,"key":"Block Potion"},{"floor":25.0,"key":"ColorlessPotion"},{"floor":33.0,"key":"GamblersBrew"},{"floor":45.0,"key":"Ancient Potion"},{"floor":48.0,"key":"FocusPotion"}],"is_trial":false,"path_per_floor":["M","?","M","M","?","E","R","E","T","M","M","E","M","?","R","B",null,"M","$","M","?","M","E","R","E","T","?","M","M","R","E","R","B",null,"M","?","?","M","?","R","$","M","T","E","M","E","AVR","M","R","B"],"character_chosen":"DEFECT","items_purchased":["Inflame","Clash","ReplayTheSpireMod:ShopPack","Magic Flower"],"campfire_rested":3,"item_purchase_floors":[19,19,19,41],"current_hp_per_floor":[74,74,74,68,68,60,60,40,40,38,36,35,34,85,85,73,90,68,68,61,70,33,25,52,52,52,52,30,20,47,30,57,21,90,79,79,79,79,79,79,79,59,59,32,15,76,76,63,92,0,0],"gold":390,"neow_bonus":"NOSTALGIA","is_daily":false,"chose_seed":false,"campfire_upgraded":2,"win_rate":0.0,"timestamp":1608553100,"path_taken":["M","?","M","M","?","E","R","E","T","?","M","E","M","?","R","BOSS","M","$","M","?","M","E","R","E","T","?","M","M","R","E","R","BOSS","M","?","?","M","?","R","$","M","T","E","M","E","AVR","M","R","BOSS"],"items_purchased_type":["Card","Card","Relic","Relic"],"build_version":"2020-11-17","purchased_purges":1,"victory":false,"max_hp_per_floor":[75,75,75,75,75,75,75,75,75,75,75,75,75,85,85,85,90,90,90,90,90,90,90,90,90,90,90,90,90,90,90,90,90,90,90,90,90,90,90,90,90,90,90,90,90,97,97,97,97,97,97],"card_choices":[{"not_picked":["Compile Driver","Rebound"],"picked":"Conserve Battery","floor":1.0},{"not_picked":["Iron Wave","Rip and Tear"],"picked":"ReplayTheSpireMod:Muscle Training","floor":3.0},{"not_picked":["Panic Button","Turbo"],"picked":"Iron Wave","floor":4.0},{"not_picked":["Scrape","Redo"],"picked":"Conserve Battery","floor":6.0},{"not_picked":["Anger","Headbutt","Fire Breathing"],"picked":"SKIP","floor":8.0},{"not_picked":["hubris:SpecializedCircuitry","Stack"],"picked":"Clash","floor":10.0},{"not_picked":["Loop","Iron Wave"],"picked":"Clash","floor":11.0},{"not_picked":["WeaponsOverheat","Hologram","ReplayTheSpireMod:System Scan"],"picked":"SKIP","floor":12.0},{"not_picked":["Panic Button","Fusion"],"picked":"Clash","floor":13.0},{"not_picked":["Core Surge","Mirror Shield"],"picked":"Electrodynamics","floor":16.0},{"not_picked":["conspire:SharedLibrary","Anger"],"picked":"Stack","floor":17.0},{"not_picked":["Anger","Flex"],"picked":"Gash","floor":18.0},{"not_picked":["Sadistic Nature","Thinking Ahead"],"picked":"Feint","floor":19.0},{"not_picked":["Poisoned Strike","vexMod:EmailVexCard"],"picked":"Madness","floor":19.0},{"not_picked":["Jack Of All Trades","Blind"],"picked":"Apotheosis","floor":19.0},{"not_picked":["ReplayGash","Steam"],"picked":"Headbutt","floor":20.0},{"not_picked":["Panic Button","Headbutt"],"picked":"Defragment","floor":22.0},{"not_picked":["Rip and Tear","DiskWipe"],"picked":"Crystallizer","floor":23.0},{"not_picked":["Turbo+1","Redo"],"picked":"ReplayTheSpireMod:Reroute Power+1","floor":25.0},{"not_picked":["Fusion","WeaponsOverheat+1"],"picked":"FIFO Queue+1","floor":28.0},{"not_picked":["Reboot","Warcry"],"picked":"WeaponsOverheat","floor":29.0},{"not_picked":["Streamline","Steam","FTL"],"picked":"SKIP","floor":31.0},{"not_picked":["Biased Cognition","Electrodynamics"],"picked":"Reaper","floor":33.0},{"not_picked":[],"picked":"Ball Lightning+1","floor":35.0},{"not_picked":["Ball Lightning"],"picked":"SKIP","floor":38.0},{"not_picked":["Sunder"],"picked":"SKIP","floor":42.0},{"not_picked":[],"picked":"Crystallizer","floor":44.0},{"not_picked":[],"picked":"Flex+1","floor":45.0},{"not_picked":[],"picked":"Force Field+1","floor":46.0},{"not_picked":[],"picked":"Go for the Eyes+1","floor":48.0}],"player_experience":204518,"relics_obtained":[{"floor":2.0,"key":"Smiling Mask"},{"floor":6.0,"key":"ShockBauble"},{"floor":8.0,"key":"Replay:Mystery Machine"},{"floor":12.0,"key":"Simple Rune"},{"floor":23.0,"key":"Geode"},{"floor":25.0,"key":"conspire:TopHat"},{"floor":26.0,"key":"vexMod:MemoryStick"},{"floor":31.0,"key":"Replay:Baseball"},{"floor":43.0,"key":"Bottled Tornado"},{"floor":44.0,"key":"Pen Nib"},{"floor":46.0,"key":"Strawberry"}],"event_choices":[{"damage_healed":0.0,"max_hp_gain":0.0,"max_hp_loss":0.0,"gold_gain":0.0,"event_name":"Match and Keep!","player_choice":"3 cards matched","floor":5.0,"gold_loss":0.0,"damage_taken":0.0,"cards_obtained":["Rip and Tear","Zap","Electrodynamics"]},{"cards_removed":["Electrodynamics"],"damage_healed":41.0,"max_hp_gain":10.0,"max_hp_loss":0.0,"gold_gain":0.0,"event_name":"Bonfire Elementals","player_choice":"Offered Rare","floor":14.0,"gold_loss":0.0,"damage_taken":0.0},{"damage_healed":0.0,"max_hp_gain":0.0,"max_hp_loss":0.0,"gold_gain":0.0,"event_name":"Ghosts","player_choice":"Ignored","floor":27.0,"gold_loss":0.0,"damage_taken":0.0}],"is_beta":true,"boss_relics":[{"not_picked":["aspiration:SecretTechniqueScroll","hubris:HollowSoul"],"picked":"Tiny House"},{"not_picked":["Empty Cage","ReplayTheSpireMod:SealedPack"],"picked":"Busted Crown"}],"items_purged_floors":[41],"is_endless":false,"potions_floor_spawned":[3,4,8,10,11,18,20,23,25,33,45,48],"killed_by":"hubris:GrandSnecko","ascension_level":4}}