{"host":"ymmeoa1x24ihslbm","time":1608541474,"event":{"mods":["AchievementEnabler","BaseMod","Colored Map","Colored Powertips","Defuse TimeMaze Blight","Highlight Path","Minty Spire (QoL Compilation)","Permanent Neow","Quick Restart","StSLib","Unceasing Turn Reminder"],"gold_per_floor":[118,118,128,128,128,128,140,159,159,187,187,200,200,233,233,328,328,338,338,354,371,371,396,396,396,422,454,454,454,454,464,464,569,569,587,587,600,40,40,40,53,88,88,88,99,99,99,109,109,109],"floor_reached":51,"playtime":2288,"items_purged":["Writhe"],"score":853,"play_id":"778060c9-6b7b-4366-9eb3-32f91a4070e5","local_time":"20201221100434","is_ascension_mode":false,"campfire_choices":[{"data":"Vigilance","floor":6.0,"key":"SMITH"},{"floor":11.0,"key":"REST"},{"data":"Pain","floor":13.0,"key":"PURGE"},{"floor":15.0,"key":"REST"},{"data":"RitualDagger","floor":25.0,"key":"SMITH"},{"data":"Consecrate","floor":28.0,"key":"SMITH"},{"floor":30.0,"key":"REST"},{"floor":32.0,"key":"REST"},{"data":"1","floor":40,"key":"LIFT"},{"data":"2","floor":44,"key":"LIFT"},{"data":"3","floor":46,"key":"LIFT"},{"floor":49,"key":"REST"}],"circlet_count":0,"master_deck":["Strike_P+1","Strike_P","Strike_P+1","Strike_P","Defend_P","Defend_P+1","Defend_P+1","Defend_P","Eruption+1","Vigilance+1","FlurryOfBlows","CrushJoints","DeusExMachina","RitualDagger+1","Tantrum","WaveOfTheHand+1","Consecrate+1","EmptyBody+1","Omniscience","Adaptation+1","Forethought","The Bomb"],"relics":["PureWater","Darkstone Periapt","WarpedTongs","War Paint","Peace Pipe","HornCleat","Black Star","Enchiridion","Centennial Puzzle","The Courier","Damaru","Red Mask","VioletLotus","Calipers","Girya","Unceasing Top","Bottled Tornado","Yang"],"acts_visited":["Exordium","TheCity","TheBeyond"],"potions_floor_usage":[41,50,50,50],"damage_taken":[{"damage":0.0,"enemies":"2 Louse","floor":1.0,"turns":2.0},{"damage":0.0,"enemies":"Cultist","floor":3.0,"turns":2.0},{"damage":4.0,"enemies":"Jaw Worm","floor":7.0,"turns":2.0},{"damage":4.0,"enemies":"Large Slime","floor":8.0,"turns":2.0},{"damage":37.0,"enemies":"Lagavulin","floor":10.0,"turns":7.0},{"damage":3.0,"enemies":"Looter","floor":12.0,"turns":2.0},{"damage":28.0,"enemies":"Gremlin Nob","floor":14.0,"turns":3.0},{"damage":24.0,"enemies":"Hexaghost","floor":16.0,"turns":12.0},{"damage":0.0,"enemies":"Chosen","floor":18.0,"turns":4.0},{"damage":0.0,"enemies":"Spheric Guardian","floor":20.0,"turns":3.0},{"damage":21.0,"enemies":"Snake Plant","floor":21.0,"turns":2.0},{"damage":23.0,"enemies":"Book of Stabbing","floor":23.0,"turns":6.0},{"damage":0.0,"enemies":"Masked Bandits","floor":27.0,"turns":2.0},{"damage":2.0,"enemies":"Centurion and Healer","floor":31.0,"turns":3.0},{"damage":26.0,"enemies":"Collector","floor":33.0,"turns":9.0},{"damage":0.0,"enemies":"3 Shapes","floor":35.0,"turns":4.0},{"damage":0,"enemies":"3 Darklings","floor":37,"turns":3},{"damage":34,"enemies":"Maw","floor":41,"turns":6},{"damage":26,"enemies":"Nemesis","floor":42,"turns":3},{"damage":0,"enemies":"Transient","floor":45,"turns":5},{"damage":0,"enemies":"Sphere and 2 Shapes","floor":48,"turns":3},{"damage":4,"enemies":"Donu and Deca","floor":50,"turns":4}],"seed_played":"1837999063702645287","potions_obtained":[{"floor":3.0,"key":"LiquidBronze"},{"floor":10.0,"key":"FearPotion"},{"floor":14.0,"key":"Block Potion"},{"floor":16.0,"key":"Regen Potion"},{"floor":18.0,"key":"LiquidBronze"},{"floor":27.0,"key":"Strength Potion"},{"floor":31.0,"key":"Ambrosia"},{"floor":37,"key":"SkillPotion"},{"floor":48,"key":"Strength Potion"}],"is_trial":false,"path_per_floor":["M","?","M","?","?","R","M","M","T","E","R","M","R","E","R","B",null,"M","?","M","M","?","E","?","R","T","?","R","?","R","M","R","B",null,"M","?","M","$","?","R","M","E","T","R","M","R","?","M","R","B",null],"character_chosen":"WATCHER","items_purchased":["Calipers","Girya"],"campfire_rested":5,"item_purchase_floors":[38,38],"current_hp_per_floor":[72,58,58,55,61,61,57,53,53,16,39,36,36,8,31,7,78,78,72,72,51,35,27,27,27,27,27,27,12,36,34,58,32,83,83,89,89,89,84,84,50,24,24,24,24,24,24,24,50,46],"gold":109,"neow_bonus":"UPGRADE_CARD","is_daily":false,"chose_seed":false,"campfire_upgraded":3,"win_rate":0.0,"timestamp":1608541474,"path_taken":["M","?","M","?","?","R","?","M","T","E","R","M","R","E","R","BOSS","M","?","M","M","?","E","?","R","T","?","R","?","R","M","R","BOSS","M","?","M","$","?","R","M","E","T","R","M","R","?","M","R","BOSS"],"items_purchased_type":["Relic","Relic"],"build_version":"2020-12-13","purchased_purges":1,"victory":true,"max_hp_per_floor":[72,72,72,72,78,78,78,78,78,78,78,78,78,78,78,78,78,78,78,78,78,78,78,78,78,78,78,78,83,83,83,83,83,83,83,89,89,89,89,89,89,89,89,89,89,89,89,89,89,89],"card_choices":[{"not_picked":["CrushJoints","FlyingSleeves","Nirvana"],"picked":"SKIP","floor":1.0},{"not_picked":["FlyingSleeves","WindmillStrike"],"picked":"FlurryOfBlows","floor":3.0},{"not_picked":["ThirdEye","WindmillStrike","BowlingBash"],"picked":"SKIP","floor":7.0},{"not_picked":["Establishment","FlyingSleeves","MentalFortress"],"picked":"SKIP","floor":8.0},{"not_picked":["FlyingSleeves","EmptyBody","Perseverance"],"picked":"SKIP","floor":10.0},{"not_picked":["CutThroughFate","EmptyBody"],"picked":"CrushJoints","floor":12.0},{"not_picked":["Indignation","CarveReality","JustLucky"],"picked":"SKIP","floor":14.0},{"not_picked":["Brilliance","Wish"],"picked":"DeusExMachina","floor":16.0},{"not_picked":["EmptyBody","SashWhip"],"picked":"EmptyFist","floor":18.0},{"not_picked":["Crescendo","PathToVictory"],"picked":"Tantrum","floor":20.0},{"not_picked":["Nirvana","SashWhip","FlurryOfBlows"],"picked":"SKIP","floor":21.0},{"not_picked":["Devotion","Conclude"],"picked":"WaveOfTheHand+1","floor":23.0},{"not_picked":["Halt+1","BowlingBash+1"],"picked":"Consecrate","floor":27.0},{"not_picked":["FollowUp","Weave"],"picked":"EmptyBody+1","floor":31.0},{"not_picked":["DeusExMachina","Establishment"],"picked":"Omniscience","floor":33.0},{"not_picked":["CrushJoints+1","LikeWater+1","EmptyBody"],"picked":"SKIP","floor":35.0},{"not_picked":["EmptyFist","Crescendo"],"picked":"Adaptation+1","floor":37},{"not_picked":["Deep Breath","Impatience"],"picked":"Forethought","floor":39},{"not_picked":["Panacea","Sadistic Nature"],"picked":"The Bomb","floor":39},{"not_picked":["Halt","FlurryOfBlows+1","WheelKick+1"],"picked":"SKIP","floor":41},{"not_picked":["WaveOfTheHand","Halt+1","Alpha"],"picked":"SKIP","floor":42},{"not_picked":["EmptyBody","Weave+1","Wireheading+1"],"picked":"SKIP","floor":45},{"not_picked":["EmptyBody+1","BowlingBash+1","Nirvana+1"],"picked":"SKIP","floor":48}],"player_experience":582708,"relics_obtained":[{"floor":9.0,"key":"War Paint"},{"floor":10.0,"key":"Peace Pipe"},{"floor":14.0,"key":"HornCleat"},{"floor":22.0,"key":"Enchiridion"},{"floor":23.0,"key":"Centennial Puzzle"},{"floor":23.0,"key":"The Courier"},{"floor":26.0,"key":"Damaru"},{"floor":27.0,"key":"Red Mask"},{"floor":42,"key":"Unceasing Top"},{"floor":42,"key":"Bottled Tornado"},{"floor":43,"key":"Yang"}],"event_choices":[{"damage_healed":0.0,"max_hp_gain":0.0,"max_hp_loss":0.0,"gold_gain":0.0,"event_name":"Shining Light","player_choice":"Entered Light","floor":2.0,"gold_loss":0.0,"damage_taken":14.0,"cards_upgraded":["Strike_P","Strike_P"]},{"damage_healed":0.0,"max_hp_gain":0.0,"max_hp_loss":0.0,"gold_gain":0.0,"event_name":"Scrap Ooze","player_choice":"Success","floor":4.0,"gold_loss":0.0,"damage_taken":3.0,"relics_obtained":["Darkstone Periapt"]},{"damage_healed":0.0,"max_hp_gain":0.0,"max_hp_loss":0.0,"gold_gain":0.0,"event_name":"Accursed Blacksmith","player_choice":"Rummage","floor":5.0,"gold_loss":0.0,"damage_taken":0.0,"relics_obtained":["WarpedTongs"],"cards_obtained":["Pain"]},{"damage_healed":0.0,"max_hp_gain":0.0,"max_hp_loss":0.0,"gold_gain":0.0,"event_name":"Nest","player_choice":"Joined the Cult","floor":19.0,"gold_loss":0.0,"damage_taken":6.0,"cards_obtained":["RitualDagger"]},{"damage_healed":0.0,"max_hp_gain":0.0,"max_hp_loss":0.0,"gold_gain":0.0,"event_name":"Cursed Tome","player_choice":"Obtained Book","floor":22.0,"gold_loss":0.0,"damage_taken":16.0},{"damage_healed":0.0,"max_hp_gain":0.0,"max_hp_loss":0.0,"gold_gain":0.0,"event_name":"Vampires","player_choice":"Ignored","floor":24.0,"gold_loss":0.0,"damage_taken":0.0},{"damage_healed":0.0,"max_hp_gain":0.0,"max_hp_loss":0.0,"gold_gain":0.0,"event_name":"Masked Bandits","player_choice":"Fought Bandits","floor":27.0,"gold_loss":0.0,"damage_taken":0.0},{"damage_healed":0.0,"max_hp_gain":5.0,"max_hp_loss":0.0,"gold_gain":0.0,"event_name":"Forgotten Altar","player_choice":"Shed Blood","floor":29.0,"gold_loss":0.0,"damage_taken":20.0},{"damage_healed":21.0,"max_hp_gain":0.0,"max_hp_loss":0.0,"gold_gain":0.0,"event_name":"Winding Halls","player_choice":"Writhe","floor":36.0,"gold_loss":0.0,"damage_taken":0.0,"cards_obtained":["Writhe"]},{"damage_healed":0,"gold_gain":0,"player_choice":"Memory 2","damage_taken":5,"max_hp_gain":0,"max_hp_loss":0,"event_name":"SensoryStone","floor":39,"gold_loss":0},{"cards_removed":["EmptyFist"],"damage_healed":0,"gold_gain":0,"player_choice":"Removed Attack","damage_taken":0,"max_hp_gain":0,"max_hp_loss":0,"event_name":"Falling","floor":47,"gold_loss":0}],"is_beta":false,"boss_relics":[{"not_picked":["Fusion Hammer","Snecko Eye"],"picked":"Black Star"},{"not_picked":["Sozu","SacredBark"],"picked":"VioletLotus"}],"items_purged_floors":[38],"is_endless":false,"potions_floor_spawned":[3,10,14,16,18,20,27,31,37,48],"ascension_level":0}}