{"host":"9vecvdjkx64cw9bo","time":1608565423,"event":{"mods":["BaseMod","Custom Start","Keyboard Shortcuts","Minty Spire (QoL Compilation)","Quick Restart","StSLib","SuperFastMode"],"gold_per_floor":[118,43,43,93,109,143,161,161,161,161,81,98,113,113,113,188,188,198,198,198,209,12,27,27,38,338,151,66,66,166,166,166,245,245,255,255,265,49,49,49,49,81,106,117,117,132,132,143,143,143,143],"floor_reached":52,"playtime":895,"items_purged":["Strike_P","Strike_P","Strike_P","Defend_P","Defend_P"],"score":1831,"play_id":"e3eb5b9a-032d-4ff3-b7f1-2000beea2d47","local_time":"20201222004343","is_ascension_mode":true,"campfire_choices":[{"data":"CrushJoints","floor":8.0,"key":"SMITH"},{"data":"WheelKick","floor":10.0,"key":"SMITH"},{"data":"Vigilance","floor":15.0,"key":"SMITH"},{"data":"Adaptation","floor":24.0,"key":"SMITH"},{"data":"Adaptation","floor":29.0,"key":"SMITH"},{"floor":32,"key":"REST"},{"data":"Purity","floor":40,"key":"SMITH"},{"floor":47,"key":"REST"},{"floor":49,"key":"REST"}],"circlet_count":0,"master_deck":["AscendersBane","Eruption+1","Vigilance+1","CrushJoints+1","WheelKick+1","Adaptation+1","FearNoEvil","Adaptation+1","DeusExMachina","DeusExMachina","Finesse","Purity+1","Flash of Steel","MentalFortress"],"relics":["PureWater","NeowsBlessing","The Courier","Shuriken","Sozu","Old Coin","Lizard Tail","Turnip","Yang","SlaversCollar","Akabeko","Boot","Regal Pillow"],"acts_visited":["Exordium","TheCity","TheBeyond"],"potions_floor_usage":[],"damage_taken":[{"damage":0.0,"enemies":"Jaw Worm","floor":1.0,"turns":1.0},{"damage":0.0,"enemies":"Small Slimes","floor":5.0,"turns":1.0},{"damage":0.0,"enemies":"Lagavulin","floor":6.0,"turns":1.0},{"damage":3.0,"enemies":"Cultist","floor":7.0,"turns":4.0},{"damage":9.0,"enemies":"3 Louse","floor":12.0,"turns":3.0},{"damage":12.0,"enemies":"2 Fungi Beasts","floor":13.0,"turns":4.0},{"damage":20.0,"enemies":"Hexaghost","floor":16.0,"turns":5.0},{"damage":18.0,"enemies":"Spheric Guardian","floor":18.0,"turns":5.0},{"damage":0.0,"enemies":"Chosen","floor":21.0,"turns":3.0},{"damage":7.0,"enemies":"3 Cultists","floor":23.0,"turns":3.0},{"damage":0.0,"enemies":"Snake Plant","floor":25.0,"turns":2.0},{"damage":4,"enemies":"Colosseum Slavers","floor":30,"turns":3},{"damage":15,"enemies":"Colosseum Nobs","floor":30,"turns":5},{"damage":6,"enemies":"Champ","floor":33,"turns":2},{"damage":8,"enemies":"3 Darklings","floor":35,"turns":2},{"damage":5,"enemies":"Orb Walker","floor":37,"turns":3},{"damage":2,"enemies":"Reptomancer","floor":42,"turns":2},{"damage":9,"enemies":"Sphere and 2 Shapes","floor":44,"turns":3},{"damage":37,"enemies":"Spire Growth","floor":46,"turns":3},{"damage":31,"enemies":"Writhing Mass","floor":48,"turns":3},{"damage":23,"enemies":"Donu and Deca","floor":50,"turns":5},{"damage":14,"enemies":"Awakened One","floor":51,"turns":3}],"seed_played":"-8249028577177830903","potions_obtained":[{"floor":1.0,"key":"Swift Potion"},{"floor":7.0,"key":"BlessingOfTheForge"},{"floor":12.0,"key":"PowerPotion"}],"is_trial":false,"path_per_floor":["M","$","?","?","M","E","M","R","T","R","$","M","M","?","R","B",null,"M","?","?","M","$","M","R","M","T","$","?","R","?","?","R","B",null,"M","?","M","$","?","R","?","E","T","M","$","M","R","M","R","B","B",null],"character_chosen":"WATCHER","items_purchased":["Adaptation","FearNoEvil","Adaptation","Flash of Steel"],"campfire_rested":3,"item_purchase_floors":[22,22,27,38],"current_hp_per_floor":[61,61,61,55,55,55,52,52,52,52,52,43,31,31,31,11,54,36,36,36,36,36,29,29,29,29,29,29,29,10,10,30,24,57,49,39,34,34,56,56,56,54,54,45,45,8,39,8,39,16,2],"gold":143,"neow_bonus":"THREE_ENEMY_KILL","is_daily":false,"chose_seed":false,"campfire_upgraded":6,"win_rate":0.0,"timestamp":1608565423,"path_taken":["M","$","?","?","?","E","M","R","T","R","$","M","M","?","R","BOSS","M","?","?","M","$","M","R","M","T","$","?","R","?","?","R","BOSS","M","?","M","$","?","R","?","E","T","?","?","M","R","?","R","BOSS","BOSS"],"items_purchased_type":["Card","Card","Card","Card"],"build_version":"2020-12-13","purchased_purges":5,"victory":true,"max_hp_per_floor":[68,68,68,68,68,68,68,68,68,68,68,68,68,68,68,68,68,68,68,68,68,68,68,68,68,68,68,68,68,68,68,68,68,68,68,68,68,68,56,56,56,56,56,56,56,56,56,56,56,56,56],"card_choices":[{"not_picked":["ForeignInfluence","Halt"],"picked":"CrushJoints","floor":1.0},{"not_picked":["FlyingSleeves","FollowUp","CutThroughFate"],"picked":"SKIP","floor":5.0},{"not_picked":["DeceiveReality","FlurryOfBlows","CrushJoints"],"picked":"SKIP","floor":6.0},{"not_picked":["LikeWater","Wallop"],"picked":"WheelKick","floor":7.0},{"not_picked":["CutThroughFate","EmptyFist","ThirdEye"],"picked":"SKIP","floor":12.0},{"not_picked":["SashWhip","Protect","FollowUp"],"picked":"SKIP","floor":13.0},{"not_picked":["EmptyFist","Sanctity","Protect"],"picked":"SKIP","floor":18.0},{"not_picked":["ReachHeaven","Weave","JustLucky"],"picked":"SKIP","floor":21.0},{"not_picked":["SashWhip","ThirdEye","BowlingBash"],"picked":"SKIP","floor":23.0},{"not_picked":["FearNoEvil","JustLucky","BowlingBash"],"picked":"SKIP","floor":25.0},{"not_picked":["ThirdEye","FearNoEvil"],"picked":"DeusExMachina","floor":30},{"not_picked":["PathToVictory+1","EmptyFist","FlurryOfBlows"],"picked":"SKIP","floor":35},{"not_picked":["Swift Strike","Panacea"],"picked":"Finesse","floor":36},{"not_picked":["Dramatic Entrance","Trip"],"picked":"Purity","floor":36},{"not_picked":["CutThroughFate","EmptyFist","Nirvana"],"picked":"SKIP","floor":37},{"not_picked":["EmptyBody","ClearTheMind"],"picked":"MentalFortress","floor":42},{"not_picked":["Indignation","Evaluate","Nirvana"],"picked":"SKIP","floor":44},{"not_picked":["EmptyBody","Weave","WreathOfFlame+1"],"picked":"SKIP","floor":46},{"not_picked":["Wallop","DeusExMachina","ThirdEye+1"],"picked":"SKIP","floor":48}],"player_experience":772142,"relics_obtained":[{"floor":6.0,"key":"The Courier"},{"floor":9.0,"key":"Shuriken"},{"floor":26.0,"key":"Old Coin"},{"floor":30,"key":"Turnip"},{"floor":30,"key":"Yang"},{"floor":42,"key":"Boot"},{"floor":43,"key":"Regal Pillow"}],"event_choices":[{"damage_healed":0.0,"max_hp_gain":0.0,"max_hp_loss":0.0,"gold_gain":0.0,"event_name":"Living Wall","player_choice":"Grow","floor":3.0,"gold_loss":0.0,"damage_taken":0.0,"cards_upgraded":["Eruption"]},{"damage_healed":0.0,"max_hp_gain":0.0,"max_hp_loss":0.0,"gold_gain":50.0,"event_name":"FaceTrader","player_choice":"Touch","floor":4.0,"gold_loss":0.0,"damage_taken":6.0},{"damage_healed":0.0,"max_hp_gain":0.0,"max_hp_loss":0.0,"gold_gain":0.0,"event_name":"Liars Game","player_choice":"Ignored","floor":14.0,"gold_loss":0.0,"damage_taken":0.0},{"cards_removed":["Strike_P"],"damage_healed":0.0,"max_hp_gain":0.0,"max_hp_loss":0.0,"gold_gain":0.0,"event_name":"Back to Basics","player_choice":"Elegance","floor":19.0,"gold_loss":0.0,"damage_taken":0.0},{"damage_healed":0.0,"max_hp_gain":0.0,"max_hp_loss":0.0,"gold_gain":0.0,"event_name":"Ghosts","player_choice":"Ignored","floor":20.0,"gold_loss":0.0,"damage_taken":0.0},{"damage_healed":0.0,"max_hp_gain":0.0,"max_hp_loss":0.0,"gold_gain":0.0,"event_name":"Addict","player_choice":"Obtained Relic","floor":28.0,"gold_loss":85.0,"damage_taken":0.0,"relics_obtained":["Lizard Tail"]},{"damage_healed":0,"gold_gain":0,"player_choice":"Fight","damage_taken":0,"max_hp_gain":0,"max_hp_loss":0,"event_name":"Colosseum","floor":30,"gold_loss":0},{"damage_healed":0,"gold_gain":0,"player_choice":"Fought Nobs","damage_taken":0,"max_hp_gain":0,"max_hp_loss":0,"event_name":"Colosseum","floor":30,"gold_loss":0},{"damage_healed":0,"gold_gain":0,"cards_transformed":["Defend_P","Defend_P"],"player_choice":"Became Test Subject","damage_taken":0,"max_hp_gain":0,"max_hp_loss":0,"event_name":"Drug Dealer","floor":31,"gold_loss":0,"cards_obtained":["DeusExMachina","Perseverance"]},{"damage_healed":0,"gold_gain":0,"player_choice":"Memory 3","damage_taken":10,"max_hp_gain":0,"max_hp_loss":0,"event_name":"SensoryStone","floor":36,"gold_loss":0},{"damage_healed":56,"gold_gain":0,"player_choice":"Heal","damage_taken":0,"max_hp_gain":0,"max_hp_loss":12,"event_name":"The Moai Head","floor":39,"gold_loss":0},{"cards_removed":["Perseverance"],"damage_healed":0,"gold_gain":0,"player_choice":"Gave Card","damage_taken":0,"relics_obtained":["Akabeko"],"max_hp_gain":0,"max_hp_loss":0,"event_name":"WeMeetAgain","floor":41,"gold_loss":0}],"is_beta":false,"boss_relics":[{"not_picked":["Coffee Dripper","Ectoplasm"],"picked":"Sozu"},{"not_picked":["Runic Dome","Velvet Choker"],"picked":"SlaversCollar"}],"items_purged_floors":[2,11,22,27,38],"is_endless":false,"potions_floor_spawned":[1,7,12,25,30,33,42,46],"ascension_level":20}}