{"host":"8l1xuphorofpdxlv","time":1608566331,"event":{"mods":["AchievementEnabler","BaseMod","DeckTracker","Minty Spire (QoL Compilation)","Quick Restart","SuperFastMode"],"gold_per_floor":[365,365,149,164,94,94,108,123,123,158,57,108,125,138,138,241,241,255,255,59,43,43,43,76,92,119,219,232,263,263,278,278,382,382,402,452,226,245,245,245,84,84,111,164,183,183,218,232,232,232],"floor_reached":51,"playtime":1549,"items_purged":["Defend_R","Strike_R","Strike_R","Strike_R","Strike_R"],"score":1044,"play_id":"b99b732e-ed2e-4714-a93b-12f87a107930","local_time":"20201222005851","is_ascension_mode":true,"campfire_choices":[{"data":"Armaments","floor":6,"key":"SMITH"},{"floor":15,"key":"DIG"},{"data":"Whirlwind","floor":23,"key":"SMITH"},{"data":"Carnage","floor":30,"key":"SMITH"},{"floor":32,"key":"DIG"},{"floor":40,"key":"DIG"},{"floor":42,"key":"DIG"},{"floor":46,"key":"DIG"},{"floor":49,"key":"DIG"}],"circlet_count":0,"master_deck":["Defend_R","Defend_R","Defend_R","Bash","Wild Strike","Reckless Charge","Armaments+1","Disarm","True Grit","Shrug It Off","Wild Strike","Clothesline","Headbutt","Twin Strike","Offering","Ghostly","Ghostly","Ghostly","Ghostly","Ghostly","Spot Weakness","Battle Trance","Whirlwind+1","Necronomicurse","Impervious","Shrug It Off+1","Carnage+1","Seeing Red+1","Immolate","Flex+1","Dual Wield"],"relics":["Burning Blood","Membership Card","Gambling Chip","Shovel","Strawberry","Mark of Pain","Prayer Wheel","Necronomicon","Toy Ornithopter","Nunchaku","Unceasing Top","Gremlin Horn","Red Mask","Mummified Hand","Fusion Hammer","Magic Flower","Bag of Preparation","Boot","Vajra","Blue Candle","Regal Pillow","Du-Vu Doll","Orichalcum","PreservedInsect","Anchor"],"acts_visited":["Exordium","TheCity","TheBeyond"],"potions_floor_usage":[16,16,37,50,50,50],"damage_taken":[{"damage":8,"enemies":"Small Slimes","floor":1,"turns":4},{"damage":6,"enemies":"Cultist","floor":4,"turns":3},{"damage":8,"enemies":"2 Louse","floor":7,"turns":2},{"damage":11,"enemies":"Looter","floor":8,"turns":3},{"damage":29,"enemies":"3 Sentries","floor":10,"turns":11},{"damage":7,"enemies":"Blue Slaver","floor":13,"turns":4},{"damage":0,"enemies":"2 Fungi Beasts","floor":14,"turns":3},{"damage":13,"enemies":"Hexaghost","floor":16,"turns":9},{"damage":0,"enemies":"Spheric Guardian","floor":18,"turns":3},{"damage":3,"enemies":"2 Thieves","floor":21,"turns":4},{"damage":1,"enemies":"Book of Stabbing","floor":24,"turns":4},{"damage":0,"enemies":"Sentry and Sphere","floor":25,"turns":1},{"damage":0,"enemies":"Colosseum Slavers","floor":27,"turns":1},{"damage":1,"enemies":"Colosseum Nobs","floor":27,"turns":4},{"damage":0,"enemies":"Cultist and Chosen","floor":28,"turns":3},{"damage":0,"enemies":"Masked Bandits","floor":29,"turns":1},{"damage":6,"enemies":"Snecko","floor":31,"turns":3},{"damage":1,"enemies":"Collector","floor":33,"turns":6},{"damage":0,"enemies":"3 Darklings","floor":35,"turns":1},{"damage":1,"enemies":"Mind Bloom Boss Battle","floor":36,"turns":4},{"damage":0,"enemies":"3 Shapes","floor":38,"turns":1},{"damage":0,"enemies":"2 Orb Walkers","floor":44,"turns":1},{"damage":1,"enemies":"Transient","floor":45,"turns":5},{"damage":7,"enemies":"Giant Head","floor":47,"turns":5},{"damage":7,"enemies":"Maw","floor":48,"turns":5},{"damage":25,"enemies":"Time Eater","floor":50,"turns":8}],"seed_played":"-8010512002398615443","potions_obtained":[{"floor":4,"key":"DistilledChaos"},{"floor":7,"key":"BlessingOfTheForge"},{"floor":8,"key":"FearPotion"},{"floor":24,"key":"Dexterity Potion"},{"floor":27,"key":"ElixirPotion"},{"floor":31,"key":"Fire Potion"},{"floor":47,"key":"Fire Potion"}],"is_trial":false,"path_per_floor":["M","?","$","M","$","R","M","M","T","E","$","?","M","M","R","B",null,"M","?","$","M","?","R","E","M","T","?","M","?","R","M","R","B",null,"M","?","$","M","?","R","$","R","T","?","M","R","E","M","R","B",null],"character_chosen":"IRONCLAD","items_purchased":["Membership Card","Reckless Charge","Disarm","Wild Strike","Clothesline","Prayer Wheel","Spot Weakness","Bag of Preparation","Fruit Juice","Energy Potion","Vajra"],"campfire_rested":0,"item_purchase_floors":[3,3,5,11,11,20,20,37,37,37,41],"current_hp_per_floor":[54,54,54,54,54,54,52,47,47,24,24,24,23,29,36,29,87,87,43,43,43,27,27,32,38,38,43,43,43,43,43,43,43,43,43,43,48,48,48,48,48,48,48,48,48,48,48,48,48,38],"gold":232,"neow_bonus":"TWO_FIFTY_GOLD","is_daily":false,"chose_seed":false,"campfire_upgraded":3,"win_rate":0.0,"timestamp":1608566331,"path_taken":["M","?","$","M","$","R","M","?","T","E","?","?","M","M","R","BOSS","M","?","$","M","?","R","E","M","T","?","M","?","R","M","R","BOSS","M","?","$","M","?","R","$","R","T","?","M","R","E","?","R","BOSS"],"items_purchased_type":["Relic","Card","Card","Card","Card","Relic","Card","Relic","Potion","Potion","Relic"],"build_version":"2020-12-13","purchased_purges":5,"victory":true,"max_hp_per_floor":[80,80,80,80,80,80,80,80,80,80,80,80,80,80,87,87,87,87,43,43,43,43,43,43,43,43,43,43,43,43,43,43,43,43,43,43,48,48,48,48,48,48,48,48,48,48,48,48,48,48],"card_choices":[{"not_picked":["Sword Boomerang","Seeing Red"],"picked":"Wild Strike","floor":1},{"not_picked":["Twin Strike","Flex"],"picked":"Armaments","floor":4},{"not_picked":["Clothesline","Combust"],"picked":"True Grit","floor":7},{"not_picked":["Impervious","Body Slam"],"picked":"Shrug It Off","floor":8},{"not_picked":["Body Slam","True Grit","Metallicize"],"picked":"SKIP","floor":10},{"not_picked":["Havoc","Thunderclap"],"picked":"Headbutt","floor":13},{"not_picked":["Combust","Flex"],"picked":"Twin Strike","floor":14},{"not_picked":["Brutality","Feed"],"picked":"Offering","floor":16},{"not_picked":["Warcry","Armaments","Havoc"],"picked":"SKIP","floor":18},{"not_picked":["Hemokinesis","Heavy Blade"],"picked":"Battle Trance","floor":21},{"not_picked":["Dropkick","Shrug It Off"],"picked":"Whirlwind","floor":21},{"not_picked":["True Grit","Dual Wield+1"],"picked":"Impervious","floor":24},{"not_picked":["Heavy Blade","Havoc"],"picked":"Shrug It Off+1","floor":25},{"not_picked":["Shrug It Off","Body Slam+1","Clash"],"picked":"SKIP","floor":25},{"not_picked":["Fiend Fire","Havoc"],"picked":"Carnage","floor":28},{"not_picked":["Battle Trance+1","Combust","True Grit"],"picked":"SKIP","floor":28},{"not_picked":["Sword Boomerang","Iron Wave"],"picked":"Seeing Red+1","floor":31},{"not_picked":["Perfected Strike+1","Berserk","Rupture"],"picked":"SKIP","floor":31},{"not_picked":["Offering","Corruption"],"picked":"Immolate","floor":33},{"not_picked":["Shrug It Off","Reckless Charge+1","Metallicize"],"picked":"SKIP","floor":35},{"not_picked":["Flex","Inflame","Body Slam+1"],"picked":"SKIP","floor":35},{"not_picked":["Cleave","Intimidate"],"picked":"Flex+1","floor":38},{"not_picked":["Perfected Strike+1","Double Tap","Metallicize"],"picked":"SKIP","floor":38},{"not_picked":["Pummel+1","Iron Wave+1","Sword Boomerang+1"],"picked":"SKIP","floor":45},{"not_picked":["Second Wind","Ghostly Armor","Flex"],"picked":"SKIP","floor":45},{"not_picked":["Clash","Pommel Strike+1","Heavy Blade+1"],"picked":"SKIP","floor":47},{"not_picked":["Perfected Strike+1","Shrug It Off+1"],"picked":"Dual Wield","floor":48},{"not_picked":["True Grit+1","Sword Boomerang","Cleave+1"],"picked":"SKIP","floor":48}],"player_experience":84536,"relics_obtained":[{"floor":9,"key":"Gambling Chip"},{"floor":10,"key":"Shovel"},{"floor":15,"key":"Strawberry"},{"floor":22,"key":"Necronomicon"},{"floor":24,"key":"Toy Ornithopter"},{"floor":26,"key":"Nunchaku"},{"floor":27,"key":"Unceasing Top"},{"floor":27,"key":"Gremlin Horn"},{"floor":29,"key":"Red Mask"},{"floor":32,"key":"Mummified Hand"},{"floor":36,"key":"Magic Flower"},{"floor":40,"key":"Boot"},{"floor":42,"key":"Blue Candle"},{"floor":43,"key":"Regal Pillow"},{"floor":44,"key":"Du-Vu Doll"},{"floor":46,"key":"Orichalcum"},{"floor":47,"key":"PreservedInsect"},{"floor":49,"key":"Anchor"}],"event_choices":[{"cards_removed":["Strike_R"],"damage_healed":0,"gold_gain":0,"player_choice":"Offered Basic","damage_taken":0,"max_hp_gain":0,"max_hp_loss":0,"event_name":"Bonfire Elementals","floor":2,"gold_loss":0},{"damage_healed":0,"gold_gain":51,"player_choice":"Gained Gold","damage_taken":0,"max_hp_gain":0,"max_hp_loss":0,"event_name":"Golden Wing","floor":12,"gold_loss":0},{"damage_healed":0,"gold_gain":0,"player_choice":"Became a Ghost","damage_taken":0,"max_hp_gain":0,"max_hp_loss":44,"event_name":"Ghosts","floor":19,"gold_loss":0,"cards_obtained":["Ghostly","Ghostly","Ghostly","Ghostly","Ghostly"]},{"damage_healed":0,"gold_gain":0,"player_choice":"Obtained Book","damage_taken":16,"max_hp_gain":0,"max_hp_loss":0,"event_name":"Cursed Tome","floor":22,"gold_loss":0},{"damage_healed":0,"gold_gain":0,"player_choice":"Fight","damage_taken":0,"max_hp_gain":0,"max_hp_loss":0,"event_name":"Colosseum","floor":27,"gold_loss":0},{"damage_healed":0,"gold_gain":0,"player_choice":"Fought Nobs","damage_taken":0,"max_hp_gain":0,"max_hp_loss":0,"event_name":"Colosseum","floor":27,"gold_loss":0},{"damage_healed":0,"gold_gain":0,"player_choice":"Fought Bandits","damage_taken":0,"max_hp_gain":0,"max_hp_loss":0,"event_name":"Masked Bandits","floor":29,"gold_loss":0},{"damage_healed":0,"gold_gain":0,"player_choice":"Fight","damage_taken":0,"max_hp_gain":0,"max_hp_loss":0,"event_name":"MindBloom","floor":36,"gold_loss":0},{"damage_healed":0,"gold_gain":0,"player_choice":"Ignored","damage_taken":0,"max_hp_gain":0,"max_hp_loss":0,"event_name":"Tomb of Lord Red Mask","floor":39,"gold_loss":0},{"damage_healed":0,"gold_gain":0,"player_choice":"Fight","damage_taken":0,"max_hp_gain":0,"max_hp_loss":0,"event_name":"Mysterious Sphere","floor":44,"gold_loss":0}],"is_beta":false,"boss_relics":[{"not_picked":["Runic Cube","Snecko Eye"],"picked":"Mark of Pain"},{"not_picked":["Black Star","SacredBark"],"picked":"Fusion Hammer"}],"items_purged_floors":[3,5,11,37,41],"is_endless":false,"potions_floor_spawned":[4,7,8,24,27,27,31,33,36,38,47],"ascension_level":4}}