{"host":"sav7uxregyirlf69","time":1608532499,"event":{"mods":["AchievementEnabler","BaseMod","Colored Map","DeckTracker","Keyboard Shortcuts","Minty Spire (QoL Compilation)","READ ME - Guardian Mod","StSLib","SuperFastMode"],"gold_per_floor":[109,129,129,144,144,174,174,202,202,217,217,217,217,227,227,329,329,344,344,356,366,376,376,405,416,416,198,211,236,47,47,47,147,147,166,95,114,114,160,189,189,222,222,242,74,74,90,120,120,120,120,120,94,125,125],"floor_reached":56,"playtime":1987,"items_purged":["All Out Attack","Bane"],"score":2215,"play_id":"4376eac7-7515-419c-93a9-b2b7acf3866d","local_time":"20201221153459","is_ascension_mode":true,"campfire_choices":[{"floor":7.0,"key":"REST"},{"floor":12.0,"key":"REST"},{"data":"Malaise","floor":15.0,"key":"SMITH"},{"data":"Concentrate","floor":23.0,"key":"SMITH"},{"data":"Reflex","floor":32.0,"key":"SMITH"},{"data":"Catalyst","floor":41.0,"key":"SMITH"},{"data":"Well Laid Plans","floor":46.0,"key":"SMITH"},{"floor":49,"key":"RECALL"},{"data":"Dodge and Roll","floor":52,"key":"SMITH"}],"circlet_count":0,"master_deck":["AscendersBane","Survivor","Neutralize","Predator","Deadly Poison","Choke","Deadly Poison","Reflex+1","Malaise+1","Escape Plan","PiercingWail","After Image","Corpse Explosion","Acrobatics","Deflect","Blade Dance","Dodge and Roll+1","Tactician+1","Adrenaline","Catalyst+1","Reflex","Concentrate+1","Tactician+1","Flash of Steel","Blur+1","Well Laid Plans+1","Calculated Gamble+1","Prepared+1","Backflip","Acrobatics"],"relics":["Sozu","Orichalcum","Eternal Feather","Pandora\u0027s Box","InkBottle","DollysMirror","Singing Bowl","Coffee Dripper","FossilizedHelix","Kunai","Molten Egg 2","Bag of Preparation","Lee\u0027s Waffle","Gambling Chip","Vajra"],"acts_visited":["Exordium","TheCity","TheBeyond","TheEnding"],"potions_floor_usage":[],"damage_taken":[{"damage":0.0,"enemies":"Cultist","floor":1.0,"turns":5.0},{"damage":10.0,"enemies":"Jaw Worm","floor":2.0,"turns":4.0},{"damage":4.0,"enemies":"Small Slimes","floor":4.0,"turns":3.0},{"damage":27.0,"enemies":"3 Sentries","floor":6.0,"turns":9.0},{"damage":25.0,"enemies":"Lagavulin","floor":8.0,"turns":7.0},{"damage":2.0,"enemies":"3 Louse","floor":10.0,"turns":4.0},{"damage":4.0,"enemies":"Blue Slaver","floor":14.0,"turns":3.0},{"damage":0.0,"enemies":"Hexaghost","floor":16.0,"turns":12.0},{"damage":10.0,"enemies":"Shell Parasite","floor":18.0,"turns":5.0},{"damage":0.0,"enemies":"3 Byrds","floor":20.0,"turns":2.0},{"damage":2.0,"enemies":"Snecko","floor":21.0,"turns":5.0},{"damage":8.0,"enemies":"Chosen and Byrds","floor":22.0,"turns":5.0},{"damage":7.0,"enemies":"Book of Stabbing","floor":24.0,"turns":6.0},{"damage":1.0,"enemies":"Snake Plant","floor":25.0,"turns":4.0},{"damage":2.0,"enemies":"3 Cultists","floor":28.0,"turns":3.0},{"damage":0.0,"enemies":"Gremlin Leader","floor":29.0,"turns":7.0},{"damage":8.0,"enemies":"Champ","floor":33.0,"turns":10.0},{"damage":16.0,"enemies":"3 Shapes","floor":35.0,"turns":5.0},{"damage":1.0,"enemies":"3 Darklings","floor":37.0,"turns":3.0},{"damage":15.0,"enemies":"2 Orb Walkers","floor":39.0,"turns":2.0},{"damage":9.0,"enemies":"Reptomancer","floor":40.0,"turns":5.0},{"damage":41.0,"enemies":"Nemesis","floor":42.0,"turns":9.0},{"damage":0.0,"enemies":"Transient","floor":44.0,"turns":5.0},{"damage":0.0,"enemies":"Sphere and 2 Shapes","floor":47.0,"turns":4.0},{"damage":0,"enemies":"Reptomancer","floor":48,"turns":4},{"damage":0,"enemies":"Donu and Deca","floor":50,"turns":5},{"damage":4,"enemies":"Shield and Spear","floor":54,"turns":4},{"damage":0,"enemies":"The Heart","floor":55,"turns":9}],"seed_played":"576179200258008702","potions_obtained":[],"is_trial":false,"path_per_floor":["M","M","?","M","?","E","R","E","T","M","?","R","?","M","R","B",null,"M","?","M","M","M","R","E","M","T","$","M","E","$","$","R","B",null,"M","$","M","?","?","E","R","E","T","M","$","R","M","E","R","B",null,"R","$","E","B",null],"character_chosen":"THE_SILENT","items_purchased":["DollysMirror","Flash of Steel","Well Laid Plans","Lee\u0027s Waffle","Backflip","Acrobatics"],"campfire_rested":2,"item_purchase_floors":[27,30,36,45,45,53],"current_hp_per_floor":[63,53,46,42,42,15,36,11,11,9,9,39,44,40,49,49,69,59,59,59,57,49,61,54,53,53,53,51,53,53,53,65,59,74,58,58,57,57,42,35,50,11,11,13,88,88,90,92,92,92,92,92,92,90,90],"gold":125,"neow_bonus":"BOSS_RELIC","is_daily":false,"chose_seed":false,"campfire_upgraded":6,"win_rate":0.0,"timestamp":1608532499,"path_taken":["M","M","?","M","?","E","R","E","T","M","?","R","?","?","R","BOSS","M","?","M","?","M","R","E","M","T","$","M","E","?","$","R","BOSS","M","$","M","?","?","E","R","E","T","M","?","R","M","E","R","BOSS","R","$","E","BOSS"],"items_purchased_type":["Relic","Card","Card","Relic","Card","Card"],"build_version":"2020-12-13","purchased_purges":2,"victory":true,"max_hp_per_floor":[70,70,70,70,70,70,70,70,70,70,70,70,75,75,75,75,75,75,75,75,75,75,75,75,75,75,75,75,77,77,77,77,79,79,79,79,79,75,75,77,77,79,79,81,88,88,90,92,92,92,92,92,92,94,94],"card_choices":[{"not_picked":["Cloak And Dagger","PiercingWail"],"picked":"Predator","floor":1.0},{"not_picked":["Cloak And Dagger","PiercingWail"],"picked":"Deadly Poison","floor":2.0},{"not_picked":["All Out Attack","Well Laid Plans"],"picked":"Choke","floor":4.0},{"not_picked":["Acrobatics","Backflip"],"picked":"Reflex","floor":6.0},{"not_picked":["Blade Dance","Dagger Spray"],"picked":"Malaise","floor":8.0},{"not_picked":["Masterful Stab","Backflip"],"picked":"Escape Plan","floor":10.0},{"not_picked":["Sucker Punch","Deadly Poison"],"picked":"PiercingWail","floor":14.0},{"not_picked":["Night Terror","A Thousand Cuts"],"picked":"After Image","floor":16.0},{"not_picked":["Caltrops","Endless Agony+1"],"picked":"Tactician+1","floor":18.0},{"not_picked":["Bane","Crippling Poison"],"picked":"Catalyst","floor":20.0},{"not_picked":["Acrobatics","Dash+1"],"picked":"Reflex","floor":21.0},{"not_picked":["Slice","Blade Dance+1"],"picked":"Concentrate","floor":22.0},{"not_picked":["Cloak And Dagger","Flying Knee","Concentrate"],"picked":"SKIP","floor":24.0},{"not_picked":["Phantasmal Killer","Quick Slash+1","Cloak And Dagger+1"],"picked":"SKIP","floor":25.0},{"not_picked":["Dodge and Roll","Distraction","Outmaneuver"],"picked":"SKIP","floor":28.0},{"not_picked":["Blade Dance","Grand Finale","Endless Agony"],"picked":"Singing Bowl","floor":29.0},{"not_picked":["Phantasmal Killer","Tools of the Trade","Bullet Time"],"picked":"Singing Bowl","floor":33.0},{"not_picked":["Sucker Punch","Bane+1"],"picked":"Blur+1","floor":35.0},{"not_picked":["Setup+1","Expertise"],"picked":"Calculated Gamble+1","floor":37.0},{"not_picked":["Dodge and Roll","Slice"],"picked":"Prepared+1","floor":39.0},{"not_picked":["Reflex+1","Cloak And Dagger+1","Masterful Stab+1"],"picked":"Singing Bowl","floor":40.0},{"not_picked":["Blur","Quick Slash+1","Cloak And Dagger"],"picked":"Singing Bowl","floor":42.0},{"not_picked":["Dodge and Roll+1","PiercingWail","Riddle With Holes+1"],"picked":"Singing Bowl","floor":44.0},{"not_picked":["Blade Dance+1","Well Laid Plans+1","Flying Knee+1"],"picked":"Singing Bowl","floor":47.0},{"not_picked":["Sucker Punch+1","Unload+1","Calculated Gamble"],"picked":"Singing Bowl","floor":48},{"not_picked":["Terror","Blade Dance","Underhanded Strike+1"],"picked":"Singing Bowl","floor":54}],"player_experience":973334,"relics_obtained":[{"floor":6.0,"key":"Orichalcum"},{"floor":8.0,"key":"Eternal Feather"},{"floor":24.0,"key":"InkBottle"},{"floor":29.0,"key":"Singing Bowl"},{"floor":39.0,"key":"FossilizedHelix"},{"floor":40.0,"key":"Kunai"},{"floor":42.0,"key":"Molten Egg 2"},{"floor":43.0,"key":"Bag of Preparation"},{"floor":48,"key":"Gambling Chip"},{"floor":54,"key":"Vajra"}],"event_choices":[{"cards_removed":["Strike_G"],"damage_healed":0.0,"max_hp_gain":0.0,"max_hp_loss":0.0,"gold_gain":0.0,"event_name":"Golden Wing","player_choice":"Card Removal","floor":3.0,"gold_loss":0.0,"damage_taken":7.0},{"damage_healed":0.0,"max_hp_gain":0.0,"max_hp_loss":0.0,"gold_gain":0.0,"cards_transformed":["Strike_G"],"event_name":"Living Wall","player_choice":"Change","floor":5.0,"gold_loss":0.0,"damage_taken":0.0,"cards_obtained":["Deadly Poison"]},{"damage_healed":0.0,"max_hp_gain":0.0,"max_hp_loss":0.0,"gold_gain":0.0,"event_name":"Scrap Ooze","player_choice":"Fled","floor":11.0,"gold_loss":0.0,"damage_taken":0.0},{"damage_healed":0.0,"max_hp_gain":5.0,"max_hp_loss":0.0,"gold_gain":0.0,"event_name":"Big Fish","player_choice":"Donut","floor":13.0,"gold_loss":0.0,"damage_taken":0.0},{"damage_healed":0.0,"max_hp_gain":0.0,"max_hp_loss":0.0,"gold_gain":0.0,"cards_transformed":["Riddle With Holes"],"event_name":"Transmorgrifier","player_choice":"Transformed","floor":19.0,"gold_loss":0.0,"damage_taken":0.0,"cards_obtained":["Adrenaline"]},{"damage_healed":0.0,"max_hp_gain":0.0,"max_hp_loss":4.0,"gold_gain":0.0,"event_name":"Winding Halls","player_choice":"Max HP","floor":38.0,"gold_loss":0.0,"damage_taken":0.0},{"damage_healed":0.0,"max_hp_gain":0.0,"max_hp_loss":0.0,"gold_gain":0.0,"event_name":"Mysterious Sphere","player_choice":"Fight","floor":39.0,"gold_loss":0.0,"damage_taken":0.0}],"is_beta":false,"boss_relics":[{"not_picked":["Runic Pyramid","SlaversCollar"],"picked":"Pandora\u0027s Box"},{"not_picked":["Runic Dome","Snecko Eye"],"picked":"Coffee Dripper"}],"items_purged_floors":[27,30],"is_endless":false,"potions_floor_spawned":[1,4,10,14,16,18,20,21,28,39,40,44],"ascension_level":10}}