{"host":"byu8oejwd0fdcxn8","time":1608568948,"event":{"mods":["Act Like it!","Arknights The Spire","BaseMod","Colored Map","Minty Spire (QoL Compilation)","StSLib"],"gold_per_floor":[111,131,149,168,243,243,277,277,351,382,393,411,411,36,36,152,152,182,182,182,210,245,245,245,245],"floor_reached":24,"playtime":732,"items_purged":[],"score":258,"play_id":"5c543525-13c1-48c8-93c5-cae7c7c2a847","local_time":"20201222014228","is_ascension_mode":false,"campfire_choices":[{"floor":13,"key":"DIG"},{"data":"ats:Sunburst","floor":15,"key":"SMITH"},{"data":"ats:Just Like an Apocalypse","floor":23,"key":"SMITH"}],"circlet_count":0,"master_deck":["ats:Powerful Strike","ats:Powerful Strike","ats:Powerful Strike","ats:Armor Crushing Shot","ats:Defend Up","ats:Defend Up","ats:Defend Up","ats:Defend Up","ats:Emotion Absorption","ats:Emotion Absorption","ats:Sunburst+1","ats:Wolf Pack","ats:Attack Strengthen","ats:Ignite","ats:Mental Burst","ats:Ignite","ats:Revitalization","ats:Overload","ats:Thorns","ats:Disruption Kick","ats:Composite Medical Shells+1","ats:Attack Strengthen","ats:Just Like an Apocalypse+1"],"relics":["ats:Sanity","ats:MaxSp4","ats:Originium","Shovel","ats:Originium","Shuriken","Strawberry","ats:Military Tradition","ats:Gyao","ats:Tactical Delivery","ats:MaxSp3"],"acts_visited":["Exordium","TheCity"],"potions_floor_usage":[16,16,16],"damage_taken":[{"damage":11,"enemies":"Jaw Worm","floor":1,"turns":2},{"damage":0,"enemies":"Small Slimes","floor":2,"turns":2},{"damage":0,"enemies":"Cultist","floor":3,"turns":3},{"damage":0,"enemies":"2 Fungi Beasts","floor":4,"turns":4},{"damage":9,"enemies":"3 Sentries","floor":7,"turns":7},{"damage":6,"enemies":"Gremlin Nob","floor":10,"turns":4},{"damage":0,"enemies":"3 Louse","floor":11,"turns":3},{"damage":5,"enemies":"Looter","floor":12,"turns":3},{"damage":0,"enemies":"Slime Boss","floor":16,"turns":6},{"damage":0,"enemies":"Spheric Guardian","floor":18,"turns":3},{"damage":10,"enemies":"Chosen","floor":21,"turns":4},{"damage":8,"enemies":"Centurion and Healer","floor":22,"turns":7},{"damage":58,"enemies":"Gremlin Leader","floor":24,"turns":3}],"seed_played":"-6987398458439850614","potions_obtained":[{"floor":2,"key":"FearPotion"},{"floor":4,"key":"SteroidPotion"},{"floor":11,"key":"Block Potion"},{"floor":21,"key":"BlessingOfTheForge"}],"is_trial":false,"path_per_floor":["M","M","M","M","?","R","E","R","T","E","M","M","R","$","R","B",null,"M","?","?","M","M","R","E"],"character_chosen":"DOCTOR_CLASS","items_purchased":["ats:Gyao","ats:Thorns"],"campfire_rested":0,"item_purchase_floors":[14,14],"current_hp_per_floor":[61,61,61,61,50,50,41,41,41,42,42,40,40,40,40,43,79,79,64,64,57,52,52,0,0],"gold":245,"neow_bonus":"RANDOM_COMMON_RELIC","is_daily":false,"chose_seed":false,"campfire_upgraded":2,"win_rate":0.0,"timestamp":1608568948,"path_taken":["M","M","M","M","?","R","E","R","T","E","M","M","R","$","R","BOSS","M","?","?","M","M","R","E"],"items_purchased_type":["Relic","Card"],"build_version":"2020-12-13","purchased_purges":0,"victory":false,"max_hp_per_floor":[72,72,72,72,72,72,72,72,72,79,79,79,79,79,79,79,79,79,84,84,84,84,84,84,84],"card_choices":[{"not_picked":["ats:Assault Order","ats:Support Order"],"picked":"ats:Sunburst","floor":1},{"not_picked":["ats:Explosion Area Strengthen","ats:Curse Doll"],"picked":"ats:Wolf Pack","floor":2},{"not_picked":["ats:Curse Doll","ats:Shell Defense"],"picked":"ats:Attack Strengthen","floor":3},{"not_picked":["ats:Assault Order","ats:Red Shift"],"picked":"ats:Ignite","floor":4},{"not_picked":["ats:Shell Defense","ats:Wolf Pack"],"picked":"ats:Mental Burst","floor":7},{"not_picked":["ats:Shell Defense","ats:Explosion Area Strengthen"],"picked":"ats:Ignite","floor":10},{"not_picked":["ats:Assault Order","ats:Curse Doll"],"picked":"ats:Revitalization","floor":11},{"not_picked":["ats:Curse Doll","ats:Poison Spread"],"picked":"ats:Overload","floor":12},{"not_picked":["ats:Roar Of Ursus","ats:Durian"],"picked":"ats:Disruption Kick","floor":16},{"not_picked":["ats:Poison Spread","ats:Shadow Raid"],"picked":"ats:Composite Medical Shells+1","floor":18},{"not_picked":["ats:Explosion Area Strengthen","ats:Curse Doll"],"picked":"ats:Attack Strengthen","floor":21},{"not_picked":["ats:Blood Oath","ats:Assault Order+1"],"picked":"ats:Just Like an Apocalypse","floor":22}],"player_experience":1036222,"relics_obtained":[{"floor":6,"key":"ats:Originium"},{"floor":7,"key":"Shovel"},{"floor":8,"key":"ats:Originium"},{"floor":9,"key":"Shuriken"},{"floor":10,"key":"Strawberry"},{"floor":13,"key":"ats:Military Tradition"}],"event_choices":[{"damage_healed":0,"gold_gain":75,"player_choice":"Gather Gold","damage_taken":11,"max_hp_gain":0,"max_hp_loss":0,"event_name":"World of Goop","floor":5,"gold_loss":0},{"damage_healed":0,"gold_gain":0,"player_choice":"Shed Blood","damage_taken":20,"max_hp_gain":5,"max_hp_loss":0,"event_name":"Forgotten Altar","floor":19,"gold_loss":0},{"damage_healed":0,"gold_gain":0,"player_choice":"Opened","damage_taken":0,"relics_obtained":["ats:MaxSp3"],"max_hp_gain":0,"max_hp_loss":0,"event_name":"The Mausoleum","floor":20,"gold_loss":0}],"is_beta":false,"boss_relics":[{"not_picked":["Ectoplasm","Coffee Dripper"],"picked":"ats:Tactical Delivery"}],"items_purged_floors":[],"is_endless":false,"potions_floor_spawned":[2,4,11,21],"killed_by":"Gremlin Leader","ascension_level":0}}