{"host":"hjw1ay65n7jm40lc","time":1608567546,"event":{"mods":["AchievementEnabler","BaseMod","Block Reminder","Colored Map","Colored Powertips","Downfall","Googly Eyes","Highlight Path","Minty Spire (QoL Compilation)","Quick Restart","Relic Stats","StSLib"],"gold_per_floor":[99,124,124,157,157,157,157,157,170,170,185,43,63,48,60,157,157,157,97,97,130,150,177,177,177,207,207,207,207,482,492,503,603,603,528,543,543,543,543],"floor_reached":37,"playtime":2932,"items_purged":["Regret"],"score":570,"play_id":"ebae52cb-0c68-4dd6-8b54-b75e1919f05e","local_time":"20201221111906","is_ascension_mode":true,"campfire_choices":[{"data":"Guardian:TwinSlam","floor":1,"key":"SMITH"},{"data":"Guardian:Orbwalk","floor":18,"key":"SMITH"},{"data":"Guardian:BaubleBeam","floor":20,"key":"SMITH"},{"floor":25,"key":"REST"},{"floor":27,"key":"REST"},{"data":"Guardian:TimeSifter","floor":35,"key":"SMITH"}],"circlet_count":0,"master_deck":["Guardian:Strike_Guardian+1","Guardian:Defend_Guardian+1","Guardian:Defend_Guardian","Guardian:Defend_Guardian+1","Guardian:Defend_Guardian","Guardian:CurlUp","Guardian:TwinSlam+1","Guardian:TimeCapacitor","Guardian:Orbwalk+1","Guardian:RollAttack","Guardian:VentSteam","Guardian:WalkerClaw","Guardian:BaubleBeam+1","Guardian:RefractedBeam+1","Guardian:StasisStrike+1","Guardian:SentryBeam+1","Guardian:ChargeCore","Guardian:Planning","Guardian:EvasiveProtocol","Guardian:PiercingHide","Guardian:ExploitGems","Guardian:EvasiveProtocol","Guardian:ShieldSpikes+1","Guardian:Clone","Guardian:Clone","Guardian:TimeSifter+1","Guardian:ArmoredProtocol+1"],"relics":["Guardian:StasisSlotReductionRelic","Strawberry","Matryoshka","Guardian:PickAxe","Anchor","Lizard Tail","Astrolabe","Vajra","White Beast Statue","Boot","Bronze Scales","Ancient Tea Set","HornCleat","Coffee Dripper","downfall:HeartBlessingGreen"],"acts_visited":["Exordium","TheCity","TheBeyond"],"potions_floor_usage":[16,16,16,23,23,30,30,33,33,37,37,37],"damage_taken":[{"damage":24,"enemies":"Lagavulin","floor":2,"turns":7},{"damage":26,"enemies":"3 Sentries","floor":4,"turns":10},{"damage":2,"enemies":"Small Slimes","floor":9,"turns":3},{"damage":0,"enemies":"2 Louse","floor":11,"turns":2},{"damage":1,"enemies":"downfall:FleeingMerchant","floor":12,"turns":4},{"damage":0,"enemies":"Jaw Worm","floor":13,"turns":3},{"damage":0,"enemies":"downfall:FleeingMerchant","floor":14,"turns":4},{"damage":1,"enemies":"Exordium Thugs","floor":15,"turns":3},{"damage":43,"enemies":"downfall:Defect","floor":16,"turns":7},{"damage":2,"enemies":"downfall:FleeingMerchant","floor":19,"turns":4},{"damage":41,"enemies":"Gremlin Leader","floor":21,"turns":5},{"damage":8,"enemies":"Shell Parasite","floor":22,"turns":4},{"damage":0,"enemies":"Slavers","floor":23,"turns":4},{"damage":10,"enemies":"Book of Stabbing","floor":26,"turns":5},{"damage":0,"enemies":"downfall:FleeingMerchant","floor":30,"turns":4},{"damage":0,"enemies":"Chosen","floor":31,"turns":4},{"damage":0,"enemies":"Snecko","floor":32,"turns":4},{"damage":41,"enemies":"downfall:Watcher","floor":33,"turns":8},{"damage":0,"enemies":"Orb Walker","floor":36,"turns":4},{"damage":75,"enemies":"Reptomancer","floor":37,"turns":5}],"seed_played":"264711400186228531","potions_obtained":[{"floor":4,"key":"Guardian:BlockOnCardUsePotion"},{"floor":9,"key":"Weak Potion"},{"floor":15,"key":"SkillPotion"},{"floor":16,"key":"Fire Potion"},{"floor":21,"key":"AttackPotion"},{"floor":22,"key":"Guardian:DefensiveModePotion"},{"floor":26,"key":"LiquidMemories"},{"floor":30,"key":"GamblersBrew"},{"floor":31,"key":"Block Potion"},{"floor":32,"key":"SteroidPotion"},{"floor":33,"key":"champ:CounterPotion"},{"floor":36,"key":"EssenceOfSteel"}],"is_trial":false,"path_per_floor":["R","E","?","E","?","R","T","R","M","R","M","$","M","$","M","B",null,"R","$","R","E","M","E","T","R","E","R","?","T","$","M","M","B",null,"R","M","E"],"character_chosen":"GUARDIAN","items_purchased":["PowerPotion","Guardian:Planning","Guardian:Gem_Fragmented"],"campfire_rested":2,"item_purchase_floors":[12,19,30],"current_hp_per_floor":[80,63,63,37,37,37,37,37,35,35,35,34,34,34,33,37,75,75,73,73,32,24,24,24,50,40,66,66,66,66,66,66,25,72,72,72,0,0,0],"gold":543,"neow_bonus":"BOSS_RELIC","is_daily":false,"chose_seed":false,"campfire_upgraded":4,"win_rate":0.0,"timestamp":1608567546,"path_taken":["R","E","?","E","?","R","T","R","M","R","M","$","M","$","M","BOSS","R","$","R","E","M","E","T","R","E","R","?","?","$","M","M","BOSS","R","M","E"],"items_purchased_type":["Potion","Card","Card"],"build_version":"2020-12-13","purchased_purges":1,"victory":false,"max_hp_per_floor":[80,87,87,87,87,87,87,87,87,87,87,87,87,87,87,87,87,87,87,87,87,87,87,87,87,87,87,87,87,87,87,87,87,87,87,87,87,87,87],"relic_stats":{"Lizard Tail":43,"counters":[20,94],"Astrolabe":["Guardian:RefractedBeam","Guardian:StasisStrike","Guardian:SentryBeam"],"Bronze Scales":[117],"Boot":[0],"obtain_stats":[{"Guardian:StasisSlotReductionRelic":0,"Astrolabe":17,"Guardian:ModeShifter":0,"Vajra":21,"downfall:HeartBlessingGreen":35,"Boot":24,"Ancient Tea Set":26,"White Beast Statue":23,"Guardian:PickAxe":5,"Anchor":7,"Lizard Tail":7,"Matryoshka":4,"HornCleat":29,"Strawberry":2,"Bronze Scales":24,"Coffee Dripper":34},{"Guardian:StasisSlotReductionRelic":0,"Astrolabe":9,"Guardian:ModeShifter":0,"Vajra":11,"downfall:HeartBlessingGreen":18,"Boot":13,"Ancient Tea Set":14,"White Beast Statue":13,"Guardian:PickAxe":2,"Anchor":2,"Lizard Tail":2,"Matryoshka":2,"HornCleat":14,"Strawberry":1,"Bronze Scales":13,"Coffee Dripper":18},{"Guardian:StasisSlotReductionRelic":0,"Astrolabe":43,"Guardian:ModeShifter":0,"Vajra":52,"downfall:HeartBlessingGreen":85,"Boot":60,"Ancient Tea Set":65,"White Beast Statue":60,"Guardian:PickAxe":17,"Anchor":17,"Lizard Tail":17,"Matryoshka":17,"HornCleat":65,"Strawberry":7,"Bronze Scales":60,"Coffee Dripper":85}]},"card_choices":[{"not_picked":["Guardian:CrystalBeam","Guardian:PrimingBeam"],"picked":"Guardian:TimeCapacitor","floor":2},{"not_picked":["Guardian:WalkerClaw","Guardian:Gem_Purple"],"picked":"Guardian:Orbwalk","floor":4},{"not_picked":["Guardian:WalkerClaw","Guardian:BronzeArmor"],"picked":"Guardian:RollAttack","floor":9},{"not_picked":["Guardian:TemporalStrike","Guardian:SentryBeam"],"picked":"Guardian:VentSteam","floor":11},{"not_picked":["Guardian:Gem_Purple","Guardian:PrimingBeam"],"picked":"Guardian:WalkerClaw","floor":12},{"not_picked":["Guardian:Gem_Blue","Guardian:Gem_Red","Guardian:Gem_Green"],"picked":"SKIP","floor":13},{"not_picked":["Guardian:PiercingHide","Guardian:RollAttack","Guardian:Gem_Crimson"],"picked":"SKIP","floor":14},{"not_picked":["Guardian:ShieldCharger","Guardian:SentryBeam"],"picked":"Guardian:Gem_Fragmented","floor":15},{"not_picked":["Guardian:FastForward","Guardian:Gem_Orange"],"picked":"Guardian:BaubleBeam","floor":16},{"not_picked":["Guardian:Incinerate+1","Guardian:GatlingBeam"],"picked":"Guardian:ChargeCore","floor":19},{"not_picked":["Guardian:VentSteam","Guardian:Emergency"],"picked":"Guardian:EvasiveProtocol","floor":21},{"not_picked":["Guardian:TemporalShield","Guardian:Emergency"],"picked":"Guardian:PiercingHide","floor":22},{"not_picked":["Guardian:Orbwalk","Guardian:CrystalBeam+1"],"picked":"Guardian:ExploitGems","floor":23},{"not_picked":["Guardian:ChargeCore","Guardian:Gem_Lightblue"],"picked":"Guardian:EvasiveProtocol","floor":26},{"not_picked":["Guardian:Planning","Guardian:CrystalBeam"],"picked":"Guardian:ShieldSpikes+1","floor":30},{"not_picked":["Guardian:Repulse","Guardian:Incinerate"],"picked":"Guardian:Clone","floor":31},{"not_picked":["Guardian:CrystalBeam+1","Guardian:Gem_Green"],"picked":"Guardian:Clone","floor":32},{"not_picked":["Guardian:BaubleBeam","Guardian:GemFire"],"picked":"Guardian:TimeSifter","floor":33},{"not_picked":["Guardian:Gem_Cyan","Guardian:Gem_Lightblue"],"picked":"Guardian:ArmoredProtocol+1","floor":36}],"player_experience":445966,"relics_obtained":[{"floor":2,"key":"Strawberry"},{"floor":4,"key":"Matryoshka"},{"floor":7,"key":"Anchor"},{"floor":7,"key":"Lizard Tail"},{"floor":21,"key":"Vajra"},{"floor":23,"key":"White Beast Statue"},{"floor":24,"key":"Boot"},{"floor":24,"key":"Bronze Scales"},{"floor":26,"key":"Ancient Tea Set"},{"floor":29,"key":"HornCleat"}],"event_choices":[{"damage_healed":0,"gold_gain":0,"player_choice":"Ignored","damage_taken":0,"max_hp_gain":0,"max_hp_loss":0,"event_name":"Vampires","floor":28,"gold_loss":0}],"is_beta":false,"boss_relics":[{"not_picked":["Runic Dome","Runic Pyramid"],"picked":"Astrolabe"},{"not_picked":["SacredBark","Velvet Choker"],"picked":"Coffee Dripper"}],"items_purged_floors":[12],"is_endless":false,"potions_floor_spawned":[4,9,15,16,21,22,26,30,31,32,33,36],"killed_by":"Reptomancer","ascension_level":5}}