{"host":"12","time":1608545190,"event":{"mods":["Act Like it!","BaseMod","Colored Powertips","Minty Spire (QoL Compilation)","StSLib","【功能Mod】混沌之环修复补丁"],"gold_per_floor":[119,139,149,167,48,74,92,102,153,153,153,167,167,167,167,241,241,259,293,208,108,108,108,119,119,119,119,169,184,184,184,184,184,184],"floor_reached":33,"playtime":854,"items_purged":["Strike_G","Defend_G"],"score":590,"play_id":"28fc6136-92b8-463b-9627-37530134f68e","local_time":"20201221180630","is_ascension_mode":true,"campfire_choices":[{"data":"Neutralize","floor":10.0,"key":"SMITH"},{"data":"Envenom","floor":15.0,"key":"SMITH"},{"data":"Prepared","floor":23.0,"key":"SMITH"},{"data":"Cloak And Dagger","floor":25,"key":"SMITH"},{"data":"Well Laid Plans","floor":30,"key":"SMITH"},{"floor":32,"key":"RECALL"}],"circlet_count":0,"master_deck":["AscendersBane","Strike_G","Defend_G","Defend_G","Defend_G","Defend_G","Survivor","Neutralize+1","Blade Dance","Blade Dance","Well Laid Plans+1","After Image","Escape Plan","Envenom+1","Burst+1","Accuracy+1","Terror+1","Prepared+1","Cloak And Dagger+1"],"relics":["Coffee Dripper","Prayer Wheel","Juzu Bracelet","Astrolabe","Red Mask","Strawberry","Frozen Egg 2"],"acts_visited":["Exordium","TheCity"],"potions_floor_usage":[],"damage_taken":[{"damage":15.0,"enemies":"2 Louse","floor":1.0,"turns":4.0},{"damage":9.0,"enemies":"Jaw Worm","floor":2.0,"turns":5.0},{"damage":5.0,"enemies":"Cultist","floor":3.0,"turns":4.0},{"damage":0.0,"enemies":"Blue Slaver","floor":4.0,"turns":4.0},{"damage":22.0,"enemies":"Gremlin Nob","floor":6.0,"turns":4.0},{"damage":3.0,"enemies":"2 Fungi Beasts","floor":7.0,"turns":4.0},{"damage":13.0,"enemies":"Large Slime","floor":8.0,"turns":6.0},{"damage":3.0,"enemies":"Blue Slaver","floor":12.0,"turns":3.0},{"damage":0.0,"enemies":"The Guardian","floor":16.0,"turns":10.0},{"damage":1.0,"enemies":"Shell Parasite","floor":18.0,"turns":5.0},{"damage":29.0,"enemies":"Masked Bandits","floor":19.0,"turns":3.0},{"damage":10,"enemies":"Spheric Guardian","floor":24,"turns":5},{"damage":1,"enemies":"Snecko","floor":29,"turns":4},{"damage":26,"enemies":"Automaton","floor":33,"turns":2}],"seed_played":"8639988593014366623","potions_obtained":[{"floor":1.0,"key":"AttackPotion"},{"floor":3.0,"key":"Regen Potion"},{"floor":8.0,"key":"Strength Potion"},{"floor":18.0,"key":"EntropicBrew"}],"is_trial":false,"path_per_floor":["M","M","M","M","$","E","M","M","T","R","?","M","?","?","R","B",null,"M","?","?","$","?","R","M","R","T","$","?","M","R","?","R","B"],"character_chosen":"THE_SILENT","items_purchased":["Caltrops"],"campfire_rested":0,"item_purchase_floors":[5],"current_hp_per_floor":[44,35,30,30,30,20,17,4,4,4,26,23,23,23,23,23,55,54,25,32,32,32,32,22,22,22,22,22,21,21,21,21,0,0],"gold":184,"neow_bonus":"BOSS_RELIC","is_daily":false,"chose_seed":false,"campfire_upgraded":5,"win_rate":0.0,"timestamp":1608545190,"path_taken":["M","M","M","M","$","E","M","M","T","R","?","M","?","?","R","BOSS","M","?","?","$","?","R","M","R","T","?","?","M","R","?","R","BOSS"],"items_purchased_type":["Card"],"build_version":"2020-12-18","purchased_purges":2,"victory":false,"max_hp_per_floor":[66,66,66,66,66,66,66,66,66,66,66,66,66,66,66,66,66,66,66,73,73,73,73,73,73,73,73,73,73,73,73,73,73,73],"card_choices":[{"not_picked":["Riddle With Holes","Poisoned Stab"],"picked":"Blade Dance","floor":1.0},{"not_picked":["Bane","Flying Knee","Slice"],"picked":"SKIP","floor":2.0},{"not_picked":["Underhanded Strike","Slice"],"picked":"Blade Dance","floor":3.0},{"not_picked":["Eviscerate","Poisoned Stab","Quick Slash"],"picked":"SKIP","floor":4.0},{"not_picked":["Blade Dance","Dash"],"picked":"Well Laid Plans","floor":6.0},{"not_picked":["Backflip","Footwork"],"picked":"After Image","floor":7.0},{"not_picked":["Bane","Bouncing Flask","Well Laid Plans"],"picked":"SKIP","floor":7.0},{"not_picked":["Backflip","Crippling Poison"],"picked":"Escape Plan","floor":8.0},{"not_picked":["Slice","Concentrate","Catalyst"],"picked":"SKIP","floor":8.0},{"not_picked":["Dagger Spray","Concentrate"],"picked":"Envenom","floor":12.0},{"not_picked":["Blade Dance","Dagger Spray","Poisoned Stab"],"picked":"SKIP","floor":12.0},{"not_picked":["Dagger Spray","Sucker Punch","Heel Hook"],"picked":"SKIP","floor":18.0},{"not_picked":["Catalyst","Outmaneuver","All Out Attack"],"picked":"SKIP","floor":18.0},{"not_picked":["Underhanded Strike","Glass Knife"],"picked":"Prepared","floor":19.0},{"not_picked":["Outmaneuver+1","Skewer+1"],"picked":"Cloak And Dagger","floor":24},{"not_picked":["Deflect","Dagger Spray+1","Prepared"],"picked":"SKIP","floor":24},{"not_picked":["Dagger Throw","Concentrate+1","PiercingWail"],"picked":"SKIP","floor":29},{"not_picked":["Flechettes+1","Predator","Eviscerate+1"],"picked":"SKIP","floor":29},{"not_picked":["Dagger Throw","Concentrate+1","PiercingWail"],"picked":"SKIP","floor":29},{"not_picked":["Flechettes+1","Predator","Eviscerate+1"],"picked":"SKIP","floor":29}],"player_experience":550778,"relics_obtained":[{"floor":6.0,"key":"Prayer Wheel"},{"floor":9.0,"key":"Juzu Bracelet"},{"floor":19.0,"key":"Red Mask"},{"floor":26,"key":"Frozen Egg 2"}],"event_choices":[{"damage_healed":22.0,"max_hp_gain":0.0,"max_hp_loss":0.0,"gold_gain":0.0,"event_name":"Big Fish","player_choice":"Banana","floor":11.0,"gold_loss":0.0,"damage_taken":0.0},{"cards_removed":["Strike_G"],"damage_healed":0.0,"max_hp_gain":0.0,"max_hp_loss":0.0,"gold_gain":0.0,"event_name":"Purifier","player_choice":"Purged","floor":13.0,"gold_loss":0.0,"damage_taken":0.0},{"damage_healed":0.0,"max_hp_gain":0.0,"max_hp_loss":0.0,"gold_gain":0.0,"event_name":"Liars Game","player_choice":"Ignored","floor":14.0,"gold_loss":0.0,"damage_taken":0.0},{"damage_healed":0.0,"max_hp_gain":0.0,"max_hp_loss":0.0,"gold_gain":0.0,"event_name":"Masked Bandits","player_choice":"Fought Bandits","floor":19.0,"gold_loss":0.0,"damage_taken":0.0},{"damage_healed":0.0,"max_hp_gain":0.0,"max_hp_loss":0.0,"gold_gain":0.0,"event_name":"Addict","player_choice":"Obtained Relic","floor":20.0,"gold_loss":85.0,"damage_taken":0.0,"relics_obtained":["Strawberry"]},{"damage_healed":0.0,"max_hp_gain":0.0,"max_hp_loss":0.0,"gold_gain":0.0,"event_name":"Vampires","player_choice":"Ignored","floor":22.0,"gold_loss":0.0,"damage_taken":0.0},{"damage_healed":0,"gold_gain":50,"player_choice":"Stole From Cult","damage_taken":0,"max_hp_gain":0,"max_hp_loss":0,"event_name":"Nest","floor":28,"gold_loss":0},{"damage_healed":0,"gold_gain":0,"player_choice":"Ignored","damage_taken":0,"max_hp_gain":0,"max_hp_loss":0,"event_name":"Cursed Tome","floor":31,"gold_loss":0}],"is_beta":true,"boss_relics":[{"not_picked":["Black Star","SacredBark"],"picked":"Astrolabe"}],"items_purged_floors":[5,21],"is_endless":false,"potions_floor_spawned":[1,3,8,18],"killed_by":"Automaton","ascension_level":20}}