{"host":"x1qj4d8ympd5jdqh","time":1608553881,"event":{"mods":["AchievementEnabler","AlwaysNeverKeys","BaseMod","Colored Map","Custom Start","DeckTracker","Highlight Path","Minty Spire (QoL Compilation)","StSLib","SuperFastMode"],"gold_per_floor":[113,113,123,142,67,67,97,97,169,169,169,183,218,118,118,196,196,211,73,73,123,135,135,135,149,173,183,18,33,33,44,44,122,122,137,150,150,130,130,130,5,24,24,42,42,56,73,84,84,84,84],"floor_reached":50,"playtime":1312,"items_purged":["Strike_G","Strike_G","Strike_G"],"score":938,"play_id":"91655d36-611a-4b68-b7c3-25e3fb41c838","local_time":"20201221213121","is_ascension_mode":true,"campfire_choices":[{"data":"Crippling Poison","floor":6.0,"key":"SMITH"},{"data":"Noxious Fumes","floor":8.0,"key":"SMITH"},{"data":"Dash","floor":10.0,"key":"SMITH"},{"data":"Burst","floor":15.0,"key":"SMITH"},{"floor":23.0,"key":"REST"},{"data":"Catalyst","floor":32,"key":"SMITH"},{"data":"Calculated Gamble","floor":40,"key":"SMITH"},{"data":"Well Laid Plans","floor":45,"key":"SMITH"},{"floor":49,"key":"REST"}],"circlet_count":0,"master_deck":["AscendersBane","Strike_G","Strike_G","Defend_G","Defend_G","Defend_G","Defend_G","Defend_G","Survivor","Dash+1","Crippling Poison+1","Deadly Poison","Noxious Fumes+1","Adrenaline","Burst+1","Glass Knife","Crippling Poison","Backflip","Calculated Gamble+1","Catalyst","Catalyst+1","Well Laid Plans+1","Night Terror","Tactician","Acrobatics","Reflex"],"relics":["Ring of the Snake","NeowsBlessing","Odd Mushroom","White Beast Statue","Juzu Bracelet","HoveringKite","TwistedFunnel","Cursed Key"],"acts_visited":["Exordium","TheCity","TheBeyond"],"potions_floor_usage":[27,33,33,36,36,44,44,47,48,50],"damage_taken":[{"damage":0.0,"enemies":"2 Louse","floor":1.0,"turns":1.0},{"damage":0.0,"enemies":"Cultist","floor":3.0,"turns":1.0},{"damage":0.0,"enemies":"Jaw Worm","floor":4.0,"turns":1.0},{"damage":35.0,"enemies":"The Mushroom Lair","floor":7.0,"turns":5.0},{"damage":0.0,"enemies":"Large Slime","floor":12.0,"turns":6.0},{"damage":9.0,"enemies":"Lagavulin","floor":13.0,"turns":7.0},{"damage":8.0,"enemies":"Hexaghost","floor":16.0,"turns":8.0},{"damage":7.0,"enemies":"Shell Parasite","floor":18.0,"turns":5.0},{"damage":0.0,"enemies":"3 Byrds","floor":22.0,"turns":2.0},{"damage":16.0,"enemies":"Snake Plant","floor":25.0,"turns":4.0},{"damage":9,"enemies":"Shelled Parasite and Fungi","floor":27,"turns":4},{"damage":4,"enemies":"Centurion and Healer","floor":29,"turns":4},{"damage":0,"enemies":"Snecko","floor":31,"turns":2},{"damage":10,"enemies":"Champ","floor":33,"turns":7},{"damage":7,"enemies":"3 Shapes","floor":35,"turns":3},{"damage":0,"enemies":"3 Darklings","floor":36,"turns":3},{"damage":22,"enemies":"Jaw Worm Horde","floor":42,"turns":3},{"damage":6,"enemies":"Writhing Mass","floor":44,"turns":3},{"damage":3,"enemies":"4 Shapes","floor":46,"turns":4},{"damage":0,"enemies":"Maw","floor":47,"turns":2},{"damage":0,"enemies":"Sphere and 2 Shapes","floor":48,"turns":3},{"damage":39,"enemies":"Donu and Deca","floor":50,"turns":5}],"seed_played":"1168573799110527128","potions_obtained":[{"floor":1.0,"key":"Regen Potion"},{"floor":4.0,"key":"SteroidPotion"},{"floor":7.0,"key":"Poison Potion"},{"floor":13.0,"key":"Energy Potion"},{"floor":16.0,"key":"Explosive Potion"},{"floor":18.0,"key":"CunningPotion"},{"floor":22.0,"key":"LiquidMemories"},{"floor":25.0,"key":"Swift Potion"},{"floor":27,"key":"ColorlessPotion"},{"floor":29,"key":"SpeedPotion"},{"floor":33,"key":"Poison Potion"},{"floor":35,"key":"Poison Potion"},{"floor":36,"key":"Fruit Juice"},{"floor":38,"key":"Strength Potion"},{"floor":44,"key":"LiquidMemories"},{"floor":46,"key":"Block Potion"},{"floor":47,"key":"SteroidPotion"},{"floor":48,"key":"PowerPotion"}],"is_trial":false,"path_per_floor":["M","?","M","M","$","R","?","R","T","R","?","M","E","$","R","B",null,"M","$","?","?","M","R","?","M","T","M","$","M","?","M","R","B",null,"M","M","?","?","?","R","$","M","T","M","R","M","M","M","R","B"],"character_chosen":"THE_SILENT","items_purchased":["Backflip","Calculated Gamble","TwistedFunnel"],"campfire_rested":2,"item_purchase_floors":[19,19,28],"current_hp_per_floor":[59,59,59,59,59,59,36,36,36,36,36,36,27,27,27,19,54,47,47,29,29,29,50,50,34,34,25,25,21,21,21,21,11,56,49,54,54,54,54,54,54,32,32,26,26,23,23,23,44,5,5],"gold":84,"neow_bonus":"THREE_ENEMY_KILL","is_daily":false,"chose_seed":false,"campfire_upgraded":7,"win_rate":0.0,"timestamp":1608553881,"path_taken":["M","?","?","M","$","R","?","R","T","R","?","M","E","$","R","BOSS","M","$","?","?","M","R","?","M","T","M","$","M","?","M","R","BOSS","M","M","?","?","?","R","$","M","T","M","R","M","M","M","R","BOSS"],"items_purchased_type":["Card","Card","Relic"],"build_version":"2020-12-13","purchased_purges":3,"victory":false,"max_hp_per_floor":[66,66,66,66,66,66,66,66,66,66,66,66,66,66,66,66,66,66,66,71,71,71,71,71,71,71,71,71,71,71,71,71,71,71,71,76,76,76,72,72,72,72,72,72,72,72,72,72,72,72,72],"card_choices":[{"not_picked":["Heel Hook","Tactician"],"picked":"Dash","floor":1.0},{"not_picked":["Well Laid Plans","Blade Dance"],"picked":"Crippling Poison","floor":3.0},{"not_picked":["Sucker Punch","Prepared"],"picked":"Deadly Poison","floor":4.0},{"not_picked":["Prepared","Quick Slash"],"picked":"Noxious Fumes","floor":7.0},{"not_picked":["Reflex","Escape Plan"],"picked":"Adrenaline","floor":12.0},{"not_picked":["Bane","Prepared"],"picked":"Burst","floor":13.0},{"not_picked":["Bullet Time","Envenom"],"picked":"Glass Knife","floor":16.0},{"not_picked":["Slice","Terror"],"picked":"Crippling Poison","floor":18.0},{"not_picked":["Setup","Backflip","Cloak And Dagger"],"picked":"SKIP","floor":22.0},{"not_picked":["Acrobatics","Eviscerate"],"picked":"Catalyst","floor":25.0},{"not_picked":["Deadly Poison","Terror"],"picked":"Well Laid Plans","floor":27},{"not_picked":["Terror","Sucker Punch","Skewer"],"picked":"SKIP","floor":29},{"not_picked":["Terror","Sucker Punch","Skewer"],"picked":"SKIP","floor":29},{"not_picked":["Backflip","Bane","Outmaneuver"],"picked":"SKIP","floor":31},{"not_picked":["After Image","Die Die Die"],"picked":"Night Terror","floor":33},{"not_picked":["Distraction","Blade Dance"],"picked":"Tactician","floor":35},{"not_picked":["Flying Knee","Backflip","Bane"],"picked":"SKIP","floor":36},{"not_picked":["Flying Knee+1","Skewer","Underhanded Strike"],"picked":"SKIP","floor":42},{"not_picked":["Dagger Throw","Deadly Poison"],"picked":"Acrobatics","floor":44},{"not_picked":["Backflip+1","Dagger Throw+1"],"picked":"Reflex","floor":46},{"not_picked":["Poisoned Stab","Leg Sweep","Expertise"],"picked":"SKIP","floor":47},{"not_picked":["Bane","Slice","Expertise"],"picked":"SKIP","floor":48}],"player_experience":1261470,"relics_obtained":[{"floor":7.0,"key":"Odd Mushroom"},{"floor":9.0,"key":"White Beast Statue"},{"floor":13.0,"key":"Juzu Bracelet"}],"event_choices":[{"damage_healed":0.0,"max_hp_gain":0.0,"max_hp_loss":0.0,"gold_gain":0.0,"event_name":"Upgrade Shrine","player_choice":"Upgraded","floor":2.0,"gold_loss":0.0,"damage_taken":0.0,"cards_upgraded":["Neutralize"]},{"damage_healed":0.0,"max_hp_gain":0.0,"max_hp_loss":0.0,"gold_gain":0.0,"event_name":"Mushrooms","player_choice":"Fought Mushrooms","floor":7.0,"gold_loss":0.0,"damage_taken":0.0},{"damage_healed":0.0,"max_hp_gain":0.0,"max_hp_loss":0.0,"gold_gain":0.0,"event_name":"Dead Adventurer","player_choice":"Searched \u00270\u0027 times","floor":11.0,"gold_loss":0.0,"damage_taken":0.0},{"damage_healed":0.0,"max_hp_gain":5.0,"max_hp_loss":0.0,"gold_gain":0.0,"event_name":"Forgotten Altar","player_choice":"Shed Blood","floor":20.0,"gold_loss":0.0,"damage_taken":23.0},{"damage_healed":0.0,"max_hp_gain":0.0,"max_hp_loss":0.0,"gold_gain":50.0,"event_name":"Nest","player_choice":"Stole From Cult","floor":21.0,"gold_loss":0.0,"damage_taken":0.0},{"damage_healed":0.0,"max_hp_gain":0.0,"max_hp_loss":0.0,"gold_gain":0.0,"event_name":"The Library","player_choice":"Read","floor":24.0,"gold_loss":0.0,"damage_taken":0.0,"cards_obtained":["Catalyst"]},{"damage_healed":0,"gold_gain":0,"player_choice":"Ignored","damage_taken":0,"max_hp_gain":0,"max_hp_loss":0,"event_name":"Vampires","floor":30,"gold_loss":0},{"cards_removed":["Neutralize"],"damage_healed":0,"gold_gain":0,"player_choice":"Removed Attack","damage_taken":0,"max_hp_gain":0,"max_hp_loss":0,"event_name":"Falling","floor":37,"gold_loss":0},{"damage_healed":0,"gold_gain":0,"player_choice":"Bought 1 Potion","damage_taken":0,"max_hp_gain":0,"max_hp_loss":0,"event_name":"The Woman in Blue","floor":38,"gold_loss":0},{"damage_healed":0,"gold_gain":0,"player_choice":"Max HP","damage_taken":0,"max_hp_gain":0,"max_hp_loss":4,"event_name":"Winding Halls","floor":39,"gold_loss":0}],"is_beta":false,"boss_relics":[{"not_picked":["Sozu","Ectoplasm"],"picked":"HoveringKite"},{"not_picked":["Tiny House","Fusion Hammer"],"picked":"Cursed Key"}],"items_purged_floors":[5,14,41],"is_endless":false,"potions_floor_spawned":[1,4,7,12,13,16,18,22,25,27,29,31,33,35,36,42,44,46,47,48],"killed_by":"Donu and Deca","ascension_level":20}}