{"host":"syse7109pvnv9ewm","time":1608574980,"event":{"mods":["Act Like it!","Aspiration","BaseMod","Beaked The Cultist","Better Altar","Better Match","Better Note","Better Sensory Stone","Better Skull","Better Third Choice","CCEM","Challenge The Spire","Colored Map","Conspire","Dio Mod","Elementarium","Energized Spire","Halation","Hallownest","Highlight Path","Hubris","Infinite Spire","Mad Scientist","Menagerie","Minty Spire (QoL Compilation)","Replay The Spire","Retaliation","Spicy Shops","StSLib","The Blue Laboratory","The Bug Knight","The Cursed","The Death Knight","The Disciple","The Factory","The Jungle","Thieving Mod"],"gold_per_floor":[118,118,20,20,20,38,38,78,78,96,49,84,84,97,97,226,226,251,272,322,341,121,159,159,175,175,189,189,189,202,225,225,345,345,359,359,359,372,161,182,238,238,238],"floor_reached":42,"playtime":2975,"items_purged":["Outmaneuver","Hallucinations"],"score":478,"play_id":"836ec15c-cfcd-4710-b21a-37f7b3c72438","local_time":"20201221192300","is_ascension_mode":false,"campfire_choices":[{"data":"Accruing","floor":7.0,"key":"SMITH"},{"floor":13.0,"key":"REST"},{"floor":15.0,"key":"REST"},{"floor":24.0,"key":"REST"},{"floor":32.0,"key":"REST"}],"circlet_count":0,"master_deck":["Strike_Br","Strike_Br","Strike_Br","Strike_Br","Defend_Br","Defend_Br","Defend_Br","Defend_Br","SecondHand","PatternShift","HandsUpC","Accruing+1","HandsUpC","LockedWhetstone","ExoVibe","WindUp","Engulf","PrimeTime","Flay","Dagger Spray","BlueShift","Adrenaline","ReapSow","Blade Dance","LockedBlood","hubris:Fate+1","BlueShift","Flying Knee","BackFourSeconds","Deflect+1","Hidden Blade","Quick Slash+1","EscortCommand","OracleForm+1","AlternateTimeline+1","Bane+1","hubris:TrickCloak","Dagger Spray+1","Noxious Fumes","Prepared","Fluid Movement+1","ShortSighted","Parity"],"relics":["Chronometer","Golden Idol","halation:LettersToHer","Replay:WaspNest","CCEMRelics:SpiritsEdge","aspiration:SilentSkillbook","halation:PromiseList","halation:KoshaPiece","energizedSpire:StickyHand","Ring of Chaos","infinitespire:Magic Flask"],"acts_visited":["Exordium","TheCity","TheBeyond"],"potions_floor_usage":[],"damage_taken":[{"damage":7.0,"enemies":"Jaw Worm","floor":1.0,"turns":6.0},{"damage":2.0,"enemies":"Small Slimes","floor":6.0,"turns":4.0},{"damage":24.0,"enemies":"3 Sentries","floor":8.0,"turns":8.0},{"damage":0.0,"enemies":"2 Louse","floor":10.0,"turns":3.0},{"damage":0.0,"enemies":"Lagavulin","floor":12.0,"turns":5.0},{"damage":9.0,"enemies":"2 Fungi Beasts","floor":14.0,"turns":2.0},{"damage":17.0,"enemies":"The Guardian","floor":16.0,"turns":8.0},{"damage":7.0,"enemies":"3 Byrds","floor":18.0,"turns":3.0},{"damage":20.0,"enemies":"2 Thieves","floor":19.0,"turns":3.0},{"damage":24.0,"enemies":"Sentry and Sphere","floor":21.0,"turns":5.0},{"damage":4.0,"enemies":"Replay:Snechameleon","floor":23.0,"turns":6.0},{"damage":9.0,"enemies":"3 Cultists","floor":25.0,"turns":4.0},{"damage":19.0,"enemies":"Snake Plant","floor":27.0,"turns":2.0},{"damage":4.0,"enemies":"conspire:HollyBat","floor":30.0,"turns":9.0},{"damage":21.0,"enemies":"Snecko","floor":31.0,"turns":4.0},{"damage":25.0,"enemies":"hubris:MusketHawk","floor":33.0,"turns":8.0},{"damage":15.0,"enemies":"Orb Walker","floor":35.0,"turns":4.0},{"damage":24.0,"enemies":"3 Darklings","floor":38.0,"turns":3.0},{"damage":13.0,"enemies":"Spire Growth","floor":40.0,"turns":4.0},{"damage":23.0,"enemies":"2 Orb Walkers","floor":41.0,"turns":3.0},{"damage":0,"enemies":"Giant Head","floor":42,"turns":2}],"seed_played":"1291924598171550773","potions_obtained":[{"floor":1.0,"key":"Venom Potion"},{"floor":6.0,"key":"blueLaboratory:BottleOfRum"},{"floor":12.0,"key":"Doom Potion"},{"floor":14.0,"key":"blueLaboratory:NullPotion"},{"floor":21.0,"key":"blueLaboratory:FrostheartPotion"},{"floor":23.0,"key":"Adrenaline Potion"},{"floor":27.0,"key":"SkillPotion"},{"floor":31.0,"key":"blueLaboratory:CorrosionFlask"},{"floor":35.0,"key":"blueLaboratory:BottleOfVodka"}],"is_trial":false,"path_per_floor":["M","?","$","T","?","M","R","E","T","M","$","E","R","M","R","B",null,"M","M","?","M","$","E","R","M","T","M","AVR","?","M","M","R","B",null,"M","?","?","M","$","M","?","E"],"character_chosen":"CHRONO_CLASS","items_purchased":["Accruing","HandsUpC","Engulf","Adrenaline","Noxious Fumes"],"campfire_rested":4,"item_purchase_floors":[3,3,11,22,39],"current_hp_per_floor":[64,47,47,47,47,45,45,21,21,21,21,21,42,33,54,37,71,64,44,44,20,20,16,37,28,28,9,9,9,11,9,30,7,71,58,58,58,38,38,34,11,11,11],"gold":238,"neow_bonus":"TEN_PERCENT_HP_BONUS","is_daily":false,"chose_seed":false,"campfire_upgraded":1,"win_rate":0.0,"timestamp":1608574980,"path_taken":["M","?","$","?","?","M","R","E","T","?","$","E","R","M","R","BOSS","M","M","?","M","$","E","R","M","T","M","AVR","?","?","M","R","BOSS","M","?","?","M","$","?","?","E"],"items_purchased_type":["Card","Card","Card","Card","Card"],"build_version":"2020-12-13","purchased_purges":2,"victory":false,"max_hp_per_floor":[71,71,71,71,71,71,71,71,71,71,71,71,71,71,71,71,71,71,71,71,71,71,71,71,71,71,71,71,71,71,71,71,71,71,71,71,71,71,71,71,71,71,71],"card_choices":[{"not_picked":["Facsimile","HandsUpB"],"picked":"HandsUpC","floor":1.0},{"not_picked":["ExoVibe","Recurrance"],"picked":"LockedWhetstone","floor":6.0},{"not_picked":["HandsUpB","LockedMedicine"],"picked":"ExoVibe","floor":8.0},{"not_picked":["LockedAnchor","VestedLegacy"],"picked":"WindUp","floor":10.0},{"not_picked":["WakeUpCall","Pendulum","HandsUpB"],"picked":"SKIP","floor":12.0},{"not_picked":["HandsUpC","CrunchTime"],"picked":"PrimeTime","floor":14.0},{"not_picked":["Pendulum","Fragmentalize"],"picked":"Flay","floor":16.0},{"not_picked":["VestedLegacy","CrunchTime","Goo+1"],"picked":"Outmaneuver","floor":18.0},{"not_picked":["FormalWear+1","Dodge and Roll","hubris:TrickCloak+1"],"picked":"Dagger Spray","floor":19.0},{"not_picked":["Cloak And Dagger","Dagger Spray","WindUp+1"],"picked":"BlueShift","floor":21.0},{"not_picked":["OverTime","Sucker Punch+1","Accruing+1"],"picked":"ReapSow","floor":23.0},{"not_picked":["HandsUpC","Distraction","Sucker Punch"],"picked":"Blade Dance","floor":25.0},{"not_picked":["Parity","LockedAnchor","Recurrance"],"picked":"LockedBlood","floor":27.0},{"not_picked":["Tempo","WindUp","Backstab"],"picked":"BlueShift","floor":30.0},{"not_picked":["Chronoelasticity","PrimeTime","PiercingWail"],"picked":"Flying Knee","floor":31.0},{"not_picked":["Tools of the Trade","Unload","Malaise"],"picked":"BackFourSeconds","floor":33.0},{"not_picked":["Deflect+1","Hidden Blade","EscortCommand"],"picked":"Quick Slash+1","floor":35.0},{"not_picked":["AlternateTimeline+1","hubris:TrickCloak","Dagger Spray+1"],"picked":"Bane+1","floor":38.0},{"not_picked":["Prepared","ShortSighted","Parity"],"picked":"Fluid Movement+1","floor":40.0}],"player_experience":161467,"relics_obtained":[{"floor":8.0,"key":"halation:LettersToHer"},{"floor":9.0,"key":"halation:LettersToHer"},{"floor":9.0,"key":"Replay:WaspNest"},{"floor":12.0,"key":"CCEMRelics:SpiritsEdge"},{"floor":23.0,"key":"halation:PromiseList"},{"floor":26.0,"key":"halation:LettersToHer"},{"floor":26.0,"key":"halation:KoshaPiece"},{"floor":36.0,"key":"Ring of Chaos"},{"floor":41.0,"key":"infinitespire:Magic Flask"}],"event_choices":[{"damage_healed":0.0,"max_hp_gain":0.0,"max_hp_loss":0.0,"gold_gain":0.0,"event_name":"Golden Idol","player_choice":"Take Damage","floor":2.0,"gold_loss":0.0,"damage_taken":17.0,"relics_obtained":["Golden Idol"]},{"damage_healed":0.0,"max_hp_gain":0.0,"max_hp_loss":0.0,"gold_gain":0.0,"event_name":"conspire:LoneGhost","player_choice":"Disagree","floor":5.0,"gold_loss":0.0,"damage_taken":0.0},{"damage_healed":0.0,"max_hp_gain":0.0,"max_hp_loss":0.0,"gold_gain":100.0,"event_name":"The Joust","player_choice":"Bet on Murderer","floor":20.0,"gold_loss":50.0,"damage_taken":0.0},{"damage_healed":0.0,"max_hp_gain":0.0,"max_hp_loss":0.0,"gold_gain":0.0,"event_name":"Upgrade Shrine","player_choice":"Upgraded","floor":29.0,"gold_loss":0.0,"damage_taken":0.0,"cards_upgraded":["hubris:Fate"]},{"cards_removed":["hubris:Fate"],"damage_healed":0.0,"max_hp_gain":0.0,"max_hp_loss":0.0,"gold_gain":0.0,"event_name":"betterNote:BetterNote","player_choice":"Take \u0026 Give","floor":37.0,"gold_loss":0.0,"damage_taken":0.0,"cards_obtained":["OracleForm"]},{"damage_healed":0.0,"max_hp_gain":0.0,"max_hp_loss":0.0,"gold_gain":0.0,"event_name":"Mysterious Sphere","player_choice":"Fight","floor":41.0,"gold_loss":0.0,"damage_taken":0.0}],"is_beta":false,"boss_relics":[{"not_picked":["Replay:Ancient Bell","CCEMRelics:GreenEgg"],"picked":"aspiration:SilentSkillbook"},{"not_picked":["hubris:RunicObelisk","energizedSpire:SpiderWeb"],"picked":"energizedSpire:StickyHand"}],"items_purged_floors":[22,39],"is_endless":false,"potions_floor_spawned":[1,6,12,14,21,23,27,31,35],"killed_by":"Giant Head","ascension_level":0}}