{"host":"t7mx8yfj1no5p62f","time":1608566742,"event":{"mods":["BaseMod","Colored Map","Colored Powertips","Filter the Spire","Minty Spire (QoL Compilation)","Relic Stats","StSLib"],"gold_per_floor":[115,115,128,128,138,138,150,21,21,41,76,86,97,45,45,118,118,132,152,172,83,102,136,136,162,162,172,172,172,87,87,87],"floor_reached":31,"playtime":1220,"items_purged":["Strike_R"],"score":658,"play_id":"7ae2bacf-0eb7-4f24-9b83-550e87c6dabc","local_time":"20201221110542","is_ascension_mode":true,"campfire_choices":[{"data":"Cleave","floor":6,"key":"SMITH"},{"data":"Twin Strike","floor":15,"key":"SMITH"},{"floor":24,"key":"REST"},{"data":"Bludgeon","floor":29,"key":"SMITH"}],"circlet_count":0,"master_deck":["AscendersBane","Strike_R","Strike_R","Strike_R","Defend_R","Defend_R","Defend_R","Defend_R","Bash","Shrug It Off","Shrug It Off+1","Cleave+1","Feel No Pain","Twin Strike+1","Entrench+1","Fiend Fire","Feel No Pain","Perfected Strike","Twin Strike","Reaper","Uppercut","Perfected Strike","Bludgeon+1","Dark Embrace","Perfected Strike+1","Spot Weakness","Dual Wield"],"relics":["Snecko Eye","Shovel","Prayer Wheel","Black Star","Darkstone Periapt","War Paint","Bird Faced Urn","Gambling Chip","PreservedInsect","Lantern"],"acts_visited":["Exordium","TheCity"],"potions_floor_usage":[13,18,22,23,23,25,31],"damage_taken":[{"damage":7,"enemies":"Small Slimes","floor":1,"turns":4},{"damage":3,"enemies":"2 Louse","floor":3,"turns":3},{"damage":2,"enemies":"Jaw Worm","floor":5,"turns":3},{"damage":0,"enemies":"Blue Slaver","floor":7,"turns":5},{"damage":9,"enemies":"Red Slaver","floor":10,"turns":3},{"damage":1,"enemies":"3 Sentries","floor":11,"turns":11},{"damage":8,"enemies":"3 Louse","floor":12,"turns":3},{"damage":0,"enemies":"Blue Slaver","floor":13,"turns":4},{"damage":0,"enemies":"Slime Boss","floor":16,"turns":7},{"damage":22,"enemies":"Shell Parasite","floor":18,"turns":5},{"damage":22,"enemies":"2 Thieves","floor":19,"turns":4},{"damage":20,"enemies":"Snecko","floor":20,"turns":7},{"damage":0,"enemies":"Centurion and Healer","floor":22,"turns":3},{"damage":22,"enemies":"Book of Stabbing","floor":23,"turns":4},{"damage":20,"enemies":"Slavers","floor":25,"turns":5},{"damage":0,"enemies":"Snake Plant","floor":27,"turns":2},{"damage":31,"enemies":"Shelled Parasite and Fungi","floor":31,"turns":2}],"seed_played":"-2818536072490970479","potions_obtained":[{"floor":3,"key":"SkillPotion"},{"floor":10,"key":"Fruit Juice"},{"floor":13,"key":"Energy Potion"},{"floor":16,"key":"PowerPotion"},{"floor":20,"key":"SkillPotion"},{"floor":22,"key":"ColorlessPotion"},{"floor":23,"key":"Explosive Potion"},{"floor":27,"key":"Fruit Juice"}],"is_trial":false,"path_per_floor":["M","?","M","?","M","R","M","$","T","M","E","M","M","$","R","B",null,"M","M","M","$","M","E","R","E","T","M","?","R","?","M"],"character_chosen":"IRONCLAD","items_purchased":["Swift Potion","Twin Strike","Dark Embrace"],"campfire_rested":1,"item_purchase_floors":[8,14,21],"current_hp_per_floor":[61,61,58,58,56,56,56,56,56,47,46,38,43,43,43,43,71,55,41,24,24,30,8,32,16,16,20,20,20,20,0,0],"gold":87,"neow_bonus":"BOSS_RELIC","is_daily":false,"chose_seed":false,"campfire_upgraded":3,"win_rate":0.0,"timestamp":1608566742,"path_taken":["M","?","M","?","M","R","M","?","T","?","E","M","M","?","R","BOSS","M","M","M","$","M","E","R","E","T","M","?","R","?","M"],"items_purchased_type":["Potion","Card","Card"],"build_version":"2020-12-13","purchased_purges":1,"victory":false,"max_hp_per_floor":[75,75,75,75,75,75,75,75,75,75,75,75,80,80,80,80,80,80,80,80,80,80,80,80,80,80,80,80,80,80,85,85],"relic_stats":{"Darkstone Periapt":0,"Shovel":0,"counters":[17,75],"Bird Faced Urn":[8],"Gambling Chip":[9],"Snecko Eye":[129,125,131,126],"Prayer Wheel":7,"PreservedInsect":0,"Black Star":2,"War Paint":["Shrug It Off","Entrench"],"obtain_stats":[{"Darkstone Periapt":23,"Lantern":30,"Shovel":9,"Bird Faced Urn":25,"Gambling Chip":25,"Snecko Eye":0,"Prayer Wheel":11,"PreservedInsect":26,"Black Star":17,"War Paint":23,"Burning Blood":0},{"Darkstone Periapt":14,"Lantern":16,"Shovel":4,"Bird Faced Urn":15,"Gambling Chip":15,"Snecko Eye":0,"Prayer Wheel":6,"PreservedInsect":15,"Black Star":9,"War Paint":14,"Burning Blood":0},{"Darkstone Periapt":66,"Lantern":73,"Shovel":15,"Bird Faced Urn":71,"Gambling Chip":71,"Snecko Eye":0,"Prayer Wheel":29,"PreservedInsect":71,"Black Star":43,"War Paint":66,"Burning Blood":0}]},"card_choices":[{"not_picked":["Warcry","Armaments"],"picked":"Shrug It Off","floor":1},{"not_picked":["Armaments","Wild Strike"],"picked":"Cleave","floor":3},{"not_picked":["Thunderclap","Headbutt"],"picked":"Feel No Pain","floor":5},{"not_picked":["Anger","Flex"],"picked":"Twin Strike","floor":7},{"not_picked":["Sword Boomerang","Havoc","Brutality"],"picked":"SKIP","floor":10},{"not_picked":["Pommel Strike","Flex"],"picked":"Entrench","floor":11},{"not_picked":["Wild Strike","Havoc"],"picked":"Fiend Fire","floor":12},{"not_picked":["Anger","Dual Wield"],"picked":"Feel No Pain","floor":12},{"not_picked":["True Grit","Anger"],"picked":"Perfected Strike","floor":13},{"not_picked":["Searing Blow","Thunderclap","Iron Wave"],"picked":"SKIP","floor":13},{"not_picked":["Juggernaut","Bludgeon"],"picked":"Reaper","floor":16},{"not_picked":["Headbutt","Anger"],"picked":"Uppercut","floor":18},{"not_picked":["Headbutt","True Grit"],"picked":"Perfected Strike","floor":18},{"not_picked":["Heavy Blade","Iron Wave+1","True Grit"],"picked":"SKIP","floor":19},{"not_picked":["Clothesline","Twin Strike","Searing Blow"],"picked":"SKIP","floor":19},{"not_picked":["Pommel Strike","Dropkick"],"picked":"Bludgeon","floor":20},{"not_picked":["Wild Strike+1","Sever Soul","Warcry"],"picked":"SKIP","floor":20},{"not_picked":["Ghostly Armor","Pommel Strike"],"picked":"Perfected Strike+1","floor":22},{"not_picked":["Wild Strike","Cleave","Headbutt"],"picked":"SKIP","floor":22},{"not_picked":["Combust","Bloodletting","Flex"],"picked":"SKIP","floor":23},{"not_picked":["Clash","Intimidate","Bloodletting"],"picked":"SKIP","floor":25},{"not_picked":["Reckless Charge","Wild Strike"],"picked":"Spot Weakness","floor":27},{"not_picked":["Sever Soul","Headbutt"],"picked":"Dual Wield","floor":27}],"player_experience":1575410,"relics_obtained":[{"floor":9,"key":"Shovel"},{"floor":11,"key":"Prayer Wheel"},{"floor":23,"key":"Darkstone Periapt"},{"floor":23,"key":"War Paint"},{"floor":25,"key":"Bird Faced Urn"},{"floor":25,"key":"Gambling Chip"},{"floor":26,"key":"PreservedInsect"}],"event_choices":[{"damage_healed":0,"gold_gain":0,"cards_transformed":["Strike_R"],"player_choice":"Change","damage_taken":0,"max_hp_gain":0,"max_hp_loss":0,"event_name":"Living Wall","floor":2,"gold_loss":0,"cards_obtained":["Shrug It Off"]},{"damage_healed":0,"gold_gain":0,"player_choice":"Ignored","damage_taken":0,"max_hp_gain":0,"max_hp_loss":0,"event_name":"Liars Game","floor":4,"gold_loss":0},{"damage_healed":0,"gold_gain":0,"player_choice":"Ignored","damage_taken":0,"max_hp_gain":0,"max_hp_loss":0,"event_name":"Cursed Tome","floor":28,"gold_loss":0},{"damage_healed":0,"gold_gain":0,"player_choice":"Obtained Relic","damage_taken":0,"relics_obtained":["Lantern"],"max_hp_gain":0,"max_hp_loss":0,"event_name":"Addict","floor":30,"gold_loss":85}],"is_beta":false,"boss_relics":[{"not_picked":["Sozu","Runic Pyramid"],"picked":"Black Star"}],"items_purged_floors":[8],"is_endless":false,"potions_floor_spawned":[3,10,13,16,20,22,23,27],"killed_by":"Shelled Parasite and Fungi","ascension_level":20}}