{"host":"17j25xn3vk5d1e3v","time":1608572325,"event":{"mods":["AchievementEnabler","Act Like it!","BaseMod","GifTheSpireLib","Hermit","HexUI Lib","Hubris","Minty Spire (QoL Compilation)","Replay The Spire","StSLib"],"gold_per_floor":[114,134,134,134,134,134,161,161,231,262,280,296,296,324,324,425,425,445,456,61,79,105,138,138,151,201,201,245,245,285,301,301,431,431,449,469,109,175,195,195,238,238,271,271,286,286,286],"floor_reached":51,"playtime":2365,"items_purged":["Normality"],"score":1032,"play_id":"4151ae3d-1d65-433c-b5fa-fa50be0c0fd7","local_time":"20201221183845","is_ascension_mode":true,"campfire_choices":[{"data":"Pummel","floor":6,"key":"SMITH"},{"data":"Disarm","floor":8,"key":"SMITH"},{"floor":15,"key":"REST"},{"data":"Life Link","floor":24,"key":"SMITH"},{"data":"Spot Weakness","floor":27,"key":"SMITH"},{"floor":32,"key":"DIG"},{"floor":46,"key":"RECALL"},{"data":"Flex","floor":49,"key":"SMITH"}],"circlet_count":0,"master_deck":["Strike_R","Strike_R","Strike_R","Strike_R+1","Defend_R+1","Defend_R","Defend_R","Defend_R","Bash+1","Pummel+1","Disarm+1","Cleave","ReplayTheSpireMod:Limb From Limb+1","ReplayTheSpireMod:Corrosion Curse","Spot Weakness+1","Heavy Blade+1","Eclipse","Pummel+1","Sword Boomerang+1","Life Link+1","Warcry","ReplayTheSpireMod:LeadingStrike+1","Thunderclap+1","Limit Break+1","hubris:Gluttony","Clash+1","Exhume+1","Dual Wield+1","Rupture","Twin Strike+1","Pummel+1","Whirlwind+1","Shrug It Off+1","Spot Weakness+1","Berserk+1","Berserk+1","Massacre+1","Flex+1","Corruption+1","Looming Evil","Double Tap+1","Run Through+1"],"relics":["Burning Blood","NeowsBlessing","ReplayTheSpireMod:Ring of Collecting","Ring of Fury","Kunai","ReplayTheSpireMod:Ring of Exchange","Gremlin Horn","Molten Egg 2","Pondfish Scales","hubris:GrandSneckoEye","Du-Vu Doll","ReplayTheSpireMod:Ring of Addiction","Blue Doll","Chameleon Ring","White Beast Statue","The Courier","Ring of Greed","hubris:IronBody","Golden Egg","Golden Idol","PreservedInsect","hubris:BottledHeart","Bird Faced Urn","Durian","Medical Kit","Red Skull","BargainBundle","Turnip","hubris:Teleporter","StoneCalendar","Garlic"],"acts_visited":["Exordium","TheCity","TheBeyond"],"potions_floor_usage":[16,16,16,23,25,28,28,31,33,35,36,38,39,41,44,50,50,50],"damage_taken":[{"damage":0,"enemies":"Cultist","floor":1,"turns":1},{"damage":0,"enemies":"2 Louse","floor":2,"turns":1},{"damage":0,"enemies":"Gremlin Nob","floor":7,"turns":1},{"damage":26,"enemies":"Lagavulin","floor":10,"turns":5},{"damage":1,"enemies":"Small Slimes","floor":11,"turns":3},{"damage":27,"enemies":"Exordium Wildlife","floor":12,"turns":4},{"damage":20,"enemies":"3 Sentries","floor":14,"turns":4},{"damage":27,"enemies":"Hexaghost","floor":16,"turns":5},{"damage":10,"enemies":"3 Byrds","floor":18,"turns":4},{"damage":8,"enemies":"Chosen","floor":19,"turns":4},{"damage":11,"enemies":"Snecko","floor":21,"turns":4},{"damage":10,"enemies":"Slavers","floor":23,"turns":2},{"damage":12,"enemies":"Sentry and Sphere","floor":25,"turns":3},{"damage":6,"enemies":"Gremlin Leader","floor":28,"turns":2},{"damage":0,"enemies":"Book of Stabbing","floor":30,"turns":3},{"damage":0,"enemies":"Centurion and Healer","floor":31,"turns":2},{"damage":0,"enemies":"Automaton","floor":33,"turns":5},{"damage":0,"enemies":"3 Darklings","floor":35,"turns":2},{"damage":0,"enemies":"3 Shapes","floor":36,"turns":2},{"damage":0,"enemies":"2 Orb Walkers","floor":38,"turns":2},{"damage":0,"enemies":"3 Darklings","floor":39,"turns":3},{"damage":0,"enemies":"R_Hoarder","floor":41,"turns":3},{"damage":0,"enemies":"Reptomancer","floor":44,"turns":2},{"damage":0,"enemies":"Maw","floor":47,"turns":4},{"damage":0,"enemies":"Replay:Hell Engine","floor":50,"turns":5}],"seed_played":"-8642857148174904933","potions_obtained":[{"floor":2,"key":"Fire Potion"},{"floor":11,"key":"ColorlessPotion"},{"floor":12,"key":"Elixir"},{"floor":14,"key":"ColorlessPotion"},{"floor":22,"key":"Dexterity Potion"},{"floor":22,"key":"Adrenaline Potion"},{"floor":22,"key":"PowerPotion"},{"floor":23,"key":"LifebloodPotion"},{"floor":25,"key":"ColorlessPotion"},{"floor":28,"key":"SkillPotion"},{"floor":30,"key":"DuplicationPotion"},{"floor":31,"key":"PowerPotion"},{"floor":33,"key":"Energy Potion"},{"floor":35,"key":"Cursed Concoction"},{"floor":36,"key":"EssenceOfSteel"},{"floor":38,"key":"Regen Potion"},{"floor":39,"key":"Energy Potion"},{"floor":40,"key":"Venom Potion"},{"floor":41,"key":"PowerPotion"},{"floor":44,"key":"FearPotion"},{"floor":47,"key":"LifebloodPotion"}],"is_trial":false,"path_per_floor":["M","M","?","?","?","R","E","R","T","E","M","M","?","E","R","B",null,"M","M","$","M","T","E","R","M","T","R","E","?","E","M","R","B",null,"M","M","$","?","M","R","E","?","E","R","M","R","B",null],"character_chosen":"IRONCLAD","items_purchased":["Life Link","Du-Vu Doll","Twin Strike+1","Red Skull","BargainBundle","Pummel+1","Whirlwind+1","Shrug It Off","Spot Weakness","Berserk","Death Potion","Weak Potion"],"campfire_rested":1,"item_purchase_floors":[20,20,37,37,37,37,37,37,37,37,37,37],"current_hp_per_floor":[80,80,80,80,64,64,70,70,70,50,55,34,34,20,44,23,80,76,74,74,69,69,65,65,59,59,59,59,1,1,1,1,1,1,1,1,1,1,1,1,1,1,1,1,1,1,1],"gold":286,"neow_bonus":"THREE_ENEMY_KILL","is_daily":false,"chose_seed":false,"campfire_upgraded":5,"win_rate":0.0,"timestamp":1608572325,"path_taken":["M","M","?","?","?","R","E","R","T","E","M","?","?","E","R","BOSS","M","M","$","M","?","E","R","M","T","R","E","?","E","M","R","BOSS","M","M","$","?","M","R","E","?","E","R","?","R","BOSS"],"items_purchased_type":["Card","Relic","Card","Relic","Relic","Card","Card","Card","Card","Card","Potion","Potion"],"build_version":"2020-12-13","purchased_purges":1,"victory":true,"max_hp_per_floor":[80,80,80,80,80,80,80,80,80,80,80,80,80,80,80,80,80,80,80,80,80,80,80,80,80,80,80,80,1,1,1,1,1,1,1,1,1,1,1,1,1,1,1,1,1,1,1],"card_choices":[{"not_picked":["Wild Strike","Anger"],"picked":"Pummel","floor":1},{"not_picked":["Pommel Strike","True Grit"],"picked":"Disarm","floor":2},{"not_picked":["ReplayTheSpireMod:Muscle Training","Pommel Strike"],"picked":"Cleave","floor":7},{"not_picked":["Clothesline+1","Burning Pact"],"picked":"ReplayTheSpireMod:Limb From Limb+1","floor":10},{"not_picked":["Bloodletting","Perfected Strike+1"],"picked":"ReplayTheSpireMod:Corrosion Curse","floor":11},{"not_picked":["Flex","Sword Boomerang+1"],"picked":"Spot Weakness","floor":12},{"not_picked":["Fiend Fire+1","hubris:ReadiedAction"],"picked":"Heavy Blade+1","floor":14},{"not_picked":["Impervious","Feed+1"],"picked":"Eclipse","floor":16},{"not_picked":["Combust","Blood for Blood+1"],"picked":"Pummel+1","floor":18},{"not_picked":["Clash+1","Twin Strike+1"],"picked":"Sword Boomerang+1","floor":19},{"not_picked":["Iron Wave+1","Perfected Strike+1"],"picked":"Warcry","floor":21},{"not_picked":["Clothesline+1","Evolve+1"],"picked":"ReplayTheSpireMod:LeadingStrike+1","floor":23},{"not_picked":["hubris:ReadiedAction","Evolve","Reckless Charge+1"],"picked":"SKIP","floor":25},{"not_picked":["Havoc","Twin Strike+1"],"picked":"Thunderclap+1","floor":28},{"not_picked":["Spot Weakness+1","Uppercut+1"],"picked":"Limit Break","floor":30},{"not_picked":["Abandon","Clothesline+1"],"picked":"Clash+1","floor":31},{"not_picked":["Offering","Reaper+1"],"picked":"Exhume","floor":33},{"not_picked":["Cleave+1","Body Slam+1"],"picked":"Dual Wield+1","floor":35},{"not_picked":["Rage+1","Thunderclap+1"],"picked":"Rupture","floor":36},{"not_picked":["Perfected Strike+1","Havoc"],"picked":"Massacre+1","floor":38},{"not_picked":["Thunderclap+1","Rupture"],"picked":"Flex","floor":39},{"not_picked":["Abandon+1","Burning Pact+1"],"picked":"Corruption","floor":41},{"not_picked":["Shrug It Off","Clash+1"],"picked":"Double Tap","floor":44},{"not_picked":["Abandon+1","Body Slam+1"],"picked":"Run Through+1","floor":47}],"player_experience":183765,"relics_obtained":[{"floor":4,"key":"ReplayTheSpireMod:Ring of Collecting"},{"floor":4,"key":"Ring of Fury"},{"floor":7,"key":"Kunai"},{"floor":9,"key":"ReplayTheSpireMod:Ring of Exchange"},{"floor":9,"key":"Gremlin Horn"},{"floor":10,"key":"Molten Egg 2"},{"floor":14,"key":"Pondfish Scales"},{"floor":22,"key":"ReplayTheSpireMod:Ring of Addiction"},{"floor":22,"key":"Blue Doll"},{"floor":22,"key":"Chameleon Ring"},{"floor":22,"key":"White Beast Statue"},{"floor":23,"key":"The Courier"},{"floor":26,"key":"Ring of Greed"},{"floor":26,"key":"hubris:IronBody"},{"floor":26,"key":"Golden Egg"},{"floor":26,"key":"Golden Idol"},{"floor":28,"key":"PreservedInsect"},{"floor":30,"key":"Bird Faced Urn"},{"floor":32,"key":"Durian"},{"floor":38,"key":"Turnip"},{"floor":41,"key":"hubris:Teleporter"},{"floor":44,"key":"Garlic"}],"event_choices":[{"damage_healed":0,"gold_gain":0,"player_choice":"Entered Light","damage_taken":16,"max_hp_gain":0,"max_hp_loss":0,"event_name":"Shining Light","floor":5,"gold_loss":0,"cards_upgraded":["Bash","Strike_R"]},{"cards_removed":["Strike_R"],"damage_healed":0,"gold_gain":0,"player_choice":"Purged","damage_taken":0,"max_hp_gain":0,"max_hp_loss":0,"event_name":"Purifier","floor":13,"gold_loss":0},{"damage_healed":0,"gold_gain":0,"player_choice":"Fight","damage_taken":0,"max_hp_gain":0,"max_hp_loss":0,"event_name":"Mysterious Sphere","floor":38,"gold_loss":0},{"damage_healed":0,"gold_gain":0,"player_choice":"Gave Potion","damage_taken":0,"relics_obtained":["StoneCalendar"],"max_hp_gain":0,"max_hp_loss":0,"event_name":"WeMeetAgain","floor":42,"gold_loss":0}],"is_beta":false,"boss_relics":[{"not_picked":["Chemical X","ClockworkSouvenir"],"picked":"hubris:GrandSneckoEye"},{"not_picked":["Orrery","Astrolabe"],"picked":"Medical Kit"}],"items_purged_floors":[37],"is_endless":false,"potions_floor_spawned":[2,11,12,14,21,23,25,28,30,31,33,35,36,38,39,41,44,47],"ascension_level":4}}