{"host":"1qw5suc8h0lmr1yi","time":1608553461,"event":{"mods":["2.2 Compatiblity","Act Like it!","BaseMod","Better Note","BetterRewards","Block Reminder","Colored Map","Custom Start","DeckTracker","GifTheSpireLib","Highlight Path","Hubris","Infinite Spire","Mimic Mod","Minty Spire (QoL Compilation)","Quick Restart","Rare Cards Sparkle","Replay The Spire","Robot Space Explorer","Say the Spire","Shop Mod","StSLib","SuperFastMode","Td1madao Mod","The Animator","The Cursed","The Disciple","The Factory","The Forsaken","The IronCluck","The Jungle","The Mystic","The Senshi","The Servant 0.9.4","The Witch","TheArtist","Yuri Mod"],"gold_per_floor":[116,116,291,304,321,321,351,351,377,377,388,404,404,404,404,503,503,515,515,533,533,533,533],"floor_reached":22,"playtime":932,"items_purged":[],"score":193,"play_id":"b6fc92d0-d666-44a8-840c-1959c1c0c9a2","local_time":"20201221042421","is_ascension_mode":true,"campfire_choices":[{"data":"Apotheosis","floor":6.0,"key":"SMITH"},{"data":"Life Link","floor":8.0,"key":"SMITH"},{"floor":10.0,"key":"REST"},{"data":"Demon Form","floor":13.0,"key":"SMITH"},{"floor":15.0,"key":"REST"}],"circlet_count":0,"master_deck":["Strike_R+1","Strike_R+1","Strike_R+1","Strike_R+1","Strike_R+1","Defend_R+1","Defend_R+1","Defend_R+1","Defend_R+1","Bash","animator:Strike_AccelWorld+1","Strike_B+1","Apotheosis+1","Replay:Undeath\u0027s Touch","Doubt","Combust","Infernal Blade","Life Link+1","Demon Form+1","ReplayTheSpireMod:LeadingStrike","Limit Break","Metallicize","Burning Pact+1"],"relics":["Burning Blood","hubris:Icosahedron","hubris:OldNail","Juzu Bracelet","infinitespire:Satchel","SlaversCollar"],"acts_visited":["Exordium","TheCity"],"potions_floor_usage":[],"damage_taken":[{"damage":14.0,"enemies":"Small Slimes","floor":1.0,"turns":3.0},{"damage":5.0,"enemies":"2 Louse","floor":4.0,"turns":2.0},{"damage":10.0,"enemies":"Cultist","floor":5.0,"turns":4.0},{"damage":41.0,"enemies":"3 Sentries","floor":7.0,"turns":6.0},{"damage":11.0,"enemies":"3 Louse","floor":11.0,"turns":3.0},{"damage":19.0,"enemies":"Gremlin Gang","floor":12.0,"turns":4.0},{"damage":38.0,"enemies":"Hexaghost","floor":16.0,"turns":7.0},{"damage":33.0,"enemies":"2 Thieves","floor":18.0,"turns":3.0},{"damage":51.0,"enemies":"Spheric Guardian","floor":20.0,"turns":6.0}],"seed_played":"-9002039735790594996","potions_obtained":[{"floor":4.0,"key":"FearPotion"},{"floor":5.0,"key":"LiquidBronze"},{"floor":7.0,"key":"Swift Potion"},{"floor":12.0,"key":"SpeedPotion"},{"floor":18.0,"key":"Strength Potion"}],"is_trial":false,"path_per_floor":["M","?","?","M","M","R","E","R","T","R","M","M","R","?","R","B",null,"M","?","M","?","$"],"character_chosen":"IRONCLAD","items_purchased":[],"campfire_rested":2,"item_purchase_floors":[],"current_hp_per_floor":[72,72,72,73,69,69,34,34,34,58,53,40,40,40,64,32,80,53,53,8,8,8,8],"gold":533,"neow_bonus":"RANDOM_COLORLESS_2","is_daily":false,"chose_seed":false,"campfire_upgraded":3,"win_rate":0.0,"timestamp":1608553461,"path_taken":["M","?","?","M","?","R","E","R","T","R","M","M","R","?","R","BOSS","M","?","M","?","$"],"items_purchased_type":[],"build_version":"2020-12-13","purchased_purges":0,"victory":false,"max_hp_per_floor":[80,80,80,80,80,80,80,80,80,80,80,80,80,80,80,80,80,80,80,80,80,80,80],"card_choices":[{"not_picked":["The Bomb","Mayhem"],"picked":"Apotheosis","floor":0.0},{"not_picked":["Headbutt","Heavy Blade"],"picked":"Replay:Undeath\u0027s Touch","floor":1.0},{"not_picked":["Warcry","Disarm"],"picked":"Combust","floor":4.0},{"not_picked":["Run Through","Bludgeon"],"picked":"Infernal Blade","floor":5.0},{"not_picked":["Sword Boomerang","Massacre"],"picked":"Life Link","floor":7.0},{"not_picked":["Shrug It Off","Headbutt"],"picked":"Demon Form","floor":11.0},{"not_picked":["Thunderclap","Life Link"],"picked":"ReplayTheSpireMod:LeadingStrike","floor":12.0},{"not_picked":["hubris:StunningStrike","Hemogenesis"],"picked":"Limit Break","floor":16.0},{"not_picked":["Perfected Strike","Ghostly Armor"],"picked":"Metallicize","floor":18.0},{"not_picked":["Run Through","Clothesline"],"picked":"Burning Pact+1","floor":20.0}],"player_experience":127837,"relics_obtained":[{"floor":7.0,"key":"hubris:OldNail"},{"floor":9.0,"key":"Juzu Bracelet"}],"event_choices":[{"damage_healed":0.0,"max_hp_gain":0.0,"max_hp_loss":0.0,"gold_gain":175.0,"event_name":"Liars Game","player_choice":"AGREE","floor":3.0,"gold_loss":0.0,"damage_taken":0.0,"cards_obtained":["Doubt"]},{"damage_healed":0.0,"max_hp_gain":0.0,"max_hp_loss":0.0,"gold_gain":0.0,"event_name":"WeMeetAgain","player_choice":"Gave Potion","floor":14.0,"gold_loss":0.0,"damage_taken":0.0,"relics_obtained":["infinitespire:Satchel"]},{"damage_healed":0.0,"max_hp_gain":0.0,"max_hp_loss":0.0,"gold_gain":0.0,"event_name":"Ghosts","player_choice":"Ignored","floor":19.0,"gold_loss":0.0,"damage_taken":0.0},{"damage_healed":0.0,"max_hp_gain":0.0,"max_hp_loss":0.0,"gold_gain":0.0,"event_name":"Back to Basics","player_choice":"Simplicity","floor":21.0,"gold_loss":0.0,"damage_taken":0.0,"cards_upgraded":["Strike_R","Strike_R","Strike_R","Strike_R","Strike_R","Defend_R","Defend_R","Defend_R","Defend_R","animator:Strike_AccelWorld","Strike_B"]}],"is_beta":false,"boss_relics":[{"not_picked":["ChewingGum","Astrolabe"],"picked":"SlaversCollar"}],"items_purged_floors":[],"is_endless":false,"potions_floor_spawned":[4,5,7,12,18],"ascension_level":1}}