{"host":"jmrtcms4w8pdo4je","time":1608526089,"event":{"mods":["AchievementEnabler","BaseMod","Colored Powertips","Gremlin Mod","Infinite Spire","Minty Spire (QoL Compilation)","Replay The Spire","StSLib","The Forsaken","The Hierophant","The Necromancer"],"gold_per_floor":[117,117,117,129,142,142,142,142,142,206,206,225,240,256,256,256,256,268,183,194,214,214,214,214],"floor_reached":23,"playtime":1908,"items_purged":[],"score":183,"play_id":"6f93b87c-9e7c-4d6a-997a-9e2a26b3d716","local_time":"20201220224809","is_ascension_mode":false,"campfire_choices":[{"data":"Gremlin:GremlinDance","floor":6,"key":"SMITH"},{"floor":15,"key":"REST"}],"circlet_count":0,"master_deck":["Gremlin:Strike","Gremlin:Strike","Gremlin:Strike","Gremlin:Defend","Gremlin:Defend","Gremlin:Defend","Gremlin:Defend","Gremlin:TagTeam+1","Gremlin:GremlinDance+1","Gremlin:GlitterGuard","Iron Wave","Gremlin:Whiz","Gremlin:FeelTheAudience","theForsaken:PlagueCurse","Gremlin:Tricksy","Gremlin:FairyDust","Gremlin:PourSalt","Gremlin:ProperTools","Gremlin:Jeer","Gremlin:Unforgiving","Writhe","theForsaken:PlagueCurse","Gremlin:BurlyBlow+1","Gremlin:GremlinArms+1","Gremlin:PourSalt"],"relics":["Gremlin:GremlinKnob","theForsaken:PlagueMask","infinitespire:Broken Mirror","Dream Catcher","Replay:Ancient Bell","Blood Vial","Snack Pack","Thread and Needle","Replay:Ringing Soul","MutagenicStrength"],"acts_visited":["Exordium","TheCity"],"potions_floor_usage":[16,16,16,16,16,16,20],"damage_taken":[{"damage":0,"enemies":"Small Slimes","floor":1,"turns":3},{"damage":10,"enemies":"infinitespire:Voidling","floor":4,"turns":6},{"damage":6,"enemies":"2 Louse","floor":5,"turns":3},{"damage":52,"enemies":"Lagavulin Event","floor":10,"turns":9},{"damage":0,"enemies":"2 Fungi Beasts","floor":12,"turns":3},{"damage":5,"enemies":"Large Slime","floor":13,"turns":4},{"damage":3,"enemies":"3 Louse","floor":14,"turns":2},{"damage":32,"enemies":"Fading Forest","floor":16,"turns":11},{"damage":54,"enemies":"Chosen","floor":18,"turns":8},{"damage":3,"enemies":"2 Thieves","floor":20,"turns":4},{"damage":41,"enemies":"Shelled Parasite and Fungi","floor":21,"turns":8},{"damage":0,"enemies":"Replay:Snechameleon","floor":23,"turns":1}],"seed_played":"1516966049592329920","potions_obtained":[{"floor":5,"key":"Dexterity Potion"},{"floor":10,"key":"Adrenaline Potion"},{"floor":12,"key":"EntropicBrew"},{"floor":16,"key":"EssenceOfSteel"}],"is_trial":false,"path_per_floor":["M","?","?","M","M","R","?","?","T","?","R","M","M","M","R","B",null,"M","?","M","M","?","E"],"character_chosen":"GREMLIN","items_purchased":[],"campfire_rested":1,"item_purchase_floors":[],"current_hp_per_floor":[20,20,20,20,20,20,20,21,21,5,5,2,20,4,10,20,20,12,12,18,3,3,5,5],"gold":214,"neow_bonus":"","is_daily":false,"chose_seed":false,"campfire_upgraded":1,"win_rate":0.0,"timestamp":1608526089,"path_taken":["M","?","?","?","M","R","?","?","T","?","R","M","M","M","R","BOSS","M","?","M","M","?","E"],"items_purchased_type":[],"build_version":"2020-12-13","purchased_purges":0,"victory":false,"max_hp_per_floor":[20,20,20,20,20,20,20,21,21,21,20,20,20,20,20,20,20,20,20,21,22,22,22,22],"card_choices":[{"not_picked":["Gremlin:Patsy","Gremlin:Revel"],"picked":"Gremlin:GlitterGuard","floor":1},{"not_picked":["Gremlin:PourSalt","Gremlin:CatScratch"],"picked":"Gremlin:Whiz","floor":4},{"not_picked":["Gremlin:AggressiveDefense","Gremlin:Rhythm"],"picked":"Gremlin:FeelTheAudience","floor":5},{"not_picked":["Gremlin:CatScratch","Gremlin:DaggerDance"],"picked":"Gremlin:Tricksy","floor":10},{"not_picked":["Gremlin:Pinprick","Gremlin:Glimmer"],"picked":"Gremlin:FairyDust","floor":12},{"not_picked":["Gremlin:Raid","Gremlin:ArmsTheft"],"picked":"Gremlin:PourSalt","floor":13},{"not_picked":["Gremlin:Pinprick","Gremlin:GremlinArms"],"picked":"Gremlin:ProperTools","floor":14},{"not_picked":["Gremlin:IrksomeBlow","Gremlin:Pinprick"],"picked":"Gremlin:Jeer","floor":15},{"not_picked":["Gremlin:CongaLine","Gremlin:Duplicate"],"picked":"Gremlin:Unforgiving","floor":16},{"not_picked":["Voices","ReplayTheSpireMod:Restless Dread"],"picked":"ReplayTheSpireMod:Doomed","floor":17},{"not_picked":["theForsaken:PlagueCurse","Delirium"],"picked":"Writhe","floor":17},{"not_picked":["Parasite","Amnesia"],"picked":"theForsaken:PlagueCurse","floor":17},{"not_picked":["Gremlin:SharpenBlades","Gremlin:Presto"],"picked":"Gremlin:BurlyBlow+1","floor":18},{"not_picked":["Gremlin:MakeshiftArmor","Gremlin:ArmsTheft"],"picked":"Gremlin:GremlinArms+1","floor":20},{"not_picked":["Gremlin:Jeer","Gremlin:Patsy"],"picked":"Gremlin:PourSalt","floor":21}],"player_experience":0,"relics_obtained":[{"floor":9,"key":"infinitespire:Broken Mirror"}],"event_choices":[{"cards_removed":["Gremlin:Strike"],"damage_healed":0,"gold_gain":0,"player_choice":"Took Card","damage_taken":0,"max_hp_gain":0,"max_hp_loss":0,"event_name":"NoteForYourself","floor":3,"gold_loss":0,"cards_obtained":["Iron Wave"]},{"damage_healed":0,"gold_gain":0,"player_choice":"Obtain Plague Curse","damage_taken":0,"max_hp_gain":0,"max_hp_loss":0,"event_name":"Plague Doctor","floor":7,"gold_loss":0,"cards_obtained":["theForsaken:PlagueCurse"]},{"damage_healed":0,"gold_gain":0,"player_choice":"Donut","damage_taken":0,"max_hp_gain":5,"max_hp_loss":0,"event_name":"Big Fish","floor":8,"gold_loss":0},{"damage_healed":0,"gold_gain":0,"player_choice":"Searched \u00273\u0027 times","damage_taken":0,"relics_obtained":["Dream Catcher"],"max_hp_gain":0,"max_hp_loss":0,"event_name":"Dead Adventurer","floor":10,"gold_loss":0},{"damage_healed":0,"gold_gain":0,"player_choice":"Obtained Relic","damage_taken":0,"relics_obtained":["Replay:Ringing Soul"],"max_hp_gain":0,"max_hp_loss":0,"event_name":"Addict","floor":19,"gold_loss":85},{"damage_healed":0,"gold_gain":0,"player_choice":"Inject Mutagens","damage_taken":0,"relics_obtained":["MutagenicStrength"],"max_hp_gain":0,"max_hp_loss":0,"event_name":"Drug Dealer","floor":22,"gold_loss":0}],"is_beta":false,"boss_relics":[{"not_picked":["infinitespire:Cupcake","Sozu"],"picked":"Replay:Ancient Bell"},{"not_picked":["Lantern","MawBank"],"picked":"Blood Vial"},{"not_picked":["Golden Egg","Eternal Feather"],"picked":"Snack Pack"},{"not_picked":["Ginger","Lizard Tail"],"picked":"Thread and Needle"}],"items_purged_floors":[],"is_endless":false,"potions_floor_spawned":[5,10,12,16],"killed_by":"Replay:Snechameleon","ascension_level":0}}