{"host":"hyrsuayny3efwwum","time":1608509071,"event":{"mods":["BaseMod","Bestiary","Colored Map","Highlight Path","Minty Spire (QoL Compilation)","Relic Stats","StSLib"],"gold_per_floor":[115,115,11,24,39,71,36,36,62,73,73,106,125,160,160,237,237,253,165,80,92,17,17,30,30,30],"floor_reached":25,"playtime":1102,"items_purged":[],"score":376,"play_id":"25da51e1-78ff-47c5-a64c-7d2ee53c318d","local_time":"20201220190431","is_ascension_mode":true,"campfire_choices":[{"data":"Defragment","floor":8,"key":"SMITH"},{"floor":15,"key":"REST"},{"data":"Creative AI","floor":23,"key":"SMITH"}],"circlet_count":0,"master_deck":["AscendersBane","Zap","Dualcast","Steam","Defragment","Streamline","Defragment+1","Darkness","Defragment","Ball Lightning","Buffer","Loop","Core Surge","Creative AI+1","Tempest","Buffer","Streamline","Electrodynamics","Electrodynamics","Glacier","Self Repair","Turbo+1"],"relics":["Cracked Core","NeowsBlessing","Strawberry","Orichalcum","Bottled Flame","Bag of Marbles","Pandora\u0027s Box","Toxic Egg 2"],"acts_visited":["Exordium","TheCity"],"potions_floor_usage":[6,12,14,14,14,16,18,21,25],"damage_taken":[{"damage":0,"enemies":"2 Louse","floor":1,"turns":1},{"damage":0,"enemies":"Cultist","floor":4,"turns":1},{"damage":0,"enemies":"Small Slimes","floor":5,"turns":1},{"damage":35,"enemies":"3 Sentries","floor":6,"turns":8},{"damage":2,"enemies":"3 Louse","floor":10,"turns":2},{"damage":14,"enemies":"Gremlin Nob","floor":12,"turns":4},{"damage":5,"enemies":"Looter","floor":13,"turns":3},{"damage":20,"enemies":"3 Sentries","floor":14,"turns":6},{"damage":25,"enemies":"Slime Boss","floor":16,"turns":6},{"damage":0,"enemies":"3 Byrds","floor":18,"turns":1},{"damage":25,"enemies":"2 Thieves","floor":21,"turns":3},{"damage":16,"enemies":"Cultist and Chosen","floor":24,"turns":5},{"damage":33,"enemies":"Slavers","floor":25,"turns":2}],"seed_played":"1136828786266814586","potions_obtained":[{"floor":1,"key":"Fire Potion"},{"floor":6,"key":"EntropicBrew"},{"floor":10,"key":"AttackPotion"},{"floor":12,"key":"Energy Potion"},{"floor":14,"key":"Energy Potion"},{"floor":18,"key":"FearPotion"},{"floor":21,"key":"DuplicationPotion"}],"is_trial":false,"path_per_floor":["M","?","$","M","M","E","?","R","T","M","?","E","M","E","R","B",null,"M","$","?","M","?","R","M","E"],"character_chosen":"DEFECT","items_purchased":["Defragment","Streamline","Self Repair","SkillPotion"],"campfire_rested":1,"item_purchase_floors":[3,3,19,19],"current_hp_per_floor":[64,64,64,64,64,36,55,55,55,53,46,32,27,7,30,5,60,60,60,60,42,42,42,33,0,0],"gold":30,"neow_bonus":"THREE_ENEMY_KILL","is_daily":false,"chose_seed":false,"campfire_upgraded":2,"win_rate":0.0,"timestamp":1608509071,"path_taken":["M","?","$","?","M","E","?","R","T","M","?","E","M","E","R","BOSS","M","$","?","M","?","R","M","E"],"items_purchased_type":["Card","Card","Card","Potion"],"build_version":"2020-12-13","purchased_purges":0,"victory":false,"max_hp_per_floor":[71,71,71,71,71,78,78,78,78,78,78,78,78,78,78,78,78,78,78,78,78,78,78,78,78,78],"relic_stats":{"counters":[13,43],"Pandora\u0027s Box":["Tempest","Buffer","Streamline","Electrodynamics","Electrodynamics","All For One"],"Orichalcum":[96],"obtain_stats":[{"Bottled Flame":12,"NeowsBlessing":0,"Strawberry":6,"Pandora\u0027s Box":17,"Bag of Marbles":14,"Orichalcum":9,"Toxic Egg 2":20,"Cracked Core":0},{"Bottled Flame":6,"NeowsBlessing":0,"Strawberry":4,"Pandora\u0027s Box":9,"Bag of Marbles":8,"Orichalcum":4,"Toxic Egg 2":10,"Cracked Core":0},{"Bottled Flame":17,"NeowsBlessing":0,"Strawberry":11,"Pandora\u0027s Box":32,"Bag of Marbles":26,"Orichalcum":11,"Toxic Egg 2":33,"Cracked Core":0}]},"card_choices":[{"not_picked":["Heatsinks","Skim"],"picked":"Steam","floor":1},{"not_picked":["Fusion","Steam"],"picked":"Defragment","floor":4},{"not_picked":["Compile Driver","Rebound"],"picked":"Darkness","floor":5},{"not_picked":["Storm","All For One"],"picked":"Defragment","floor":6},{"not_picked":["Undo","Sweeping Beam"],"picked":"Ball Lightning","floor":10},{"not_picked":["Auto Shields","Heatsinks"],"picked":"Buffer","floor":12},{"not_picked":["Steam","Rebound"],"picked":"Loop","floor":13},{"not_picked":["Stack","Gash"],"picked":"Core Surge","floor":14},{"not_picked":["Multi-Cast","Core Surge"],"picked":"Creative AI","floor":16},{"not_picked":["Coolheaded","Sweeping Beam"],"picked":"Glacier","floor":18},{"not_picked":["Go for the Eyes+1","Skim+1"],"picked":"Turbo+1","floor":21},{"not_picked":["Compile Driver","Barrage","FTL"],"picked":"SKIP","floor":24}],"player_experience":747320,"relics_obtained":[{"floor":6,"key":"Strawberry"},{"floor":9,"key":"Orichalcum"},{"floor":12,"key":"Bottled Flame"},{"floor":14,"key":"Bag of Marbles"}],"event_choices":[{"cards_removed":["Defend_B"],"damage_healed":0,"gold_gain":0,"player_choice":"Purged","damage_taken":0,"max_hp_gain":0,"max_hp_loss":0,"event_name":"Purifier","floor":2,"gold_loss":0},{"damage_healed":19,"gold_gain":0,"player_choice":"Healed","damage_taken":0,"max_hp_gain":0,"max_hp_loss":0,"event_name":"The Cleric","floor":7,"gold_loss":35},{"cards_removed":["Strike_B"],"damage_healed":0,"gold_gain":0,"player_choice":"Card Removal","damage_taken":7,"max_hp_gain":0,"max_hp_loss":0,"event_name":"Golden Wing","floor":11,"gold_loss":0},{"damage_healed":0,"gold_gain":0,"player_choice":"Obtained Relic","damage_taken":0,"relics_obtained":["Toxic Egg 2"],"max_hp_gain":0,"max_hp_loss":0,"event_name":"Addict","floor":20,"gold_loss":85},{"cards_removed":["All For One"],"damage_healed":0,"gold_gain":0,"player_choice":"Gave Gold","damage_taken":0,"max_hp_gain":0,"max_hp_loss":0,"event_name":"Beggar","floor":22,"gold_loss":75}],"is_beta":false,"boss_relics":[{"not_picked":["Busted Crown","Runic Pyramid"],"picked":"Pandora\u0027s Box"}],"items_purged_floors":[],"is_endless":false,"potions_floor_spawned":[1,6,10,12,14,18,21],"killed_by":"Slavers","ascension_level":14}}