{"host":"injjhdjhvwue88m1","time":1608517278,"event":{"mods":["AchievementEnabler","BaseMod","Downfall","Minty Spire (QoL Compilation)","Relic Stats","Spicy Shops","StSLib"],"gold_per_floor":[99,126,126,136,136,136,136,147,182,182,199,38,58,75,87,190,190,190,201,212,228,228,258,258,258,268,293,308,320,337,25,44,141,191,191,191,29,46,213,213,213,230,282,311,311,311,311,311,329,329],"floor_reached":51,"playtime":3766,"items_purged":["Guardian:Defend_Guardian","Guardian:WalkerClaw+1"],"score":729,"play_id":"b6df43e4-ab0f-4370-b951-325bdaa5c60d","local_time":"20201220192118","is_ascension_mode":false,"campfire_choices":[{"data":"Guardian:EvasiveProtocol","floor":1,"key":"SMITH"},{"data":"Guardian:TwinSlam","floor":10,"key":"SMITH"},{"data":"Guardian:MultiBeam","floor":18,"key":"SMITH"},{"data":"Guardian:PolyBeam","floor":25,"key":"SMITH"},{"floor":35,"key":"RECALL"},{"data":"Guardian:ShieldSpikes","floor":40,"key":"SMITH"}],"circlet_count":0,"master_deck":["Guardian:Strike_Guardian","Guardian:Strike_Guardian","Guardian:Defend_Guardian","Guardian:Defend_Guardian","Guardian:CurlUp","Guardian:TwinSlam+1","Guardian:EvasiveProtocol+1","Guardian:ShieldSpikes+1","Guardian:EvasiveProtocol+1","Guardian:Suspension","Guardian:MultiBeam+1","Guardian:Reroute+1","Guardian:AncientConstruct+1","Guardian:PrimingBeam","Guardian:PolyBeam+1","Guardian:FloatingOrbs+1","Guardian:RefractedBeam+1","Guardian:BaubleBeam","Guardian:DecasProtection+1","Guardian:PiercingHide+1","Guardian:PrimingBeam+1","Guardian:Recover+1","Guardian:TimeCapacitor+1","Guardian:Repulse+1","Pain"],"relics":["Guardian:ModeShifter","Frozen Egg 2","Juzu Bracelet","HornCleat","Vajra","Lee\u0027s Waffle","Guardian:StasisSlotReductionRelic","MealTicket","Pantograph","Boot","Tiny House","Art of War","Regal Pillow","Ancient Tea Set","Mummified Hand"],"acts_visited":["Exordium","TheCity","TheBeyond"],"potions_floor_usage":[13,14,27,50],"damage_taken":[{"damage":32,"enemies":"Gremlin Nob","floor":2,"turns":6},{"damage":0,"enemies":"2 Louse","floor":4,"turns":2},{"damage":0,"enemies":"Small Slimes","floor":8,"turns":3},{"damage":3,"enemies":"Lagavulin","floor":9,"turns":14},{"damage":0,"enemies":"Jaw Worm","floor":11,"turns":5},{"damage":0,"enemies":"downfall:FleeingMerchant","floor":12,"turns":4},{"damage":0,"enemies":"Blue Slaver","floor":13,"turns":3},{"damage":0,"enemies":"Exordium Thugs","floor":14,"turns":4},{"damage":0,"enemies":"3 Louse","floor":15,"turns":3},{"damage":16,"enemies":"downfall:Ironclad","floor":16,"turns":13},{"damage":6,"enemies":"3 Byrds","floor":19,"turns":3},{"damage":4,"enemies":"Shell Parasite","floor":20,"turns":4},{"damage":10,"enemies":"Snake Plant","floor":21,"turns":4},{"damage":14,"enemies":"Book of Stabbing","floor":23,"turns":5},{"damage":11,"enemies":"Cultist and Chosen","floor":26,"turns":5},{"damage":14,"enemies":"Gremlin Leader","floor":27,"turns":5},{"damage":0,"enemies":"Centurion and Healer","floor":28,"turns":3},{"damage":2,"enemies":"Snecko","floor":29,"turns":4},{"damage":0,"enemies":"Snake Plant","floor":30,"turns":3},{"damage":0,"enemies":"downfall:FleeingMerchant","floor":31,"turns":4},{"damage":10,"enemies":"Cultist and Chosen","floor":32,"turns":4},{"damage":33,"enemies":"downfall:Defect","floor":33,"turns":7},{"damage":0,"enemies":"downfall:FleeingMerchant","floor":37,"turns":4},{"damage":0,"enemies":"Orb Walker","floor":38,"turns":2},{"damage":0,"enemies":"downfall:FleeingMerchant","floor":39,"turns":3},{"damage":0,"enemies":"3 Shapes","floor":42,"turns":3},{"damage":29,"enemies":"Nemesis","floor":44,"turns":5},{"damage":2,"enemies":"3 Darklings","floor":49,"turns":4},{"damage":13,"enemies":"downfall:Watcher","floor":50,"turns":8}],"seed_played":"-5441734154524385920","potions_obtained":[{"floor":2,"key":"Slimebound:ThreeZeroPotion"},{"floor":4,"key":"SpeedPotion"},{"floor":8,"key":"DistilledChaos"},{"floor":13,"key":"LiquidBronze"},{"floor":14,"key":"SpeedPotion"},{"floor":16,"key":"SkillPotion"},{"floor":20,"key":"SteroidPotion"},{"floor":28,"key":"Strength Potion"},{"floor":34,"key":"Regen Potion"},{"floor":38,"key":"Ancient Potion"}],"is_trial":false,"path_per_floor":["R","E","?","M","?","T","T","M","E","R","M","$","M","M","M","B",null,"R","M","M","M","?","E","T","R","M","E","M","M","M","$","M","B",null,"R","?","$","M","$","R","T","M","?","E","?","T","?","?","M","B",null],"character_chosen":"GUARDIAN","items_purchased":["Lee\u0027s Waffle","Guardian:BronzeOrb","Art of War","Guardian:TimeCapacitor+1"],"campfire_rested":0,"item_purchase_floors":[12,31,37,39],"current_hp_per_floor":[80,48,48,48,48,48,48,48,45,45,45,87,87,87,87,71,87,87,81,77,67,87,73,73,73,62,48,48,46,46,61,51,43,92,92,92,92,92,92,92,92,92,92,63,63,63,76,105,103,97],"gold":329,"neow_bonus":"TRANSFORM_CARD","is_daily":false,"chose_seed":false,"campfire_upgraded":5,"win_rate":0.0,"timestamp":1608517278,"path_taken":["R","E","?","M","?","?","T","M","E","R","M","$","M","M","M","BOSS","R","M","M","M","?","E","T","R","M","E","M","M","M","?","M","BOSS","R","?","?","M","$","R","T","M","?","E","?","?","?","?","M","BOSS"],"items_purchased_type":["Relic","Card","Relic","Card"],"build_version":"2020-12-13","purchased_purges":2,"victory":true,"max_hp_per_floor":[80,80,80,80,80,80,80,80,80,80,80,87,87,87,87,87,87,87,87,87,87,87,87,87,87,87,87,87,87,87,87,87,87,92,92,92,92,92,92,92,92,92,92,92,92,92,105,105,105,105],"relic_stats":{"Lee\u0027s Waffle":42,"Regal Pillow":0,"counters":[29,137],"Mummified Hand":[13],"Pantograph":27,"MealTicket":15,"Juzu Bracelet":1,"Art of War":[0],"Boot":[143],"obtain_stats":[{"Lee\u0027s Waffle":12,"Guardian:StasisSlotReductionRelic":17,"Regal Pillow":43,"Tiny House":34,"Guardian:ModeShifter":0,"Vajra":9,"Juzu Bracelet":6,"Frozen Egg 2":2,"Boot":27,"Ancient Tea Set":44,"HornCleat":7,"Mummified Hand":46,"Pantograph":24,"MealTicket":23,"Art of War":37},{"Lee\u0027s Waffle":6,"Guardian:StasisSlotReductionRelic":10,"Regal Pillow":26,"Tiny House":22,"Guardian:ModeShifter":0,"Vajra":4,"Juzu Bracelet":2,"Frozen Egg 2":1,"Boot":16,"Ancient Tea Set":27,"HornCleat":2,"Mummified Hand":27,"Pantograph":14,"MealTicket":14,"Art of War":23},{"Lee\u0027s Waffle":34,"Guardian:StasisSlotReductionRelic":57,"Regal Pillow":120,"Tiny House":108,"Guardian:ModeShifter":0,"Vajra":25,"Juzu Bracelet":8,"Frozen Egg 2":6,"Boot":83,"Ancient Tea Set":125,"HornCleat":8,"Mummified Hand":125,"Pantograph":73,"MealTicket":73,"Art of War":112}]},"card_choices":[{"not_picked":["Guardian:EvasiveProtocol+1","Guardian:VentSteam"],"picked":"Guardian:Gem_Blue","floor":2},{"not_picked":["Guardian:Gem_Green","Guardian:WalkerClaw","Guardian:Incinerate"],"picked":"SKIP","floor":4},{"not_picked":["Guardian:TimeBomb","Guardian:SphericShield"],"picked":"Guardian:ShieldSpikes","floor":8},{"not_picked":["Guardian:PiercingHide","Guardian:TemporalShield"],"picked":"Guardian:EvasiveProtocol+1","floor":9},{"not_picked":["Guardian:TemporalStrike","Guardian:Gem_Green"],"picked":"Guardian:Suspension","floor":11},{"not_picked":["Guardian:ChargeCore","Guardian:EvasiveProtocol+1"],"picked":"Guardian:MultiBeam","floor":12},{"not_picked":["Guardian:Gem_Green","Guardian:ChargeUp"],"picked":"Guardian:Reroute","floor":13},{"not_picked":["Guardian:ArmoredProtocol+1","Guardian:Gem_Fragmented"],"picked":"Guardian:DecasProtection","floor":14},{"not_picked":["Guardian:Gem_Red","Guardian:Reroute"],"picked":"Guardian:Gem_Fragmented","floor":15},{"not_picked":["Guardian:StasisField","Guardian:TimeSifter+1"],"picked":"Guardian:AncientConstruct+1","floor":16},{"not_picked":["Guardian:Gem_Lightblue","Guardian:ShieldCharger","Guardian:Suspension"],"picked":"SKIP","floor":19},{"not_picked":["Guardian:Gem_Cyan","Guardian:WalkerClaw"],"picked":"Guardian:PrimingBeam","floor":20},{"not_picked":["Guardian:CrystalBeam","Guardian:VentSteam"],"picked":"Guardian:WalkerClaw+1","floor":21},{"not_picked":["Guardian:SentryBeam","Guardian:Suspension"],"picked":"Guardian:PolyBeam","floor":23},{"not_picked":["Guardian:VentSteam","Guardian:Gem_Cyan"],"picked":"Guardian:FloatingOrbs+1","floor":26},{"not_picked":["Guardian:ChargeCore","Guardian:PrismaticBeam","Guardian:TemporalStrike"],"picked":"SKIP","floor":27},{"not_picked":["Guardian:RollAttack","Guardian:Suspension+1","Guardian:FloatingOrbs+1"],"picked":"SKIP","floor":28},{"not_picked":["Guardian:Harden","Guardian:AncientConstruct+1"],"picked":"Guardian:RefractedBeam+1","floor":29},{"not_picked":["Guardian:RollAttack","Guardian:SpikerProtocol+1"],"picked":"Guardian:Gem_Lightblue","floor":30},{"not_picked":["Guardian:SphericShield","Guardian:DonusPower","Guardian:Gem_Fragmented"],"picked":"SKIP","floor":31},{"not_picked":["Guardian:Planning","Guardian:Reroute+1","Guardian:Harden"],"picked":"SKIP","floor":32},{"not_picked":["Guardian:ConstructionForm+1","Guardian:Gem_Synthetic"],"picked":"Guardian:BaubleBeam","floor":33},{"not_picked":["Guardian:PrimingBeam","Guardian:CrystalBeam"],"picked":"Guardian:DecasProtection+1","floor":34},{"not_picked":["Guardian:PrimingBeam","Guardian:ShieldCharger+1"],"picked":"Guardian:PiercingHide+1","floor":37},{"not_picked":["Guardian:Gem_Cyan","Guardian:VentSteam+1"],"picked":"Guardian:PrimingBeam+1","floor":38},{"not_picked":["Guardian:PiercingHide","Guardian:RollAttack+1"],"picked":"Guardian:Recover+1","floor":39},{"not_picked":["Guardian:TemporalStrike+1","Guardian:Incinerate+1","Guardian:RefractedBeam+1"],"picked":"SKIP","floor":42},{"not_picked":["Guardian:Clone","Guardian:Suspension"],"picked":"Guardian:Repulse+1","floor":44},{"not_picked":["Guardian:Suspension+1","Guardian:TimeCapacitor+1","Guardian:ConstructionForm+1"],"picked":"SKIP","floor":49}],"player_experience":224690,"relics_obtained":[{"floor":2,"key":"Frozen Egg 2"},{"floor":6,"key":"Juzu Bracelet"},{"floor":7,"key":"HornCleat"},{"floor":9,"key":"Vajra"},{"floor":23,"key":"MealTicket"},{"floor":24,"key":"Pantograph"},{"floor":27,"key":"Boot"},{"floor":43,"key":"Regal Pillow"},{"floor":44,"key":"Ancient Tea Set"},{"floor":46,"key":"Mummified Hand"}],"event_choices":[{"damage_healed":20,"gold_gain":0,"player_choice":"Full Heal","damage_taken":0,"max_hp_gain":0,"max_hp_loss":0,"event_name":"Wheel of Change","floor":22,"gold_loss":0},{"cards_removed":["Guardian:DecasProtection"],"damage_healed":0,"gold_gain":0,"player_choice":"Purged","damage_taken":0,"max_hp_gain":0,"max_hp_loss":0,"event_name":"Purifier","floor":36,"gold_loss":0},{"cards_removed":["Guardian:BronzeOrb"],"damage_healed":29,"gold_gain":0,"player_choice":"Offered Uncommon","damage_taken":0,"max_hp_gain":0,"max_hp_loss":0,"event_name":"Bonfire Elementals","floor":48,"gold_loss":0}],"is_beta":false,"boss_relics":[{"not_picked":["Ectoplasm","Fusion Hammer"],"picked":"Guardian:StasisSlotReductionRelic"},{"not_picked":["Philosopher\u0027s Stone","SlaversCollar"],"picked":"Tiny House"}],"items_purged_floors":[31,39],"is_endless":false,"potions_floor_spawned":[2,4,8,13,14,16,20,28,30,32,33,38,44],"ascension_level":0}}