{"host":"nox","time":1608560011,"event":{"mods":["Aspiration","BaseMod","Better Third Choice","Colored Powertips","Conspire","Hubris","Infinite Spire","Minty Spire (QoL Compilation)","Quick Restart","Rare Cards Sparkle","Replay The Spire","Shop Mod","Spikes Relics","StSLib","SuperFastMode","The Alterego","vexMod"],"gold_per_floor":[113,133,133,58,58,93,93,127,127,143,143,143],"floor_reached":11,"playtime":211,"items_purged":["RefreshScreen"],"score":97,"play_id":"63c46e73-945c-403d-b60a-2cb49e994f88","local_time":"20201221211331","is_ascension_mode":true,"campfire_choices":[],"circlet_count":0,"master_deck":["Strike_B","Strike_B","Strike_B","Defend_B","Defend_B","Defend_B","Zap","Dualcast","Streamline","Static Discharge","Barrage","Gash","Leap","Rip and Tear+1","Go for the Eyes+1"],"relics":["Cracked Core","Molten Egg 2","aspiration:HatOfInfinitePower","Turnip"],"acts_visited":["Exordium"],"potions_floor_usage":[6,11],"damage_taken":[{"damage":11,"enemies":"Small Slimes","floor":1,"turns":3},{"damage":4,"enemies":"Jaw Worm","floor":2,"turns":3},{"damage":26,"enemies":"Lagavulin","floor":6,"turns":5},{"damage":25,"enemies":"Gremlin Nob","floor":8,"turns":4},{"damage":0,"enemies":"2 Louse","floor":10,"turns":2},{"damage":30,"enemies":"Lagavulin","floor":11,"turns":3}],"seed_played":"-4968211056468446482","potions_obtained":[{"floor":2,"key":"AttackPotion"},{"floor":8,"key":"Venom Potion"}],"is_trial":false,"path_per_floor":["M","M","?","$","?","E","?","E","T","M","E"],"character_chosen":"DEFECT","items_purchased":[],"campfire_rested":0,"item_purchase_floors":[],"current_hp_per_floor":[71,67,67,67,67,41,41,16,16,16,0,0],"gold":143,"neow_bonus":"TEN_PERCENT_HP_BONUS","is_daily":false,"chose_seed":false,"campfire_upgraded":0,"win_rate":0.0,"timestamp":1608560011,"path_taken":["M","M","?","$","?","E","?","E","T","?","E"],"items_purchased_type":[],"build_version":"2020-11-17","purchased_purges":1,"victory":false,"max_hp_per_floor":[82,82,82,82,82,82,82,82,82,82,82,82],"card_choices":[{"not_picked":["ReplayTheSpireMod:Reroute Power","Melter","Fusion"],"picked":"SKIP","floor":1},{"not_picked":["Heatsinks","Sweeping Beam"],"picked":"Streamline","floor":2},{"not_picked":["DiskWipe","Reprogram","Turbo"],"picked":"SKIP","floor":6},{"not_picked":["Darkness","Ball Lightning+1"],"picked":"Go for the Eyes+1","floor":8},{"not_picked":["FTL+1","Steam","ReplayRNGCard"],"picked":"SKIP","floor":10}],"player_experience":209035,"relics_obtained":[{"floor":6,"key":"Molten Egg 2"},{"floor":8,"key":"aspiration:HatOfInfinitePower"},{"floor":9,"key":"Turnip"}],"event_choices":[],"is_beta":true,"boss_relics":[],"items_purged_floors":[4],"is_endless":false,"potions_floor_spawned":[2,8],"killed_by":"Lagavulin","ascension_level":4}}