{"host":"j0a1jfichhxu8b8p","time":1608563639,"event":{"mods":["BaseMod","Colored Map","DeckTracker","Keyboard Shortcuts","Minty Spire (QoL Compilation)","Permanent Neow","StSLib","everything is the same but u backflip on backflip"],"gold_per_floor":[111,123,123,140,140,140,155,167,213,247,21,31,63,77,77,77,77],"floor_reached":16,"playtime":453,"items_purged":["Strike_G"],"score":165,"play_id":"07e551a6-82c6-4770-82d4-53daaa276993","local_time":"20201222001359","is_ascension_mode":true,"campfire_choices":[{"data":"Metamorphosis","floor":6,"key":"SMITH"},{"data":"Setup","floor":15,"key":"SMITH"}],"circlet_count":0,"master_deck":["Strike_G+1","Strike_G","Strike_G+1","Defend_G","Defend_G","Defend_G","Defend_G","Defend_G","Survivor","Neutralize","Metamorphosis+1","Deadly Poison","Deadly Poison","Blur","Setup+1"],"relics":["Ring of the Snake","Singing Bowl","Whetstone","Centennial Puzzle","Chemical X","Du-Vu Doll"],"acts_visited":["Exordium"],"potions_floor_usage":[13,13],"damage_taken":[{"damage":0.0,"enemies":"Small Slimes","floor":1.0,"turns":3.0},{"damage":1.0,"enemies":"Jaw Worm","floor":2.0,"turns":3.0},{"damage":1,"enemies":"Cultist","floor":4,"turns":3},{"damage":1,"enemies":"Looter","floor":7,"turns":3},{"damage":0,"enemies":"Large Slime","floor":8,"turns":3},{"damage":28,"enemies":"Gremlin Nob","floor":10,"turns":4},{"damage":4,"enemies":"Blue Slaver","floor":12,"turns":2},{"damage":2,"enemies":"3 Sentries","floor":13,"turns":5},{"damage":1,"enemies":"Looter","floor":14,"turns":3},{"damage":21,"enemies":"Slime Boss","floor":16,"turns":3}],"seed_played":"2558567839719034804","potions_obtained":[{"floor":4,"key":"SkillPotion"},{"floor":8,"key":"SmokeBomb"},{"floor":10,"key":"SpeedPotion"},{"floor":12,"key":"FearPotion"},{"floor":14,"key":"SneckoOil"}],"is_trial":false,"path_per_floor":["M","M","?","M","?","R","M","M","T","E","$","M","E","M","R","B"],"character_chosen":"THE_SILENT","items_purchased":["Chemical X"],"campfire_rested":0,"item_purchase_floors":[11],"current_hp_per_floor":[63,62,62,61,36,36,37,37,37,11,11,9,9,8,8,0,0],"gold":77,"neow_bonus":"RANDOM_COLORLESS_2","is_daily":false,"chose_seed":false,"campfire_upgraded":2,"win_rate":0.0,"timestamp":1608563639,"path_taken":["M","M","?","M","?","R","M","M","T","E","?","M","E","M","R","BOSS"],"items_purchased_type":["Relic"],"build_version":"2020-12-13","purchased_purges":1,"victory":false,"max_hp_per_floor":[63,63,63,63,63,63,65,65,65,67,67,69,71,71,71,71,71],"card_choices":[{"not_picked":["The Bomb","Secret Technique"],"picked":"Metamorphosis","floor":0.0},{"not_picked":["Escape Plan","Dagger Throw"],"picked":"Deadly Poison","floor":1.0},{"not_picked":["Blade Dance","Bane","Flechettes"],"picked":"SKIP","floor":2.0},{"not_picked":["Well Laid Plans","Heel Hook"],"picked":"Deadly Poison","floor":4},{"not_picked":["Eviscerate","Slice","Flying Knee"],"picked":"Singing Bowl","floor":7},{"not_picked":["Dagger Spray","Sucker Punch"],"picked":"Blur","floor":8},{"not_picked":["Doppelganger","Dagger Spray","Poisoned Stab"],"picked":"Singing Bowl","floor":10},{"not_picked":["All Out Attack","Bane","Slice"],"picked":"Singing Bowl","floor":12},{"not_picked":["Sucker Punch","Expertise","Blade Dance"],"picked":"Singing Bowl","floor":13},{"not_picked":["Blade Dance","Infinite Blades"],"picked":"Setup","floor":14}],"player_experience":336182,"relics_obtained":[{"floor":9,"key":"Whetstone"},{"floor":10,"key":"Centennial Puzzle"},{"floor":13,"key":"Du-Vu Doll"}],"event_choices":[{"cards_removed":["Strike_G"],"damage_healed":0,"gold_gain":0,"player_choice":"Forget","damage_taken":0,"max_hp_gain":0,"max_hp_loss":0,"event_name":"Living Wall","floor":3,"gold_loss":0},{"damage_healed":0,"gold_gain":0,"player_choice":"Success","damage_taken":25,"relics_obtained":["Singing Bowl"],"max_hp_gain":0,"max_hp_loss":0,"event_name":"Scrap Ooze","floor":5,"gold_loss":0}],"is_beta":false,"boss_relics":[],"items_purged_floors":[11],"is_endless":false,"potions_floor_spawned":[4,8,10,12,14],"killed_by":"Slime Boss","ascension_level":9}}