{"host":"wahmi3v2b4ozu27r","time":1608535653,"event":{"mods":["AchievementEnabler","Act Like it!","Astrologer","BaseMod","Colored Powertips","Energized Spire","Gensokyo","Hallownest","Infinite Spire","Minty Spire (QoL Compilation)","Pale of the Ancients","Permanent Neow","Rare Cards Sparkle","Replay The Spire","Shop Mod","Spikes Relics","StSLib","The Animator","The Bug Knight","The Hierophant","The Problem Sleuth","TheBandit","TheFirefly","Trackpad","egg","everything is the same but u backflip on backflip","slay the spire mod where everything is the same but ironclad has a cowboy hat","vexMod"],"gold_per_floor":[114,114,130,130,130,130,143,160,236,11,27,43,62,75,75,180,180,199,114,114,134,149,149,149],"floor_reached":23,"playtime":2402,"items_purged":[],"score":237,"play_id":"9b007479-226b-446e-bae5-053549fb989b","local_time":"20201221022733","is_ascension_mode":false,"campfire_choices":[{"floor":6,"key":"RECALL"},{"floor":15,"key":"REST"}],"circlet_count":0,"master_deck":["Strike_B","Strike_B","Strike_B","Strike_B","Defend_B","Defend_B","Defend_B","Defend_B","Zap+1","Dualcast","Hallucinations","Consume","Steam","Sweeping Beam","Darkness","Thunder Strike+1","BasicCrystalCard+1","Leap","Cold Snap+1","Sweeping Beam","Panic Button","Mirror Shield+1","Redo","Conserve Battery+1","Steam"],"relics":["vexMod:MysteryBossChallenge","Ooze Armor","Ring of Panic","ReplayTheSpireMod:Ring of Challenge","Gremlin Horn","vexMod:ImprovementManual","CherryCoatedStake"],"acts_visited":["Gensokyo:Gensokyo","TheCity"],"potions_floor_usage":[13,23],"damage_taken":[{"damage":4,"enemies":"Gensokyo:Gryphon","floor":1,"turns":3},{"damage":1,"enemies":"Gensokyo:3_Fairies","floor":3,"turns":5},{"damage":6,"enemies":"Gensokyo:Python","floor":7,"turns":3},{"damage":16,"enemies":"Gensokyo:3_Kodama","floor":8,"turns":7},{"damage":11,"enemies":"Gensokyo:Kitsune","floor":11,"turns":4},{"damage":5,"enemies":"Gensokyo:2_Rabbits","floor":12,"turns":5},{"damage":5,"enemies":"Gensokyo:Gryphon_and_Rabbit","floor":13,"turns":6},{"damage":8,"enemies":"Gensokyo:CorruptedTreant","floor":14,"turns":6},{"damage":0,"enemies":"Gensokyo:Kokoro","floor":16,"turns":1},{"damage":7,"enemies":"3 Byrds","floor":18,"turns":5},{"damage":17,"enemies":"Spheric Guardian","floor":21,"turns":7},{"damage":10,"enemies":"Snake Plant","floor":22,"turns":5},{"damage":34,"enemies":"Slavers","floor":23,"turns":4}],"seed_played":"8102401188544971090","potions_obtained":[{"floor":1,"key":"SpeedPotion"},{"floor":11,"key":"PotionOfCapacity"},{"floor":13,"key":"SneckoOil"},{"floor":16,"key":"SteroidPotion"},{"floor":18,"key":"ColorlessPotion"}],"is_trial":false,"path_per_floor":["M","?","M","?","T","R","M","M","T","$","M","M","M","M","R","B",null,"M","?","?","M","M","E"],"character_chosen":"DEFECT","items_purchased":["Darkness","Thunder Strike","BasicCrystalCard"],"campfire_rested":1,"item_purchase_floors":[10,10,10],"current_hp_per_floor":[71,71,70,52,52,52,46,30,30,30,19,14,9,1,23,23,75,68,68,54,37,34,0,0],"gold":149,"neow_bonus":"BOSS_RELIC","is_daily":false,"chose_seed":false,"campfire_upgraded":0,"win_rate":0.0,"timestamp":1608535653,"path_taken":["M","?","M","?","?","R","?","M","T","$","M","M","M","M","R","BOSS","M","?","?","M","?","E"],"items_purchased_type":["Card","Card","Card"],"build_version":"2020-12-13","purchased_purges":0,"victory":false,"max_hp_per_floor":[75,75,75,75,75,75,75,75,75,75,75,75,75,75,75,75,75,75,75,80,80,80,80,80],"card_choices":[{"not_picked":["Gash","ReplayTheSpireMod:Repulse","Stack"],"picked":"SKIP","floor":1},{"not_picked":["Go for the Eyes","Force Field"],"picked":"Consume","floor":3},{"not_picked":["ReplayTheSpireMod:Echoes of Time","ReplayTheSpireMod:Haul"],"picked":"infinitespire:SealOfDarkness+","floor":4},{"not_picked":["White Noise","Hologram"],"picked":"Steam","floor":7},{"not_picked":["Steam","Thunder Strike"],"picked":"Sweeping Beam","floor":8},{"not_picked":["Conserve Battery","Steam"],"picked":"Leap","floor":11},{"not_picked":["All For One","Go for the Eyes"],"picked":"Cold Snap","floor":12},{"not_picked":["Loop","Machine Learning"],"picked":"Sweeping Beam","floor":13},{"not_picked":["ReplayTheSpireMod:Repulse","Gash"],"picked":"Panic Button","floor":14},{"not_picked":["Thunder Strike","Machine Learning"],"picked":"Mirror Shield","floor":16},{"not_picked":["DiskWipe","Go for the Eyes"],"picked":"Redo","floor":18},{"not_picked":["Go for the Eyes","Hologram"],"picked":"Conserve Battery+1","floor":21},{"not_picked":["ReplayGash+1","BasicCrystalCard+1"],"picked":"Steam","floor":22}],"player_experience":30305,"relics_obtained":[{"floor":2,"key":"Ring of Panic"},{"floor":2,"key":"ReplayTheSpireMod:Ring of Challenge"},{"floor":9,"key":"Gremlin Horn"}],"event_choices":[{"damage_healed":0,"gold_gain":0,"player_choice":"Obtained Relic","damage_taken":0,"relics_obtained":["CherryCoatedStake"],"max_hp_gain":0,"max_hp_loss":0,"event_name":"Addict","floor":19,"gold_loss":85},{"damage_healed":0,"gold_gain":0,"player_choice":"Shed Blood","damage_taken":19,"max_hp_gain":5,"max_hp_loss":0,"event_name":"Forgotten Altar","floor":20,"gold_loss":0}],"is_beta":false,"boss_relics":[{"not_picked":["vexMod:RockOfEvil","Honey Jar"],"picked":"vexMod:ImprovementManual"}],"items_purged_floors":[],"is_endless":false,"potions_floor_spawned":[1,11,13,16,18],"killed_by":"Slavers","ascension_level":0}}