{"host":"juqfttvdeykv99sc","time":1608520838,"event":{"mods":["AchievementEnabler","Aspiration","BaseMod","BetterRewards","Colored Map","Conspire","GifTheSpireLib","Halation","Hubris","Infinite Spire","Minty Spire (QoL Compilation)","Rare Cards Sparkle","Relic Sorter","Replay The Spire","Shop Mod","Spikes Relics","StSLib","The Jungle"],"gold_per_floor":[114,114,125,125,143,184,207,230,230,230,250,6,6,24,24,155,155,171,171,184,84,105,138,159,172,219,219,94,19,33,49,49,49,49],"floor_reached":33,"playtime":2132,"items_purged":["Injury","Strike_R","Strike_R"],"score":273,"play_id":"ee80d6b4-c2a3-42cc-bb18-b15d9d0c4022","local_time":"20201220222038","is_ascension_mode":false,"campfire_choices":[{"data":"Shrug It Off","floor":10,"key":"SMITH"},{"floor":15,"key":"REST"},{"floor":32,"key":"REST"}],"circlet_count":0,"master_deck":["Strike_R","Strike_R","Defend_R+1","Defend_R","Defend_R+1","Defend_R","Bash","Run Through","Headbutt","Run Through+1","Iron Wave+1","Clash+1","Shrug It Off+1","Battle Trance","Secret Weapon","Clothesline+1","Bludgeon+1","Carnage+1","Immolate+1","Rage+1","Headbutt+1","ReplayTheSpireMod:LeadingStrike+1","Iron Wave+1","CutThroughFate+1"],"relics":["Burning Blood","Molten Egg 2","Golden Idol","Gambling Chip","hubris:DisguiseKit","Nloth\u0027s Gift","Happy Flower","halation:PrussianBluePaint","PrismaticShard"],"acts_visited":["TheCity"],"potions_floor_usage":[6,16,23,25,31],"damage_taken":[{"damage":2.0,"enemies":"conspire:RoseBush","floor":1.0,"turns":3.0},{"damage":8,"enemies":"Small Slimes","floor":3,"turns":3},{"damage":6,"enemies":"Jaw Worm","floor":5,"turns":3},{"damage":28,"enemies":"3 Sentries","floor":6,"turns":7},{"damage":5,"enemies":"2 Fungi Beasts","floor":7,"turns":2},{"damage":8,"enemies":"Red Slaver","floor":8,"turns":3},{"damage":3,"enemies":"Gremlin Gang","floor":11,"turns":4},{"damage":0,"enemies":"Large Slime","floor":14,"turns":3},{"damage":16,"enemies":"The Guardian","floor":16,"turns":12},{"damage":14,"enemies":"Shell Parasite","floor":18,"turns":3},{"damage":29,"enemies":"conspire:FuzzyDice","floor":20,"turns":6},{"damage":9,"enemies":"Sentry and Sphere","floor":22,"turns":4},{"damage":49,"enemies":"Slavers","floor":23,"turns":6},{"damage":23,"enemies":"Centurion and Healer","floor":24,"turns":5},{"damage":11,"enemies":"Snake Plant","floor":25,"turns":3},{"damage":7,"enemies":"3 Cultists","floor":30,"turns":4},{"damage":0,"enemies":"Sentry and Sphere","floor":31,"turns":3},{"damage":86,"enemies":"hubris:MusketHawk","floor":33,"turns":6}],"seed_played":"1878362951624301947","potions_obtained":[{"floor":1,"key":"BloodPotion"},{"floor":5,"key":"BlessingOfTheForge"},{"floor":8,"key":"Weak Potion"},{"floor":14,"key":"SkillPotion"},{"floor":16,"key":"Regen Potion"},{"floor":23,"key":"Elixir"}],"is_trial":false,"path_per_floor":["M","?","M","?","M","E","M","M","T","R","M","$","?","M","R","B",null,"M","?","M","$","M","E","M","M","T","?","$","?","M","M","R","B"],"character_chosen":"IRONCLAD","items_purchased":["Secret Weapon"],"campfire_rested":2,"item_purchase_floors":[12],"current_hp_per_floor":[80,80,78,74,74,52,53,51,51,51,54,54,39,45,67,57,74,66,66,43,43,40,26,9,23,23,15,15,15,14,20,42,0,0],"gold":49,"neow_bonus":"THREE_CARDS","is_daily":false,"chose_seed":false,"campfire_upgraded":1,"win_rate":0.0,"timestamp":1608520838,"path_taken":["M","?","M","?","M","E","M","M","T","R","M","$","?","M","R","BOSS","M","?","?","$","M","E","?","M","T","?","$","?","M","M","R","BOSS"],"items_purchased_type":["Card"],"build_version":"2020-12-13","purchased_purges":3,"victory":false,"max_hp_per_floor":[80,80,80,74,74,74,74,74,74,74,74,74,74,74,74,74,74,74,74,74,74,74,74,74,74,74,74,74,74,74,74,74,74,74],"card_choices":[{"not_picked":["Blood for Blood","Headbutt"],"picked":"Run Through","floor":0.0},{"not_picked":["Pummel","Replay:Undeath\u0027s Touch"],"picked":"Headbutt","floor":1},{"not_picked":["Battle Trance","Body Slam+1"],"picked":"Run Through+1","floor":3},{"not_picked":["Warcry","Armaments"],"picked":"Iron Wave+1","floor":5},{"not_picked":["Absolvement","hubris:StunningStrike+1"],"picked":"Clash+1","floor":6},{"not_picked":["Wild Strike+1","Pummel+1"],"picked":"Shrug It Off","floor":7},{"not_picked":["Flex","Ghostly Armor","Clash+1"],"picked":"SKIP","floor":8},{"not_picked":["Flame Barrier","Disarm","Stack"],"picked":"Battle Trance","floor":11},{"not_picked":["Heavy Blade+1","Shrug It Off","Panic Button"],"picked":"Clothesline+1","floor":14},{"not_picked":["Eclipse","Berserk","Buffer"],"picked":"Bludgeon+1","floor":16},{"not_picked":["Warcry","Inflame","Power Through","Barrage"],"picked":"SKIP","floor":18},{"not_picked":["Wild Strike+1","Shrug It Off","Amplify"],"picked":"Carnage+1","floor":20},{"not_picked":["Inflame+1","Havoc","Clash+1","Time Bomb"],"picked":"SKIP","floor":22},{"not_picked":["Corruption","Wild Strike+1","Creative AI"],"picked":"Immolate+1","floor":23},{"not_picked":["conspire:ExplosiveBarrier+1","conspire:HitWhereItHurts+1","Leap"],"picked":"Rage+1","floor":24},{"not_picked":["Rage","True Grit","Fission"],"picked":"Headbutt+1","floor":25},{"not_picked":["Iron Wave+1","Twin Strike+1","Lockon"],"picked":"ReplayTheSpireMod:LeadingStrike+1","floor":27},{"not_picked":["True Grit+1","Crescendo","Gash"],"picked":"Iron Wave+1","floor":30},{"not_picked":["Replay:ManipulateFuture","Secret Technique","Turbo"],"picked":"CutThroughFate+1","floor":31}],"player_experience":74232,"relics_obtained":[{"floor":6,"key":"Gambling Chip"},{"floor":9,"key":"hubris:DisguiseKit"},{"floor":23,"key":"Happy Flower"},{"floor":26,"key":"halation:PrussianBluePaint"},{"floor":27,"key":"PrismaticShard"}],"event_choices":[{"damage_healed":0,"gold_gain":0,"player_choice":"Lose Max HP","damage_taken":0,"relics_obtained":["Golden Idol"],"max_hp_gain":0,"max_hp_loss":6,"event_name":"Golden Idol","floor":4,"gold_loss":0},{"damage_healed":0,"gold_gain":0,"player_choice":"Entered Light","damage_taken":15,"max_hp_gain":0,"max_hp_loss":0,"event_name":"Shining Light","floor":13,"gold_loss":0,"cards_upgraded":["Defend_R","Defend_R"]},{"damage_healed":0,"gold_gain":0,"player_choice":"Traded Relic","damage_taken":0,"relics_obtained":["Nloth\u0027s Gift"],"max_hp_gain":0,"max_hp_loss":0,"event_name":"N\u0027loth","floor":19,"relics_lost":["SacredBark"],"gold_loss":0},{"cards_removed":["Strike_R"],"damage_healed":0,"gold_gain":0,"player_choice":"Gave Gold","damage_taken":0,"max_hp_gain":0,"max_hp_loss":0,"event_name":"Beggar","floor":29,"gold_loss":75}],"is_beta":false,"boss_relics":[{"not_picked":["halation:SmartPhone","SlaversCollar"],"picked":"SacredBark"}],"items_purged_floors":[12,21,28],"is_endless":false,"potions_floor_spawned":[1,5,8,14,16,18,20,23],"killed_by":"hubris:MusketHawk","ascension_level":0}}