{"host":"zkqorkqsr6o67e8b","time":1608545166,"event":{"mods":["BaseMod","Better Vampires","Koishi","Minty Spire (QoL Compilation)","Quick Restart","StSLib","The Alterego","【功能Mod】精心准备","【遗物卡牌】REMEMod"],"gold_per_floor":[117,131,131,149,149,149,160,160,211,211,240,255,286,286,286,360,360,376,403,419,433,433,433,468,487,487,514,531,566,586,613,613,690,690,690,690],"floor_reached":35,"playtime":2331,"items_purged":[],"score":919,"play_id":"004ba755-ff26-4680-b433-9c49961663ec","local_time":"20201221180606","is_ascension_mode":true,"campfire_choices":[{"data":"alterego_mod:Table","floor":6.0,"key":"SMITH"},{"data":"alterego_mod:TrashNCrash","floor":8.0,"key":"SMITH"},{"data":"alterego_mod:BrynhildrsRune","floor":15.0,"key":"SMITH"},{"data":"alterego_mod:Birthday","floor":23.0,"key":"SMITH"},{"data":"alterego_mod:Cushion","floor":32,"key":"SMITH"}],"circlet_count":0,"master_deck":["AscendersBane","alterego_mod:Strike","alterego_mod:Strike","alterego_mod:Strike","alterego_mod:Strike","alterego_mod:Defend","alterego_mod:Defend","alterego_mod:Defend","alterego_mod:Defend","alterego_mod:Impale","alterego_mod:BrynhildrsRune+1","Judgement+1","Master of Strategy","alterego_mod:Table+1","alterego_mod:TrashNCrash+1","alterego_mod:Birthday+1","alterego_mod:BeGentle","Master of Strategy","alterego_mod:AlterEgo","alterego_mod:Cushion+1","alterego_mod:Cushion+1","alterego_mod:BrynhildrRomantia","CurseOfTheBell"],"relics":["alterego_mod:MasochisticConstitution","REME_ComplimentaryCards","Tiny Chest","Dream Catcher","Strawberry","Happy Flower","Runic Pyramid","TungstenRod","Question Card","Blue Candle","Toxic Egg 2","Art of War","Calling Bell","Toy Ornithopter","Eternal Feather","Turnip"],"acts_visited":["Exordium","TheCity","TheBeyond"],"potions_floor_usage":[],"damage_taken":[{"damage":4.0,"enemies":"Small Slimes","floor":1.0,"turns":3.0},{"damage":8.0,"enemies":"Cultist","floor":2.0,"turns":3.0},{"damage":2.0,"enemies":"2 Louse","floor":4.0,"turns":4.0},{"damage":2.0,"enemies":"2 Fungi Beasts","floor":7.0,"turns":4.0},{"damage":11.0,"enemies":"3 Sentries","floor":11.0,"turns":7.0},{"damage":14.0,"enemies":"Exordium Thugs","floor":12.0,"turns":6.0},{"damage":22.0,"enemies":"Lagavulin","floor":13.0,"turns":7.0},{"damage":25.0,"enemies":"The Guardian","floor":16.0,"turns":15.0},{"damage":31.0,"enemies":"Chosen","floor":18.0,"turns":4.0},{"damage":11.0,"enemies":"2 Thieves","floor":20.0,"turns":4.0},{"damage":19.0,"enemies":"Centurion and Healer","floor":21.0,"turns":8.0},{"damage":24.0,"enemies":"Slavers","floor":24.0,"turns":6.0},{"damage":5.0,"enemies":"Snecko","floor":25.0,"turns":10.0},{"damage":21.0,"enemies":"Gremlin Leader","floor":27.0,"turns":13.0},{"damage":18.0,"enemies":"Shelled Parasite and Fungi","floor":28.0,"turns":6.0},{"damage":14.0,"enemies":"REME_1_Revenger","floor":29.0,"turns":8.0},{"damage":4.0,"enemies":"Chosen and Byrds","floor":30.0,"turns":9.0},{"damage":3.0,"enemies":"Book of Stabbing","floor":31.0,"turns":7.0},{"damage":6,"enemies":"Collector","floor":33,"turns":13},{"damage":0,"enemies":"3 Darklings","floor":35,"turns":1}],"seed_played":"-1951637156342232942","potions_obtained":[{"floor":1.0,"key":"Swift Potion"},{"floor":4.0,"key":"Explosive Potion"},{"floor":11.0,"key":"SkillPotion"}],"is_trial":false,"path_per_floor":["M","M","?","M","?","R","M","R","T","?","E","M","E","?","R","B",null,"M","T","M","M","?","R","E","M","T","E","M","E","M","E","R","B",null,"M"],"character_chosen":"The_Alterego","items_purchased":[],"campfire_rested":0,"item_purchase_floors":[],"current_hp_per_floor":[60,53,53,59,59,59,63,63,63,52,70,72,58,51,51,36,65,44,44,43,41,41,41,35,41,41,66,66,63,70,71,71,85,85,85,85],"gold":690,"neow_bonus":"RANDOM_COLORLESS_2","is_daily":false,"chose_seed":false,"campfire_upgraded":5,"win_rate":0.0,"timestamp":1608545166,"path_taken":["M","M","?","?","?","R","M","R","T","?","E","?","E","?","R","BOSS","M","?","M","?","?","R","E","M","T","E","M","E","M","E","R","BOSS","M"],"items_purchased_type":[],"build_version":"2020-12-13","purchased_purges":0,"victory":false,"max_hp_per_floor":[60,61,61,62,62,62,63,63,63,63,71,72,73,73,73,74,74,75,75,76,77,77,77,78,79,79,80,81,82,83,84,84,85,85,85,85],"card_choices":[{"not_picked":["Thinking Ahead","Secret Technique"],"picked":"Master of Strategy","floor":0.0},{"not_picked":["alterego_mod:GoddessCore","alterego_mod:RocketPunch"],"picked":"alterego_mod:Table","floor":1.0},{"not_picked":["alterego_mod:SuperDuperMasochism","alterego_mod:Support","alterego_mod:Complex"],"picked":"SKIP","floor":2.0},{"not_picked":["alterego_mod:Rip","alterego_mod:Pet"],"picked":"alterego_mod:TrashNCrash","floor":4.0},{"not_picked":["alterego_mod:BoobPocket","alterego_mod:Rip","alterego_mod:Exercise"],"picked":"SKIP","floor":7.0},{"not_picked":["alterego_mod:Lingerie","alterego_mod:SakuraPetals"],"picked":"alterego_mod:Birthday","floor":11.0},{"not_picked":["alterego_mod:Lingerie","alterego_mod:Skirt"],"picked":"alterego_mod:BeGentle","floor":12.0},{"not_picked":["alterego_mod:BiFurious","alterego_mod:PresenceConcealment","alterego_mod:Bunnysuit"],"picked":"SKIP","floor":13.0},{"not_picked":["alterego_mod:PurpleHair+1","alterego_mod:DiscoLights","alterego_mod:PerceptionDisorder"],"picked":"SKIP","floor":18.0},{"not_picked":["alterego_mod:Belts","alterego_mod:BeGentle","alterego_mod:Punishment"],"picked":"SKIP","floor":20.0},{"not_picked":["alterego_mod:Undulate","alterego_mod:Collar","alterego_mod:Pet"],"picked":"SKIP","floor":21.0},{"not_picked":["alterego_mod:BreastValley","alterego_mod:SakuraPetals","alterego_mod:MagicResistance+1"],"picked":"SKIP","floor":24.0},{"not_picked":["alterego_mod:1TonWallop","alterego_mod:PresenceConcealment","alterego_mod:Lingerie"],"picked":"SKIP","floor":25.0},{"not_picked":["alterego_mod:Mirror","alterego_mod:Cooking","alterego_mod:Jiggle+1"],"picked":"alterego_mod:AlterEgo","floor":27.0},{"not_picked":["alterego_mod:Collar","alterego_mod:1TonWallop+1","alterego_mod:Bunnysuit"],"picked":"alterego_mod:Cushion","floor":28.0},{"not_picked":["alterego_mod:ChallengeComplete+1","alterego_mod:Smother","alterego_mod:Rip"],"picked":"alterego_mod:Cushion+1","floor":29.0},{"not_picked":["alterego_mod:Pet+1","alterego_mod:DeftHands","alterego_mod:GoddessCore","alterego_mod:PerceptionDisorder"],"picked":"SKIP","floor":30.0},{"not_picked":["alterego_mod:Schoolgirl+1","alterego_mod:Smother+1","alterego_mod:BeGentle+1","alterego_mod:DustData"],"picked":"SKIP","floor":31.0},{"not_picked":["alterego_mod:InsideBaseball","alterego_mod:VirginLaserPalladion","alterego_mod:IdEs+1"],"picked":"alterego_mod:BrynhildrRomantia","floor":33}],"player_experience":463356,"relics_obtained":[{"floor":9.0,"key":"Tiny Chest"},{"floor":11.0,"key":"Strawberry"},{"floor":13.0,"key":"Happy Flower"},{"floor":24.0,"key":"TungstenRod"},{"floor":26.0,"key":"Question Card"},{"floor":27.0,"key":"Blue Candle"},{"floor":29.0,"key":"Toxic Egg 2"},{"floor":31.0,"key":"Art of War"},{"floor":34,"key":"Toy Ornithopter"},{"floor":34,"key":"Eternal Feather"},{"floor":34,"key":"Turnip"}],"event_choices":[{"damage_healed":0.0,"max_hp_gain":0.0,"max_hp_loss":0.0,"gold_gain":0.0,"event_name":"Upgrade Shrine","player_choice":"Upgraded","floor":3.0,"gold_loss":0.0,"damage_taken":0.0,"cards_upgraded":["Judgement"]},{"damage_healed":0.0,"max_hp_gain":0.0,"max_hp_loss":0.0,"gold_gain":0.0,"event_name":"Scrap Ooze","player_choice":"Success","floor":10.0,"gold_loss":0.0,"damage_taken":11.0,"relics_obtained":["Dream Catcher"]},{"cards_removed":["alterego_mod:BigMeatyClaws"],"damage_healed":0.0,"max_hp_gain":0.0,"max_hp_loss":0.0,"gold_gain":0.0,"event_name":"Golden Wing","player_choice":"Card Removal","floor":14.0,"gold_loss":0.0,"damage_taken":7.0},{"damage_healed":0.0,"max_hp_gain":0.0,"max_hp_loss":0.0,"gold_gain":0.0,"event_name":"Duplicator","player_choice":"Copied","floor":22.0,"gold_loss":0.0,"damage_taken":0.0,"cards_obtained":["Master of Strategy"]}],"is_beta":false,"boss_relics":[{"not_picked":["Empty Cage","Pandora\u0027s Box"],"picked":"Runic Pyramid"},{"not_picked":["Snecko Eye","Fusion Hammer"],"picked":"Calling Bell"}],"items_purged_floors":[],"is_endless":false,"potions_floor_spawned":[1,4,11,12,13,20,24,25,28,30,33],"killed_by":"3 Darklings","ascension_level":20}}