{"host":"hc8xbdd8p6sd75vx","time":1608524052,"event":{"mods":["AchievementEnabler","AlwaysNeverKeys","BaseMod","Better Altar","Better Match","Better Sensory Stone","Better Skull","Better Third Choice","Colored Map","Hermit","Minty Spire (QoL Compilation)","Quick Restart","Shade Mod","Shop Mod","Spicy Shops","StSLib","The Servant 0.9.4"],"gold_per_floor":[362,637,655,234,247,272,7,24,98,98,116,116,116,135,135,255,255,255,255,255,273,35,35,46,46,123,123,148,159,187,187,187,290,290,304,356,578,7,7,7,25,52,52,52,65,75,101,111,111,111,111,111,6,37,37],"floor_reached":56,"playtime":2249,"items_purged":["Regret"],"score":1443,"play_id":"8b00d94c-eaa8-4289-9cf3-a66f0bd2a6d9","local_time":"20201220201412","is_ascension_mode":true,"campfire_choices":[{"floor":10,"key":"REST"},{"floor":13,"key":"REST"},{"data":"Poisoned Stab","floor":15,"key":"SMITH"},{"data":"Envenom","floor":23,"key":"SMITH"},{"data":"Bane","floor":25,"key":"SMITH"},{"data":"Caltrops","floor":27,"key":"SMITH"},{"data":"Dash","floor":32,"key":"SMITH"},{"data":"Noxious Fumes","floor":40,"key":"SMITH"},{"data":"Riddle With Holes","floor":44,"key":"SMITH"},{"data":"A Thousand Cuts","floor":49,"key":"SMITH"},{"data":"Adrenaline","floor":52,"key":"SMITH"}],"circlet_count":0,"master_deck":["Strike_G","Strike_G","Strike_G","Strike_G","Strike_G","Defend_G","Defend_G","Defend_G","Defend_G","Defend_G","Survivor","Neutralize","Poisoned Stab","Dagger Spray","Poisoned Stab+1","Caltrops+1","Deadly Poison","Poisoned Stab","Bane+1","Poisoned Stab","Corpse Explosion","Envenom+1","Dash+1","Sucker Punch","Backflip","Quick Slash+1","Adrenaline+1","Blade Dance+1","Blade Dance+1","Accuracy","Riddle With Holes+1","Noxious Fumes+1","Noxious Fumes","Caltrops","Deflect","Finisher+1","Infinite Blades+1","Slice+1","Backstab","A Thousand Cuts+1","Blur"],"relics":["Ring of the Snake","Membership Card","Eternal Feather","Ginger","The Specimen","Sling","Bronze Scales","Pantograph","Bloody Idol","SlaversCollar","Blood Vial","Cauldron","Lantern","The Courier","Red Mask","MealTicket","Centennial Puzzle","HoveringKite","Incense Burner","Orichalcum","Letter Opener","Lizard Tail","Vajra","Ancient Tea Set","Shuriken","Ice Cream","Kunai","Toy Ornithopter"],"acts_visited":["Exordium","TheCity","TheBeyond","TheEnding"],"potions_floor_usage":[5,7,14,14,18,13021,21,22,22,24,29,30,33,33,42,42,46,46,46,50,55],"damage_taken":[{"damage":4,"enemies":"Jaw Worm","floor":1,"turns":7},{"damage":2,"enemies":"Cultist","floor":3,"turns":4},{"damage":1,"enemies":"2 Louse","floor":5,"turns":2},{"damage":38,"enemies":"Lagavulin","floor":6,"turns":6},{"damage":3,"enemies":"Blue Slaver","floor":8,"turns":3},{"damage":16,"enemies":"Exordium Wildlife","floor":11,"turns":3},{"damage":0,"enemies":"Lots of Slimes","floor":14,"turns":1},{"damage":68,"enemies":"Slime Boss","floor":16,"turns":8},{"damage":0,"enemies":"2 Thieves","floor":18,"turns":1},{"damage":25,"enemies":"Spheric Guardian","floor":21,"turns":5},{"damage":8,"enemies":"3 Cultists","floor":24,"turns":4},{"damage":9,"enemies":"Masked Bandits","floor":28,"turns":2},{"damage":17,"enemies":"Snake Plant","floor":29,"turns":4},{"damage":6,"enemies":"Gremlin Leader","floor":30,"turns":4},{"damage":76,"enemies":"Champ","floor":33,"turns":10},{"damage":1,"enemies":"Orb Walker","floor":35,"turns":3},{"damage":31,"enemies":"2 Orb Walkers","floor":36,"turns":3},{"damage":9,"enemies":"3 Darklings","floor":41,"turns":3},{"damage":12,"enemies":"Giant Head","floor":42,"turns":6},{"damage":9,"enemies":"Sphere and 2 Shapes","floor":45,"turns":2},{"damage":10,"enemies":"Jaw Worm Horde","floor":46,"turns":3},{"damage":6,"enemies":"Nemesis","floor":47,"turns":3},{"damage":24,"enemies":"Maw","floor":48,"turns":6},{"damage":45,"enemies":"Donu and Deca","floor":50,"turns":5},{"damage":5,"enemies":"Shield and Spear","floor":54,"turns":3},{"damage":105,"enemies":"The Heart","floor":55,"turns":8}],"seed_played":"-7892438065151956752","potions_obtained":[{"floor":3,"key":"CunningPotion"},{"floor":6,"key":"CultistPotion"},{"floor":16,"key":"SmokeBomb"},{"floor":20,"key":"Dexterity Potion"},{"floor":22,"key":"Fruit Juice"},{"floor":22,"key":"Fruit Juice"},{"floor":22,"key":"Dexterity Potion"},{"floor":29,"key":"PowerPotion"},{"floor":30,"key":"SkillPotion"},{"floor":35,"key":"Dexterity Potion"},{"floor":45,"key":"Swift Potion"},{"floor":46,"key":"PowerPotion"},{"floor":48,"key":"SteroidPotion"}],"is_trial":false,"path_per_floor":["M","?","M","$","M","E","$","M","T","R","M","?","R","M","R","B",null,"M","?","?","M","$","R","M","R","T","R","?","M","E","?","R","B",null,"M","?","?","$","$","R","M","E","T","R","M","M","E","M","R","B",null,"R","$","E","B",null],"character_chosen":"THE_SILENT","items_purchased":["Membership Card","Poisoned Stab","Caltrops","Eternal Feather","The Specimen","Sling","Bane","Bronze Scales","PowerPotion","Fruit Juice","AttackPotion","Cauldron","PowerPotion","Sucker Punch","Backflip","Lantern","Orichalcum","Letter Opener","Lizard Tail","Vajra","AttackPotion","PowerPotion","Accuracy","Riddle With Holes","Noxious Fumes","Noxious Fumes","Caltrops","Deflect","Kunai"],"campfire_rested":2,"item_purchase_floors":[4,4,4,4,7,7,7,7,7,7,7,22,22,22,22,22,38,38,38,38,38,38,38,38,38,38,38,38,53],"current_hp_per_floor":[45,45,43,43,42,4,9,6,6,40,24,24,56,56,68,1,69,69,33,33,40,50,65,64,79,79,79,75,65,66,66,79,8,79,79,53,58,73,79,79,75,70,70,79,75,72,73,56,79,34,79,79,79,79,29],"gold":37,"neow_bonus":"TWO_FIFTY_GOLD","is_daily":false,"chose_seed":false,"campfire_upgraded":9,"win_rate":0.0,"timestamp":1608524052,"path_taken":["M","?","?","$","M","E","$","M","T","R","M","?","R","M","R","BOSS","M","?","?","?","$","R","M","R","T","R","?","M","E","?","R","BOSS","M","?","?","?","$","R","M","E","T","R","M","M","E","?","R","BOSS","R","$","E","BOSS"],"items_purchased_type":["Relic","Card","Card","Relic","Relic","Relic","Card","Relic","Potion","Potion","Potion","Relic","Potion","Card","Card","Relic","Relic","Relic","Relic","Relic","Potion","Potion","Card","Card","Card","Card","Card","Card","Relic"],"build_version":"2020-12-13","purchased_purges":1,"victory":true,"max_hp_per_floor":[70,70,70,70,70,70,75,75,75,75,75,69,69,69,69,69,69,69,69,69,69,79,79,79,79,79,79,79,79,79,79,79,79,79,79,79,79,79,79,79,79,79,79,79,79,79,79,79,79,79,79,79,79,79,79],"card_choices":[{"not_picked":["PiercingWail","Deflect"],"picked":"Poisoned Stab","floor":1},{"not_picked":["Dagger Throw","Prepared"],"picked":"Dagger Spray","floor":3},{"not_picked":["Acrobatics","Finisher"],"picked":"Deadly Poison","floor":5},{"not_picked":["Acrobatics","Skewer"],"picked":"Poisoned Stab","floor":6},{"not_picked":["Distraction","Acrobatics"],"picked":"Poisoned Stab","floor":8},{"not_picked":["PiercingWail","Flying Knee","Concentrate"],"picked":"SKIP","floor":11},{"not_picked":["Riddle With Holes","Flying Knee"],"picked":"Corpse Explosion","floor":14},{"not_picked":["Glass Knife","Tools of the Trade"],"picked":"Envenom","floor":16},{"not_picked":["Blade Dance","Deadly Poison+1"],"picked":"Dash","floor":21},{"not_picked":["Riddle With Holes","Calculated Gamble","Quick Slash"],"picked":"SKIP","floor":24},{"not_picked":["Underhanded Strike+1","Escape Plan"],"picked":"Quick Slash+1","floor":29},{"not_picked":["Acrobatics","Dagger Throw","PiercingWail"],"picked":"SKIP","floor":30},{"not_picked":["Storm of Steel","Corpse Explosion"],"picked":"Adrenaline","floor":33},{"not_picked":["Terror","Reflex"],"picked":"Blade Dance+1","floor":35},{"not_picked":["Poisoned Stab","Backflip"],"picked":"Blade Dance+1","floor":36},{"not_picked":["Distraction+1","Caltrops+1"],"picked":"Finisher+1","floor":41},{"not_picked":["Concentrate","Deadly Poison"],"picked":"Infinite Blades+1","floor":42},{"not_picked":["Bouncing Flask+1","PiercingWail"],"picked":"Slice+1","floor":45},{"not_picked":["Bane","Poisoned Stab+1"],"picked":"Backstab","floor":46},{"not_picked":["Poisoned Stab+1","Setup"],"picked":"A Thousand Cuts","floor":47},{"not_picked":["Prepared+1","Blade Dance+1"],"picked":"Blur","floor":48},{"not_picked":["Well Laid Plans","Bouncing Flask","Riddle With Holes+1"],"picked":"SKIP","floor":54}],"player_experience":224616,"relics_obtained":[{"floor":6,"key":"Ginger"},{"floor":9,"key":"Pantograph"},{"floor":26,"key":"The Courier"},{"floor":28,"key":"Red Mask"},{"floor":30,"key":"MealTicket"},{"floor":36,"key":"Incense Burner"},{"floor":42,"key":"Ancient Tea Set"},{"floor":43,"key":"Shuriken"},{"floor":47,"key":"Ice Cream"},{"floor":54,"key":"Toy Ornithopter"}],"event_choices":[{"damage_healed":0,"gold_gain":275,"player_choice":"Desecrate","damage_taken":0,"max_hp_gain":0,"max_hp_loss":0,"event_name":"Golden Shrine","floor":2,"gold_loss":0,"cards_obtained":["Regret"]},{"damage_healed":0,"gold_gain":0,"player_choice":"Lose Max HP","damage_taken":0,"relics_obtained":["Golden Idol"],"max_hp_gain":0,"max_hp_loss":6,"event_name":"Golden Idol","floor":12,"gold_loss":0},{"damage_healed":0,"gold_gain":0,"player_choice":" GoldIdol Vial Potion ","damage_taken":36,"relics_obtained":["Bloody Idol","Blood Vial"],"max_hp_gain":69,"max_hp_loss":33,"event_name":"betterAltar:BetterAltar","floor":19,"potions_obtained":["betterAltar:AltarPotion"],"relics_lost":["Golden Idol"],"gold_loss":0},{"damage_healed":0,"gold_gain":0,"player_choice":"Got Potions","damage_taken":0,"max_hp_gain":0,"max_hp_loss":0,"event_name":"Lab","floor":20,"gold_loss":0},{"damage_healed":0,"gold_gain":0,"player_choice":"Fought Bandits","damage_taken":0,"max_hp_gain":0,"max_hp_loss":0,"event_name":"Masked Bandits","floor":28,"gold_loss":0},{"damage_healed":0,"gold_gain":0,"player_choice":"Opened","damage_taken":0,"relics_obtained":["Centennial Puzzle"],"max_hp_gain":0,"max_hp_loss":0,"event_name":"The Mausoleum","floor":31,"gold_loss":0},{"damage_healed":0,"gold_gain":0,"player_choice":"Fight","damage_taken":0,"max_hp_gain":0,"max_hp_loss":0,"event_name":"Mysterious Sphere","floor":36,"gold_loss":0},{"damage_healed":0,"gold_gain":222,"player_choice":"Wore Mask","damage_taken":0,"max_hp_gain":0,"max_hp_loss":0,"event_name":"Tomb of Lord Red Mask","floor":37,"gold_loss":0}],"is_beta":false,"boss_relics":[{"not_picked":["Pandora\u0027s Box","Empty Cage"],"picked":"SlaversCollar"},{"not_picked":["Black Star","Philosopher\u0027s Stone"],"picked":"HoveringKite"}],"items_purged_floors":[4],"is_endless":false,"potions_floor_spawned":[3,6,16,24,29,30,35,45,46,48],"ascension_level":2}}