{"host":"h4zw6jwkrt9pzyby","time":1608536380,"event":{"mods":["BaseMod","Colored Map","Curses Come First","Downfall","Minty Spire (QoL Compilation)","StSLib","SuperFastMode"],"gold_per_floor":[99,128,145,157,157,157,157,157],"floor_reached":6,"playtime":297,"items_purged":[],"score":44,"play_id":"1e625c04-9d27-4485-8f6d-e154254ce258","local_time":"20201221093940","is_ascension_mode":false,"campfire_choices":[{"data":"Slimebound:CorrosiveSpit","floor":1.0,"key":"SMITH"}],"circlet_count":0,"master_deck":["Slimebound:Strike_Slimebound","Slimebound:Strike_Slimebound","Slimebound:Strike_Slimebound","Slimebound:Tackle","Slimebound:Defend_Slimebound","Slimebound:Defend_Slimebound","Slimebound:Defend_Slimebound","Slimebound:Defend_Slimebound","Slimebound:Split","Slimebound:CorrosiveSpit+1","Slimebound:MassFeed","Slimebound:FinishingTackle","Slimebound:AcidTongue"],"relics":["Slimebound:AbsorbEndCombat","Ginger","CeramicFish"],"acts_visited":["Exordium"],"potions_floor_usage":[6],"damage_taken":[{"damage":39.0,"enemies":"Lagavulin","floor":2.0,"turns":6.0},{"damage":14,"enemies":"Small Slimes","floor":3,"turns":3},{"damage":16,"enemies":"Jaw Worm","floor":4,"turns":3},{"damage":23,"enemies":"Gremlin Nob","floor":6,"turns":2}],"seed_played":"6568982164330462520","potions_obtained":[{"floor":2,"key":"Swift Potion"},{"floor":4,"key":"PowerPotion"}],"is_trial":false,"path_per_floor":["R","E","M","M","?","E"],"character_chosen":"SLIMEBOUND","items_purchased":[],"campfire_rested":0,"item_purchase_floors":[],"current_hp_per_floor":[66,37,32,22,15,0,0,0],"gold":157,"neow_bonus":"TEN_PERCENT_HP_BONUS","is_daily":false,"chose_seed":false,"campfire_upgraded":1,"win_rate":0.0,"timestamp":1608536380,"path_taken":["R","E","M","M","?","E"],"items_purchased_type":[],"build_version":"2020-12-13","purchased_purges":0,"victory":false,"max_hp_per_floor":[66,66,69,69,69,69,69,69],"card_choices":[{"not_picked":["Slimebound:RollThrough","Slimebound:PrepareCrush"],"picked":"Slimebound:MassFeed","floor":2},{"not_picked":["Slimebound:PressTheAttack","Slimebound:ComboTackle"],"picked":"Slimebound:FinishingTackle","floor":3},{"not_picked":["Slimebound:LevelUp","Slimebound:Grow"],"picked":"Slimebound:AcidTongue","floor":4}],"player_experience":209672,"relics_obtained":[{"floor":2,"key":"Ginger"}],"event_choices":[{"damage_healed":0,"gold_gain":0,"player_choice":"Success","damage_taken":7,"relics_obtained":["CeramicFish"],"max_hp_gain":0,"max_hp_loss":0,"event_name":"Scrap Ooze","floor":5,"gold_loss":0}],"is_beta":false,"boss_relics":[],"items_purged_floors":[],"is_endless":false,"potions_floor_spawned":[2,4],"killed_by":"Gremlin Nob","ascension_level":0}}