{"host":"irqpc5dtltfquxh7","time":1608546499,"event":{"mods":["2.2 Compatiblity","AchievementEnabler","Act Like it!","BaseMod","Better Third Choice","BetterRewards","CapriCore","Colored Map","Colored Powertips","Friendly Minions","Gensokyo","Highlight Path","Minty Spire (QoL Compilation)","Permanent Neow","Remilia??????","RumiaBox-????????","Shop Mod","Spicy Shops","StSLib","Unknown Chances","Waifu the Spire","Yuyuko"],"gold_per_floor":[113,126,141,119,137,213,213,227,251,251,111,111,111,139,139,139,139],"floor_reached":16,"playtime":1956,"items_purged":[],"score":112,"play_id":"bee1f77d-606a-42c4-948f-3899378611fc","local_time":"20201221162819","is_ascension_mode":false,"campfire_choices":[{"floor":7,"key":"REST"},{"data":"BloodySeventeenLaser","floor":10,"key":"SMITH"},{"floor":15,"key":"DIG"}],"circlet_count":0,"master_deck":["Strike_RM","Strike_RM","Strike_RM","Strike_RM","Defend_RM","Defend_RM","Defend_RM","Defend_RM","RedMoon","ScarletShoot","BloodySeventeenLaser+1","BloodyTrap","MastersStateliness","BloodyTrap","UnstableMagic","VampirishNight","ScarletDream","UnstableMagic","ScarletNetherworld","CharismaGuard"],"relics":["ScarletHat","Baka","ScarletHat","Regal Pillow","Centennial Puzzle","Shovel","Gensokyo:YoukaiFlower","Matryoshka","Toy Ornithopter"],"acts_visited":["Gensokyo:Gensokyo"],"potions_floor_usage":[6,14,16,16],"damage_taken":[{"damage":0,"enemies":"Gensokyo:3_Fairies","floor":1,"turns":4},{"damage":11,"enemies":"Gensokyo:Gryphon","floor":2,"turns":6},{"damage":2,"enemies":"Gensokyo:2_Kodama","floor":3,"turns":3},{"damage":15,"enemies":"Gensokyo:LivingMonolith","floor":4,"turns":4},{"damage":5,"enemies":"Gensokyo:Kitsune","floor":5,"turns":4},{"damage":18,"enemies":"Gensokyo:Mamizou","floor":6,"turns":10},{"damage":0,"enemies":"Gensokyo:2_Rabbits","floor":8,"turns":4},{"damage":12,"enemies":"Gensokyo:Cirno","floor":14,"turns":8},{"damage":0,"enemies":"Gensokyo:Reimu","floor":16,"turns":3}],"seed_played":"-5246888433915652820","potions_obtained":[{"floor":1,"key":"Energy Potion"},{"floor":5,"key":"Explosive Potion"},{"floor":8,"key":"LiquidBronze"},{"floor":14,"key":"DistilledChaos"}],"is_trial":false,"path_per_floor":["M","M","M","M","M","E","R","M","T","R","?","?","?","E","R","B"],"character_chosen":"REMILIA","items_purchased":[],"campfire_rested":1,"item_purchase_floors":[],"current_hp_per_floor":[75,66,65,56,52,37,74,75,75,75,75,75,75,72,72,75,75],"gold":139,"neow_bonus":"ONE_RANDOM_RARE_CARD","is_daily":false,"chose_seed":false,"campfire_upgraded":1,"win_rate":0.0,"timestamp":1608546499,"path_taken":["M","M","M","M","M","E","R","M","T","R","?","?","?","E","R","BOSS"],"items_purchased_type":[],"build_version":"2020-12-13","purchased_purges":0,"victory":false,"max_hp_per_floor":[75,75,75,75,75,75,75,75,75,75,75,75,75,75,75,75,75],"card_choices":[{"not_picked":["RedRainbow","BloodHunter"],"picked":"BloodyTrap","floor":1},{"not_picked":["ChainGang","UltimateOffering"],"picked":"MastersStateliness","floor":2},{"not_picked":["ScarletDevilSign","RedRainbow"],"picked":"BloodyTrap","floor":3},{"not_picked":["ScarletDevil","ChainGang"],"picked":"UnstableMagic","floor":4},{"not_picked":["FavorOfDestiny","RedRainbow"],"picked":"VampirishNight","floor":5},{"not_picked":["VampirishNight","DevilSight"],"picked":"HeartBreak","floor":6},{"not_picked":["CharismaGuard","BloodHunter"],"picked":"ScarletDream","floor":8},{"not_picked":["UnderTheZenith","RedMagic"],"picked":"UnstableMagic","floor":12},{"not_picked":["ScarletDevilSign","BombardNight"],"picked":"ScarletNetherworld","floor":12},{"not_picked":["ReincarnationDial","DiffusionOfMisfortune"],"picked":"CharismaGuard","floor":14}],"player_experience":403064,"relics_obtained":[{"floor":1,"key":"Baka"},{"floor":2,"key":"ScarletHat"},{"floor":6,"key":"Regal Pillow"},{"floor":9,"key":"Centennial Puzzle"},{"floor":14,"key":"Matryoshka"},{"floor":15,"key":"Toy Ornithopter"}],"event_choices":[],"is_beta":false,"boss_relics":[],"items_purged_floors":[],"is_endless":false,"potions_floor_spawned":[1,5,8,14],"killed_by":"Gensokyo:Reimu","ascension_level":0}}