{"host":"4kbqeuw4a1wt9r2z","time":1608587866,"event":{"mods":["Act Like it!","BaseMod","Downfall","GifTheSpireLib","Googly Eyes","Minty Spire (QoL Compilation)","StSLib"],"gold_per_floor":[99,99,99,99,99,117,169,119,146,146,174,174,190,220,230,230,230,230],"floor_reached":16,"playtime":590,"items_purged":[],"score":122,"play_id":"8f42bc14-649f-4440-bf29-f9becf209e2b","local_time":"20201222005746","is_ascension_mode":true,"campfire_choices":[{"data":"Slimebound:Split","floor":1,"key":"SMITH"},{"data":"Slimebound:Prepare","floor":8,"key":"SMITH"}],"circlet_count":0,"master_deck":["Slimebound:Strike_Slimebound","Slimebound:Strike_Slimebound","Slimebound:Strike_Slimebound","Slimebound:Tackle","Slimebound:Defend_Slimebound","Slimebound:Defend_Slimebound","Slimebound:Defend_Slimebound","Slimebound:Split+1","Slimebound:CorrosiveSpit","Slimebound:Grow","Slimebound:LeadByExample","Slimebound:GoopSpray","Slimebound:Prepare+1","Slimebound:LivingWall","Slimebound:SelfFormingGoo","Slimebound:Schlurp","Slimebound:LeechingTouch","Slimebound:Equalize"],"relics":["Slimebound:AbsorbEndCombat","downfall:HeartsMalice","Slimebound:GreedOozeRelic","Nunchaku","Ginger","Centennial Puzzle","Blood Vial"],"acts_visited":["Exordium"],"potions_floor_usage":[16,16,16,16,16,16],"damage_taken":[{"damage":0,"enemies":"Cultist","floor":2,"turns":1},{"damage":0,"enemies":"Jaw Worm","floor":4,"turns":1},{"damage":0,"enemies":"2 Louse","floor":5,"turns":1},{"damage":8,"enemies":"Large Slime","floor":6,"turns":4},{"damage":28,"enemies":"Lagavulin","floor":9,"turns":5},{"damage":26,"enemies":"3 Sentries","floor":11,"turns":8},{"damage":27,"enemies":"Exordium Wildlife","floor":13,"turns":3},{"damage":23,"enemies":"Lagavulin","floor":14,"turns":5},{"damage":0,"enemies":"3 Louse","floor":15,"turns":3},{"damage":34,"enemies":"downfall:Silent","floor":16,"turns":2}],"seed_played":"5921308884773132104","potions_obtained":[{"floor":6,"key":"Ancient Potion"},{"floor":9,"key":"Swift Potion"},{"floor":13,"key":"champ:CounterPotion"},{"floor":14,"key":"Strength Potion"},{"floor":15,"key":"EntropicBrew"}],"is_trial":false,"path_per_floor":["R","M","?","M","M","M","T","R","E","?","E","?","M","E","M","B"],"character_chosen":"SLIMEBOUND","items_purchased":[],"campfire_rested":0,"item_purchase_floors":[],"current_hp_per_floor":[60,60,60,60,60,60,60,60,44,44,34,39,24,17,25,0,0,0],"gold":230,"neow_bonus":"THREE_ENEMY_KILL","is_daily":false,"chose_seed":false,"campfire_upgraded":2,"win_rate":0.0,"timestamp":1608587866,"path_taken":["R","M","?","M","M","M","T","R","E","?","E","?","M","E","M","BOSS"],"items_purchased_type":[],"build_version":"2020-12-13","purchased_purges":0,"victory":false,"max_hp_per_floor":[60,60,60,60,60,60,60,60,60,60,60,65,65,65,65,65,65,65],"card_choices":[{"not_picked":["Slimebound:ForwardTackle","Slimebound:GrowthPunch"],"picked":"Slimebound:Grow","floor":2},{"not_picked":["Slimebound:GrowthPunch","Slimebound:SlimeSpikes"],"picked":"Slimebound:LeadByExample","floor":4},{"not_picked":["Slimebound:ComboTackle","Slimebound:ProtectTheBoss"],"picked":"Slimebound:GoopSpray","floor":5},{"not_picked":["Slimebound:ComboTackle","Slimebound:SlimeSpikes"],"picked":"Slimebound:Prepare","floor":6},{"not_picked":["Slimebound:GrowthPunch","Slimebound:SplitMire"],"picked":"Slimebound:LivingWall","floor":9},{"not_picked":["Slimebound:GoopSpray","Slimebound:TongueLash"],"picked":"Slimebound:SelfFormingGoo","floor":11},{"not_picked":["Slimebound:LeechingTouch","Slimebound:RollThrough"],"picked":"Slimebound:Schlurp","floor":13},{"not_picked":["Slimebound:SlimeSpikes","Slimebound:SplitMire"],"picked":"Slimebound:LeechingTouch","floor":14},{"not_picked":["Slimebound:MegaLick","Slimebound:FinishingTackle"],"picked":"Slimebound:Equalize","floor":15}],"player_experience":471773,"relics_obtained":[{"floor":7,"key":"Nunchaku"},{"floor":9,"key":"Ginger"},{"floor":11,"key":"Centennial Puzzle"},{"floor":14,"key":"Blood Vial"}],"event_choices":[{"cards_removed":["Slimebound:Defend_Slimebound"],"damage_healed":0,"gold_gain":0,"player_choice":"Card Removal","damage_taken":0,"max_hp_gain":0,"max_hp_loss":0,"event_name":"The Cleric","floor":10,"gold_loss":0},{"damage_healed":0,"gold_gain":0,"player_choice":"Donut","damage_taken":0,"max_hp_gain":5,"max_hp_loss":0,"event_name":"Big Fish","floor":12,"gold_loss":0}],"is_beta":false,"boss_relics":[],"items_purged_floors":[],"is_endless":false,"potions_floor_spawned":[6,9,13,14,15],"killed_by":"downfall:Silent","ascension_level":1}}