{"host":"ljavmhyz2e552xgo","time":1608509339,"event":{"mods":["BaseMod","Better Third Choice","Downfall","Friendly Minions","Minty Spire (QoL Compilation)","Permanent Neow","Spicy Shops","StSLib"],"gold_per_floor":[99,117,117,135,165,165,165,165,2,2,20,43,43,62,72,170,170,170],"floor_reached":17,"playtime":1395,"items_purged":["sneckomod:Strike"],"score":155,"play_id":"42a743dc-cd96-4a6a-8812-a5de4bb36ccc","local_time":"20201220180859","is_ascension_mode":false,"campfire_choices":[{"data":"sneckomod:SnekBite","floor":1.0,"key":"SMITH"},{"data":"sneckomod:SoulDraw","floor":6.0,"key":"SMITH"},{"floor":8.0,"key":"RECALL"},{"data":"sneckomod:TailWhip","floor":10.0,"key":"SMITH"}],"circlet_count":0,"master_deck":["sneckomod:Strike","sneckomod:Strike","sneckomod:Defend+1","sneckomod:Defend","sneckomod:Defend","sneckomod:TailWhip+1","sneckomod:SnekBite+1","sneckomod:Unknown","sneckomod:Unknown+1","expansioncontent:BronzeBeam","sneckomod:SoulDraw+1","sneckomod:SoulRoll","sneckomod:SerpentIdol","sneckomod:Unknown2Cost","sneckomod:Unknown2Cost","sneckomod:Rotation","sneckomod:UnknownUncommonPower","sneckomod:QuickMove","sneckomod:UnlimitedRolls"],"relics":["sneckomod:SneckoSoul","White Beast Statue","War Paint","Frozen Eye","Odd Mushroom","downfall:ShatteredFragment","Busted Crown"],"acts_visited":["Exordium","TheCity"],"potions_floor_usage":[12],"damage_taken":[{"damage":6.0,"enemies":"Jaw Worm","floor":2.0,"turns":3.0},{"damage":1.0,"enemies":"Cultist","floor":4.0,"turns":3.0},{"damage":9.0,"enemies":"Gremlin Nob","floor":5.0,"turns":4.0},{"damage":0.0,"enemies":"downfall:FleeingMerchant","floor":9.0,"turns":4.0},{"damage":0.0,"enemies":"Small Slimes","floor":11.0,"turns":3.0},{"damage":9,"enemies":"The Mushroom Lair","floor":12,"turns":4},{"damage":0,"enemies":"Blue Slaver","floor":14,"turns":2},{"damage":12,"enemies":"Large Slime","floor":15,"turns":4},{"damage":6,"enemies":"downfall:Watcher","floor":16,"turns":9}],"seed_played":"-4099304904042298620","potions_obtained":[{"floor":3.0,"key":"Explosive Potion"},{"floor":3.0,"key":"SneckoOil"},{"floor":3.0,"key":"Slimebound:ThreeZeroPotion"},{"floor":5.0,"key":"sneckomod:MuddlingPotion"},{"floor":9.0,"key":"Energy Potion"},{"floor":12,"key":"DuplicationPotion"}],"is_trial":false,"path_per_floor":["R","M","?","M","E","R","T","R","$","R","M","?","?","M","M","B",null],"character_chosen":"THE_SNECKO","items_purchased":["Frozen Eye"],"campfire_rested":0,"item_purchase_floors":[9],"current_hp_per_floor":[90,84,84,85,76,76,76,76,77,77,78,69,48,52,44,38,96,96],"gold":170,"neow_bonus":"RANDOM_COLORLESS","is_daily":false,"chose_seed":false,"campfire_upgraded":3,"win_rate":0.0,"timestamp":1608509339,"path_taken":["R","M","?","?","E","R","T","R","$","R","?","?","?","M","M","BOSS"],"items_purchased_type":["Relic"],"build_version":"2020-12-13","purchased_purges":1,"victory":false,"max_hp_per_floor":[90,90,90,90,90,90,90,90,91,91,92,92,92,96,96,96,96,96],"card_choices":[{"not_picked":["expansioncontent:ChargeUp","Mind Blast"],"picked":"expansioncontent:BronzeBeam","floor":0.0},{"not_picked":["sneckomod:UnknownCommonAttack","sneckomod:UnknownVulnerable"],"picked":"sneckomod:SoulDraw","floor":2.0},{"not_picked":["sneckomod:Nope","sneckomod:UnknownStrike"],"picked":"sneckomod:SoulRoll","floor":4.0},{"not_picked":["sneckomod:QuickBite","sneckomod:UnknownColorless"],"picked":"sneckomod:SerpentIdol","floor":5.0},{"not_picked":["sneckomod:Unknown0Cost","sneckomod:DiceCrush"],"picked":"sneckomod:Unknown2Cost","floor":9.0},{"not_picked":["sneckomod:MixItUp","sneckomod:UnknownClassGREEN"],"picked":"sneckomod:Unknown2Cost","floor":11.0},{"not_picked":["sneckomod:SoulRoll","sneckomod:UnknownEthereal"],"picked":"sneckomod:Rotation","floor":12},{"not_picked":["sneckomod:UnknownDexterity","sneckomod:MixItUp"],"picked":"sneckomod:UnknownUncommonPower","floor":14},{"not_picked":["sneckomod:QuickBite","sneckomod:UnknownWeak"],"picked":"sneckomod:QuickMove","floor":15},{"not_picked":["sneckomod:Restock","sneckomod:Cheat"],"picked":"sneckomod:UnlimitedRolls","floor":16}],"player_experience":1414208,"relics_obtained":[{"floor":5.0,"key":"White Beast Statue"},{"floor":7.0,"key":"War Paint"},{"floor":12,"key":"Odd Mushroom"}],"event_choices":[{"damage_healed":0.0,"max_hp_gain":0.0,"max_hp_loss":0.0,"gold_gain":0.0,"event_name":"Lab","player_choice":"Got Potions","floor":3.0,"gold_loss":0.0,"damage_taken":0.0},{"damage_healed":0,"gold_gain":0,"player_choice":"Fought Mushrooms","damage_taken":0,"max_hp_gain":0,"max_hp_loss":0,"event_name":"Mushrooms","floor":12,"gold_loss":0}],"is_beta":false,"boss_relics":[{"not_picked":["Cursed Key","SacredBark"],"picked":"Busted Crown"}],"items_purged_floors":[9],"is_endless":false,"potions_floor_spawned":[5,9,11,12,14,15,16],"ascension_level":0}}