{"host":"684z1xpuwaoqmmh1","time":1608552279,"event":{"mods":["BaseMod","Downfall","Hermit","Jorbs\u0027s Wanderer Trilogy","Marisa????????","Minty Spire (QoL Compilation)","StSLib","The Hierophant","The Mystic"],"gold_per_floor":[99,99,99,126,51,51,131,131,160,85,103,2,2,12,22,93,93,93,93,107,107,118,131,131,131,131,131],"floor_reached":25,"playtime":1026,"items_purged":[],"score":475,"play_id":"ad754a07-b72e-4b6a-ad92-5a81f3e70659","local_time":"20201221140439","is_ascension_mode":true,"campfire_choices":[{"floor":1.0,"key":"RECALL"},{"data":"hexamod:Float","floor":5.0,"key":"SMITH"},{"data":"hexamod:RetreatToShadows","floor":10,"key":"SMITH"},{"data":"hexamod:VolcanoVisage","floor":18,"key":"SMITH"},{"data":"hexamod:EmpoweredFlame","floor":21,"key":"SMITH"}],"circlet_count":0,"master_deck":["AscendersBane","hexamod:Strike+1","hexamod:Strike+1","hexamod:Strike+1","hexamod:Strike+1","hexamod:Defend+1","hexamod:Defend+1","hexamod:Defend+1","hexamod:Sear","hexamod:Float+1","hexamod:ThirdSeal","hexamod:GhostOfSpireFuture","hexamod:RetreatToShadows+1","hexamod:SoulSteal","hexamod:FastForward","hexamod:Hexaguard","hexamod:EmpoweredFlame+1","hexamod:VolcanoVisage+1","hexamod:FastForward","hexamod:SwordOfDarkness","hexamod:TimeWarp","hexamod:UnleashSpirits","hexamod:RadiantFlame","hexamod:StepThrough+1","hexamod:NightmareGuise","hexamod:Hexaguard","hexamod:HexaLevel"],"relics":["hexamod:SpiritBrand","downfall:HeartsMalice","Art of War","downfall:HeartBlessingRed","downfall:ShatteredFragment","Gambling Chip","downfall:HeartBlessingBlue","Question Card","Black Star","Ornamental Fan"],"acts_visited":["Exordium","TheCity"],"potions_floor_usage":[16,22,25],"damage_taken":[{"damage":0.0,"enemies":"Small Slimes","floor":3.0,"turns":1.0},{"damage":0.0,"enemies":"Gremlin Nob","floor":4.0,"turns":1.0},{"damage":0,"enemies":"Lagavulin","floor":9,"turns":1},{"damage":0,"enemies":"Cultist","floor":11,"turns":3},{"damage":0,"enemies":"downfall:FleeingMerchant","floor":12,"turns":4},{"damage":0,"enemies":"2 Louse","floor":14,"turns":3},{"damage":7,"enemies":"Blue Slaver","floor":15,"turns":3},{"damage":34,"enemies":"downfall:Defect","floor":16,"turns":6},{"damage":10,"enemies":"Spheric Guardian","floor":20,"turns":4},{"damage":16,"enemies":"Shelled Parasite and Fungi","floor":22,"turns":4},{"damage":4,"enemies":"Chosen and Byrds","floor":23,"turns":4},{"damage":27,"enemies":"Book of Stabbing","floor":25,"turns":5}],"seed_played":"-9146579264594293624","potions_obtained":[{"floor":9,"key":"SteroidPotion"},{"floor":15,"key":"Explosive Potion"},{"floor":16,"key":"Guardian:BlockOnCardUsePotion"},{"floor":20,"key":"DistilledChaos"}],"is_trial":false,"path_per_floor":["R","?","M","E","R","?","T","?","E","R","M","$","T","M","M","B",null,"R","?","M","R","M","M","T","E"],"character_chosen":"THE_SPIRIT","items_purchased":["hexamod:EmpoweredFlame"],"campfire_rested":0,"item_purchase_floors":[12],"current_hp_per_floor":[57,57,57,57,57,36,36,36,36,46,46,46,46,46,39,5,56,56,56,46,46,30,26,26,0,0,0],"gold":131,"neow_bonus":"THREE_ENEMY_KILL","is_daily":false,"chose_seed":false,"campfire_upgraded":4,"win_rate":0.0,"timestamp":1608552279,"path_taken":["R","?","?","E","R","?","T","?","E","R","M","?","?","M","M","BOSS","R","?","M","R","M","M","T","E"],"items_purchased_type":["Card"],"build_version":"2020-12-13","purchased_purges":0,"victory":false,"max_hp_per_floor":[63,63,63,63,63,63,63,63,63,73,73,73,73,73,73,73,73,73,73,73,73,73,73,73,73,73,73],"card_choices":[{"not_picked":["hexamod:ShieldOfDarkness","hexamod:Hexaguard"],"picked":"hexamod:ThirdSeal","floor":3.0},{"not_picked":["hexamod:Firestarter","hexamod:SuperheatedStrike"],"picked":"hexamod:GhostOfSpireFuture","floor":4.0},{"not_picked":["hexamod:RainOfEmbers","hexamod:NightmareStrike"],"picked":"hexamod:RetreatToShadows","floor":9},{"not_picked":["hexamod:HeatMetal","hexamod:BurningTouch"],"picked":"hexamod:SoulSteal","floor":11},{"not_picked":["hexamod:PhantomFireball","hexamod:Rewind","hexamod:GhostLash"],"picked":"SKIP","floor":11},{"not_picked":["hexamod:NightmareStrike","hexamod:GhostOfSpirePresent"],"picked":"hexamod:FastForward","floor":12},{"not_picked":["hexamod:RetreatToShadows","hexamod:SoulSteal"],"picked":"hexamod:Hexaguard","floor":12},{"not_picked":["hexamod:GhostLash","hexamod:FlamesFromBeyond","hexamod:SwordOfDarkness"],"picked":"hexamod:VolcanoVisage","floor":14},{"not_picked":["hexamod:RecurringNightmare","hexamod:SuperheatedStrike","hexamod:PowerFromBeyond"],"picked":"hexamod:FastForward","floor":14},{"not_picked":["hexamod:SpectersWail","hexamod:ThermalTransfer","hexamod:BacktrackSmack"],"picked":"hexamod:SwordOfDarkness","floor":15},{"not_picked":["hexamod:PowerFromBeyond","hexamod:BurningTouch","hexamod:DynamicBlow","hexamod:NecessarySacrifice"],"picked":"SKIP","floor":15},{"not_picked":["hexamod:SearingWound","hexamod:UnleashSpirits","hexamod:VolcanoVisage"],"picked":"hexamod:TimeWarp","floor":16},{"not_picked":["hexamod:CrushingStance","hexamod:GiftsFromTheDead","hexamod:GhostflameInferno"],"picked":"hexamod:UnleashSpirits","floor":16},{"not_picked":["hexamod:InspiringFlames+1","hexamod:ChargedBarrage","hexamod:NecessarySacrifice"],"picked":"hexamod:RadiantFlame","floor":20},{"not_picked":["hexamod:Rewind","hexamod:SpectralAdrenaline","hexamod:NightmareStrike"],"picked":"hexamod:StepThrough+1","floor":20},{"not_picked":["hexamod:ThermalTransfer","hexamod:GhostLash","hexamod:SoulSteal"],"picked":"hexamod:NightmareGuise","floor":22},{"not_picked":["hexamod:SpectersWail","hexamod:ThermalTransfer","hexamod:SwordOfDarkness+1","hexamod:ThirdSeal"],"picked":"SKIP","floor":22},{"not_picked":["hexamod:SkipABeat","hexamod:ThermalTransfer","hexamod:GhostOfSpirePresent+1"],"picked":"hexamod:Hexaguard","floor":23},{"not_picked":["hexamod:RecurringNightmare","hexamod:BurningTouch","hexamod:GhostflameBarrier"],"picked":"hexamod:HexaLevel","floor":23}],"player_experience":2359449,"relics_obtained":[{"floor":4.0,"key":"Art of War"},{"floor":9,"key":"Gambling Chip"},{"floor":13,"key":"Question Card"},{"floor":24,"key":"Ornamental Fan"}],"event_choices":[{"cards_removed":["hexamod:Defend"],"damage_healed":0.0,"max_hp_gain":0.0,"max_hp_loss":0.0,"gold_gain":0.0,"event_name":"Bonfire Elementals","player_choice":"Offered Basic","floor":2.0,"gold_loss":0.0,"damage_taken":0.0},{"damage_healed":0,"gold_gain":0,"player_choice":"Fled","damage_taken":0,"max_hp_gain":0,"max_hp_loss":0,"event_name":"Scrap Ooze","floor":8,"gold_loss":0},{"damage_healed":0,"gold_gain":0,"player_choice":"Simplicity","damage_taken":0,"max_hp_gain":0,"max_hp_loss":0,"event_name":"Back to Basics","floor":19,"gold_loss":0,"cards_upgraded":["hexamod:Strike","hexamod:Strike","hexamod:Strike","hexamod:Strike","hexamod:Defend","hexamod:Defend","hexamod:Defend"]}],"is_beta":false,"boss_relics":[{"not_picked":["Runic Dome","Empty Cage"],"picked":"Black Star"}],"items_purged_floors":[],"is_endless":false,"potions_floor_spawned":[9,15,16,20],"killed_by":"Book of Stabbing","ascension_level":17}}