{"host":"5jn3rki867005t18","time":1608529794,"event":{"mods":["AchievementEnabler","BaseMod","Colored Map","Minty Spire (QoL Compilation)","Rare Cards Sparkle","StSLib","SuperFastMode"],"gold_per_floor":[116,126,137,155,165,165,177,206,206,206,216,231,231,196,196,298,298,314,334,344,359,373,373,373,405,405,269,269,269],"floor_reached":28,"playtime":1092,"items_purged":[],"score":246,"play_id":"2162fdcb-57b7-4d7c-ae6d-f17cba93776d","local_time":"20201221144954","is_ascension_mode":false,"campfire_choices":[{"data":"Seeing Red","floor":6,"key":"SMITH"},{"data":"Cleave","floor":10,"key":"SMITH"},{"floor":13,"key":"REST"},{"data":"Fiend Fire","floor":15,"key":"SMITH"},{"floor":23,"key":"REST"}],"circlet_count":0,"master_deck":["Strike_R","Strike_R","Strike_R","Strike_R","Strike_R","Defend_R","Defend_R","Defend_R","Defend_R","Bash+1","Rage","Reckless Charge","Cleave+1","Seeing Red+1","Rampage","Spot Weakness","Fiend Fire+1","Evolve","Inflame","Feed","Twin Strike","Rage","Heavy Blade+1","Perfected Strike+1","Immolate","Barricade","Discovery"],"relics":["Burning Blood","CaptainsWheel","Ornamental Fan","Runic Pyramid","Paper Frog","Lantern"],"acts_visited":["Exordium","TheCity"],"potions_floor_usage":[8,16,16,25,28],"damage_taken":[{"damage":11,"enemies":"Jaw Worm","floor":1,"turns":4},{"damage":0,"enemies":"Small Slimes","floor":2,"turns":4},{"damage":0,"enemies":"2 Louse","floor":3,"turns":2},{"damage":15,"enemies":"2 Fungi Beasts","floor":4,"turns":4},{"damage":8,"enemies":"Exordium Wildlife","floor":5,"turns":4},{"damage":22,"enemies":"Exordium Thugs","floor":7,"turns":4},{"damage":22,"enemies":"Gremlin Nob","floor":8,"turns":4},{"damage":5,"enemies":"2 Fungi Beasts","floor":11,"turns":3},{"damage":13,"enemies":"3 Louse","floor":12,"turns":3},{"damage":74,"enemies":"The Guardian","floor":16,"turns":9},{"damage":5,"enemies":"Spheric Guardian","floor":18,"turns":3},{"damage":13,"enemies":"Shell Parasite","floor":19,"turns":4},{"damage":44,"enemies":"3 Cultists","floor":20,"turns":6},{"damage":8,"enemies":"Snake Plant","floor":21,"turns":4},{"damage":29,"enemies":"Centurion and Healer","floor":22,"turns":5},{"damage":54,"enemies":"Book of Stabbing","floor":25,"turns":6},{"damage":12,"enemies":"Shelled Parasite and Fungi","floor":28,"turns":1}],"seed_played":"-4296577883423813822","potions_obtained":[{"floor":3,"key":"CultistPotion"},{"floor":5,"key":"Dexterity Potion"},{"floor":8,"key":"DistilledChaos"},{"floor":11,"key":"Regen Potion"},{"floor":20,"key":"Strength Potion"}],"is_trial":false,"path_per_floor":["M","M","M","M","M","R","M","E","T","R","M","M","R","?","R","B",null,"M","M","M","M","M","R","?","E","T","$","M"],"character_chosen":"IRONCLAD","items_purchased":["Discovery","Dexterity Potion"],"campfire_rested":2,"item_purchase_floors":[27,27],"current_hp_per_floor":[75,80,80,71,69,69,53,37,37,37,38,31,55,75,75,22,80,80,73,35,33,10,34,60,12,12,12,0,0],"gold":269,"neow_bonus":"UPGRADE_CARD","is_daily":false,"chose_seed":false,"campfire_upgraded":3,"win_rate":0.0,"timestamp":1608529794,"path_taken":["M","M","M","M","M","R","M","E","T","R","M","M","R","?","R","BOSS","M","M","M","M","M","R","?","E","T","$","M"],"items_purchased_type":["Card","Potion"],"build_version":"2020-12-13","purchased_purges":0,"victory":false,"max_hp_per_floor":[80,80,80,80,80,80,80,80,80,80,80,80,80,80,80,80,80,80,80,80,80,80,80,80,80,80,80,80,80],"card_choices":[{"not_picked":["Armaments","True Grit"],"picked":"Rage","floor":1},{"not_picked":["Iron Wave","Rupture"],"picked":"Reckless Charge","floor":2},{"not_picked":["Blood for Blood","Shrug It Off"],"picked":"Cleave","floor":3},{"not_picked":["Headbutt","Flex"],"picked":"Seeing Red","floor":4},{"not_picked":["Pommel Strike","Twin Strike"],"picked":"Rampage","floor":5},{"not_picked":["Twin Strike","Headbutt"],"picked":"Spot Weakness","floor":7},{"not_picked":["Pommel Strike","Thunderclap"],"picked":"Fiend Fire","floor":8},{"not_picked":["Headbutt","Wild Strike"],"picked":"Evolve","floor":11},{"not_picked":["Evolve","Whirlwind"],"picked":"Inflame","floor":12},{"not_picked":["Offering","Brutality"],"picked":"Feed","floor":16},{"not_picked":["Sever Soul","Headbutt"],"picked":"Twin Strike","floor":18},{"not_picked":["Iron Wave","Clash"],"picked":"Rage","floor":19},{"not_picked":["Twin Strike+1","Shockwave"],"picked":"Heavy Blade+1","floor":20},{"not_picked":["Inflame","Heavy Blade"],"picked":"Perfected Strike+1","floor":21},{"not_picked":["Heavy Blade","Headbutt"],"picked":"Immolate","floor":22},{"not_picked":["Infernal Blade","Thunderclap"],"picked":"Barricade","floor":25}],"player_experience":26829,"relics_obtained":[{"floor":8,"key":"CaptainsWheel"},{"floor":9,"key":"Ornamental Fan"},{"floor":25,"key":"Paper Frog"},{"floor":26,"key":"Lantern"}],"event_choices":[{"damage_healed":20,"gold_gain":0,"player_choice":"Healed","damage_taken":0,"max_hp_gain":0,"max_hp_loss":0,"event_name":"The Cleric","floor":14,"gold_loss":35},{"damage_healed":26,"gold_gain":0,"player_choice":"Heal","damage_taken":0,"max_hp_gain":0,"max_hp_loss":0,"event_name":"The Library","floor":24,"gold_loss":0}],"is_beta":false,"boss_relics":[{"not_picked":["SacredBark","Astrolabe"],"picked":"Runic Pyramid"}],"items_purged_floors":[],"is_endless":false,"potions_floor_spawned":[3,5,8,11,20],"killed_by":"Shelled Parasite and Fungi","ascension_level":0}}