{"host":"j1qceugmsvfpp1ru","time":1608553549,"event":{"mods":["2.2 Compatiblity","AchievementEnabler","Act Like it!","BaseMod","Better Altar","Better Third Choice","Block Reminder","Colored Map","Conspire","Downfall","Elementarium","Highlight Path","Hubris","Infinite Spire","Marked Mod","Menagerie","Minty Spire (QoL Compilation)","Replay The Spire","Retaliation","Shade Mod","Spicy Shops","StSLib","The Animator","Waifu the Spire"],"gold_per_floor":[549,564,564,574,593,621,621,621,621,621],"floor_reached":8,"playtime":931,"items_purged":[],"score":56,"play_id":"b445bf96-92aa-4262-bb84-6ec4e54709ee","local_time":"20201221212549","is_ascension_mode":false,"campfire_choices":[],"circlet_count":0,"master_deck":["champ:Strike+1","champ:Strike+1","champ:Strike+1","champ:Strike+1","champ:Defend","champ:Defend","champ:Defend","champ:Defend","champ:Execute","champ:Taunt","Slimebound:Icky","Slimebound:Icky","Slimebound:Icky","champ:BerserkerStyle","champ:BerserkersShout","champ:SkillfulDodge","champ:IronFortress"],"relics":["champ:ChampionCrown","Replay:Baseball","Replay:Bottled Eggs"],"acts_visited":["Exordium"],"potions_floor_usage":[6,8],"damage_taken":[{"damage":19,"enemies":"2 Louse","floor":2,"turns":3},{"damage":16,"enemies":"Jaw Worm","floor":4,"turns":5},{"damage":18,"enemies":"Small Slimes","floor":5,"turns":4},{"damage":59,"enemies":"Lagavulin","floor":6,"turns":8},{"damage":65,"enemies":"Gremlin Nob","floor":8,"turns":4}],"seed_played":"-4274034854447592504","potions_obtained":[{"floor":2,"key":"FearPotion"},{"floor":5,"key":"SteroidPotion"}],"is_trial":false,"path_per_floor":["R_BF","M","?","M","M","E","T","E"],"character_chosen":"THE_CHAMP","items_purchased":[],"campfire_rested":0,"item_purchase_floors":[],"current_hp_per_floor":[99,85,85,74,69,40,40,0,0,0],"gold":621,"neow_bonus":"TEN_PERCENT_HP_BONUS","is_daily":false,"chose_seed":false,"campfire_upgraded":0,"win_rate":0.0,"timestamp":1608553549,"path_taken":["R_BF","M","?","M","M","E","T","E"],"items_purchased_type":[],"build_version":"2020-12-13","purchased_purges":0,"victory":false,"max_hp_per_floor":[99,99,99,99,99,99,99,99,99,99],"card_choices":[{"not_picked":["champ:AdrenalArmor","champ:CrookedStrike"],"picked":"champ:BerserkerStyle","floor":2},{"not_picked":["champ:GladiatorsShout","champ:FalseCounter"],"picked":"champ:BerserkersShout","floor":4},{"not_picked":["champ:BerserkerStyle","champ:GladiatorStyle"],"picked":"champ:SkillfulDodge","floor":5},{"not_picked":["champ:FocusedBerserking","champ:Haymaker"],"picked":"champ:IronFortress","floor":6}],"player_experience":390129,"relics_obtained":[{"floor":6,"key":"Replay:Baseball"},{"floor":7,"key":"Replay:Bottled Eggs"}],"event_choices":[],"is_beta":false,"boss_relics":[],"items_purged_floors":[],"is_endless":false,"potions_floor_spawned":[2,5],"killed_by":"Gremlin Nob","ascension_level":0}}