{"host":"6jcxerjfmuawfds2","time":1608542574,"event":{"mods":["BaseMod","Colored Map","Lobotomy","Minty Spire (QoL Compilation)","StSLib"],"gold_per_floor":[118,118,132,132,7,41,52,67,67,67,142,142,142],"floor_reached":12,"playtime":306,"items_purged":["Strike_R"],"score":78,"play_id":"4982204e-08ea-4161-b122-40cd9a86f247","local_time":"20201221182254","is_ascension_mode":false,"campfire_choices":[{"data":"Heavy Blade","floor":10,"key":"SMITH"}],"circlet_count":0,"master_deck":["Strike_R","Strike_R","Strike_R","Strike_R","Defend_R","Defend_R","Defend_R","Defend_R","Bash","Wellcheers","Heavy Blade+1","BeautyBeast","Flex","Laetitia","WallGazer","FairyFestival","Flex"],"relics":["Burning Blood","CogitoBucket","Orichalcum","Strawberry"],"acts_visited":["Exordium"],"potions_floor_usage":[],"damage_taken":[{"damage":0,"enemies":"Small Slimes","floor":1,"turns":3},{"damage":10,"enemies":"Jaw Worm","floor":3,"turns":4},{"damage":75,"enemies":"Lagavulin","floor":6,"turns":15},{"damage":0,"enemies":"Cultist","floor":7,"turns":2},{"damage":10,"enemies":"Looter","floor":8,"turns":3},{"damage":15,"enemies":"3 Sentries","floor":12,"turns":2}],"seed_played":"-6590099948451907059","potions_obtained":[],"is_trial":false,"path_per_floor":["M","?","M","?","$","E","M","M","T","R","?","E"],"character_chosen":"IRONCLAD","items_purchased":["Flex"],"campfire_rested":0,"item_purchase_floors":[5],"current_hp_per_floor":[80,85,81,85,85,16,22,18,25,25,14,0,0],"gold":142,"neow_bonus":"","is_daily":false,"chose_seed":false,"campfire_upgraded":1,"win_rate":0.0,"timestamp":1608542574,"path_taken":["M","?","M","?","$","E","?","M","T","R","?","E"],"items_purchased_type":["Card"],"build_version":"2020-12-13","purchased_purges":1,"victory":false,"max_hp_per_floor":[80,85,85,85,85,85,85,85,92,92,92,92,92],"card_choices":[{"not_picked":["WhitesApple","Freischutz"],"picked":"Wellcheers","floor":1},{"not_picked":["Burning Pact","Shrug It Off"],"picked":"Heavy Blade","floor":1},{"not_picked":["SingingMachine","CrumblingArmor"],"picked":"BeautyBeast","floor":3},{"not_picked":["Hemokinesis","Cleave","Offering"],"picked":"SKIP","floor":3},{"not_picked":["Hemokinesis","Cleave","Offering"],"picked":"SKIP","floor":3},{"not_picked":["LittlePrince","NakedNest"],"picked":"Laetitia","floor":6},{"not_picked":["Infernal Blade","Clash","Feel No Pain"],"picked":"SKIP","floor":6},{"not_picked":["CrumblingArmor","OSAHOGD"],"picked":"WallGazer","floor":7},{"not_picked":["Armaments","Impervious","Wild Strike"],"picked":"SKIP","floor":7},{"not_picked":["Scorched","PunishingBird"],"picked":"FairyFestival","floor":8},{"not_picked":["Clash","Thunderclap"],"picked":"Flex","floor":8}],"player_experience":175197,"relics_obtained":[{"floor":6,"key":"Orichalcum"},{"floor":9,"key":"Strawberry"}],"event_choices":[{"damage_healed":0,"gold_gain":0,"player_choice":"Donut","damage_taken":0,"max_hp_gain":5,"max_hp_loss":0,"event_name":"Big Fish","floor":2,"gold_loss":0},{"damage_healed":4,"gold_gain":0,"player_choice":"Full Heal","damage_taken":0,"max_hp_gain":0,"max_hp_loss":0,"event_name":"Wheel of Change","floor":4,"gold_loss":0},{"damage_healed":0,"gold_gain":75,"player_choice":"Gather Gold","damage_taken":11,"max_hp_gain":0,"max_hp_loss":0,"event_name":"World of Goop","floor":11,"gold_loss":0}],"is_beta":false,"boss_relics":[],"items_purged_floors":[5],"is_endless":false,"potions_floor_spawned":[],"killed_by":"3 Sentries","ascension_level":0}}