{"host":"61pxv8qo5t6mwz68","time":1608516112,"event":{"mods":["BaseMod","Block Reminder","Colored Map","Highlight Path","Minty Spire (QoL Compilation)","Permanent Neow"],"gold_per_floor":[116,116,131,64,64,98,98,124,124,124,140,140,61,76,76,177,177,195,113,129,148,161,161,188,188,270,288,213,247,261,280,280,280,280],"floor_reached":33,"playtime":1528,"items_purged":[],"score":363,"play_id":"701d5298-85e3-4734-b233-6b19488aaaf0","local_time":"20201220210152","is_ascension_mode":true,"campfire_choices":[{"data":"Combust","floor":7,"key":"SMITH"},{"floor":10,"key":"REST"},{"data":"Evolve","floor":15,"key":"SMITH"},{"data":"Bludgeon","floor":23,"key":"SMITH"},{"floor":25,"key":"REST"},{"data":"Reaper","floor":32,"key":"SMITH"}],"circlet_count":0,"master_deck":["Strike_R","Strike_R","Strike_R","Strike_R","Strike_R","Defend_R","Defend_R","Defend_R","Bash","Flex","Flame Barrier","Evolve+1","Battle Trance","Combust+1","Anger","Anger","Perfected Strike","Headbutt","Bludgeon+1","Bloodletting","Dark Shackles","Battle Trance","Perfected Strike","Infernal Blade","Reaper+1","Anger","Rupture","Anger"],"relics":["Burning Blood","Mercury Hourglass","MealTicket","Bronze Scales","Sozu","Bag of Preparation","HornCleat","Blood Vial"],"acts_visited":["Exordium","TheCity"],"potions_floor_usage":[33],"damage_taken":[{"damage":0,"enemies":"2 Louse","floor":1,"turns":3},{"damage":7,"enemies":"Jaw Worm","floor":3,"turns":3},{"damage":36,"enemies":"3 Sentries","floor":6,"turns":5},{"damage":27,"enemies":"Lagavulin","floor":8,"turns":6},{"damage":1,"enemies":"Cultist","floor":11,"turns":3},{"damage":5,"enemies":"Looter","floor":14,"turns":2},{"damage":12,"enemies":"Slime Boss","floor":16,"turns":7},{"damage":15,"enemies":"2 Thieves","floor":18,"turns":2},{"damage":16,"enemies":"Spheric Guardian","floor":20,"turns":4},{"damage":22,"enemies":"Snake Plant","floor":21,"turns":3},{"damage":13,"enemies":"Centurion and Healer","floor":22,"turns":5},{"damage":43,"enemies":"Slavers","floor":24,"turns":4},{"damage":0,"enemies":"Snecko","floor":27,"turns":3},{"damage":3,"enemies":"Gremlin Leader","floor":29,"turns":5},{"damage":18,"enemies":"Shelled Parasite and Fungi","floor":30,"turns":4},{"damage":10,"enemies":"Snake Plant","floor":31,"turns":3},{"damage":94,"enemies":"Automaton","floor":33,"turns":6}],"seed_played":"6642841453636025141","potions_obtained":[{"floor":3,"key":"SteroidPotion"},{"floor":8,"key":"Ancient Potion"}],"is_trial":false,"path_per_floor":["M","?","M","$","?","E","R","E","T","R","M","?","$","M","R","B",null,"M","$","M","M","M","R","E","R","T","M","?","E","M","M","R","B"],"character_chosen":"IRONCLAD","items_purchased":["Battle Trance","Perfected Strike","Armaments","Dark Shackles"],"campfire_rested":2,"item_purchase_floors":[4,13,13,19],"current_hp_per_floor":[80,80,79,79,79,49,49,28,28,52,57,57,72,73,73,67,80,71,80,70,54,47,47,10,34,34,46,46,53,43,45,45,0,0],"gold":280,"neow_bonus":"THREE_CARDS","is_daily":false,"chose_seed":false,"campfire_upgraded":4,"win_rate":0.0,"timestamp":1608516112,"path_taken":["M","?","M","$","?","E","R","E","T","R","?","?","?","M","R","BOSS","M","$","M","M","M","R","E","R","T","M","?","E","M","M","R","BOSS"],"items_purchased_type":["Card","Card","Card","Card"],"build_version":"2020-12-13","purchased_purges":0,"victory":false,"max_hp_per_floor":[80,80,80,80,80,80,80,80,80,80,80,80,80,80,80,80,80,80,80,80,80,80,80,80,80,80,80,80,80,80,80,80,80,80],"card_choices":[{"not_picked":["True Grit","Body Slam"],"picked":"Flex","floor":0},{"not_picked":["Searing Blow","Blood for Blood"],"picked":"Thunderclap","floor":1},{"not_picked":["Body Slam","Iron Wave"],"picked":"Evolve","floor":3},{"not_picked":["Body Slam","Pummel"],"picked":"Cleave","floor":6},{"not_picked":["Iron Wave","Blood for Blood"],"picked":"Anger","floor":8},{"not_picked":["Twin Strike","Havoc"],"picked":"Anger","floor":11},{"not_picked":["Sword Boomerang","Shrug It Off"],"picked":"Headbutt","floor":14},{"not_picked":["Barricade","Juggernaut"],"picked":"Bludgeon","floor":16},{"not_picked":["Dual Wield+1","Uppercut"],"picked":"Bloodletting","floor":18},{"not_picked":["Body Slam+1","Havoc"],"picked":"Battle Trance","floor":20},{"not_picked":["Clothesline","Clash"],"picked":"Perfected Strike","floor":21},{"not_picked":["Twin Strike+1","Shrug It Off+1"],"picked":"Infernal Blade","floor":22},{"not_picked":["Searing Blow","Uppercut+1"],"picked":"Reaper","floor":24},{"not_picked":["Dark Embrace+1","Carnage"],"picked":"Anger","floor":27},{"not_picked":["Havoc+1","Evolve"],"picked":"Rupture","floor":29},{"not_picked":["Pommel Strike","Armaments","Havoc"],"picked":"SKIP","floor":30},{"not_picked":["Wild Strike","Armaments+1"],"picked":"Anger","floor":31}],"player_experience":30845,"relics_obtained":[{"floor":6,"key":"Mercury Hourglass"},{"floor":8,"key":"MealTicket"},{"floor":9,"key":"Bronze Scales"},{"floor":24,"key":"Bag of Preparation"},{"floor":26,"key":"HornCleat"},{"floor":29,"key":"Blood Vial"}],"event_choices":[{"damage_healed":0,"gold_gain":0,"cards_transformed":["Thunderclap"],"player_choice":"Change","damage_taken":0,"max_hp_gain":0,"max_hp_loss":0,"event_name":"Living Wall","floor":2,"gold_loss":0,"cards_obtained":["Flame Barrier"]},{"damage_healed":0,"gold_gain":0,"cards_transformed":["Defend_R"],"player_choice":"Transformed","damage_taken":0,"max_hp_gain":0,"max_hp_loss":0,"event_name":"Transmorgrifier","floor":5,"gold_loss":0,"cards_obtained":["Combust"]},{"cards_removed":["Cleave"],"damage_healed":0,"gold_gain":0,"player_choice":"Purged","damage_taken":0,"max_hp_gain":0,"max_hp_loss":0,"event_name":"Purifier","floor":12,"gold_loss":0},{"cards_removed":["Armaments"],"damage_healed":0,"gold_gain":0,"player_choice":"Gave Gold","damage_taken":0,"max_hp_gain":0,"max_hp_loss":0,"event_name":"Beggar","floor":28,"gold_loss":75}],"is_beta":false,"boss_relics":[{"not_picked":["SacredBark","Tiny House"],"picked":"Sozu"}],"items_purged_floors":[],"is_endless":false,"potions_floor_spawned":[3,8,20,24,31],"killed_by":"Automaton","ascension_level":1}}