{"host":"9l1t8qfvjw8023k6","time":1608511041,"event":{"mods":["AchievementEnabler","Aspiration","BaseMod","Conspire","Defuse TimeMaze Blight","Energized Spire","GungeonMod","Hubris","Infinite Spire","Jedi Mod","Lobotomy","Minty Spire (QoL Compilation)","Quick Restart","Replay The Spire","Shop Mod","StSLib","The Animator","The Bug Knight","The Construct","The Jungle","The Runesmith","The Servant 0.9.4"],"gold_per_floor":[113,113,113,130,130,130,163,163,163,11,23,23,23,40,40,117,117,131,131,131,131,166,166,166,184,184,184,214,240,271,281,281,353,353,370,370,370,370,399,399,399,399,399,399,399,27,76,92,92,167,167,167],"floor_reached":51,"playtime":1859,"items_purged":["Conserve Battery"],"score":2021,"play_id":"2c4562d2-f175-418f-b910-ef14afca2c57","local_time":"20201220173721","daily_mods":["Draft","Vintage","Blue Cards","Heirloom","Time Dilation","Flight","DeadlyEvents","Elite Swarm","Binary"],"is_ascension_mode":true,"campfire_choices":[{"data":"Storm","floor":6,"key":"SMITH"},{"data":"ReplayTheSpireMod:Haul","floor":8,"key":"SMITH"},{"data":"Hello World","floor":12,"key":"SMITH"},{"data":"Crystallizer","floor":13,"key":"SMITH"},{"floor":15,"key":"REST"},{"data":"Double Energy","floor":23,"key":"SMITH"},{"data":"Static Discharge","floor":24,"key":"SMITH"},{"data":"BasicCrystalCard","floor":40,"key":"SMITH"},{"data":"Beam Cell","floor":41,"key":"SMITH"},{"data":"Beam Cell","floor":42,"key":"SMITH"},{"data":"jedi:BurstLightning","floor":44,"key":"SMITH"},{"data":"Chaos","floor":45,"key":"SMITH"}],"circlet_count":0,"master_deck":["AscendersBane","Force Field+1","Beam Cell+1","Static Discharge+1","Beam Cell+1","BasicCrystalCard+1","Crystallizer+1","Go for the Eyes+1","Leap+1","Sweeping Beam","jedi:BurstLightning+1","Chaos+1","aspiration:Polymerization+1","Storm+1","Sweeping Beam","ReplayTheSpireMod:Haul+1","Hello World+1","Double Energy+1","Storm+1","Loop","aspiration:Polymerization+1","Echo Form"],"relics":["Unceasing Top","Busted Crown","aspiration:HatOfInfinitePower","DemoMod:GundromedaStrain","infinitespire:Cubic Diamond","Mummified Hand","hubris:SphereOfDissonance","construct:FoamFinger","Replay:WaspNest","Orichalcum","Question Card","SlaversCollar","infinitespire:Golems Mask","hubris:TinFlute","Replay:Bottled Snecko","DemoMod:Bottle","Medical Kit","aspiration:SeaSaltIceCream","aspiration:Nostalgia","Cracked Core","Regal Pillow","infinitespire:FocusingShard","Meat on the Bone","jedi:paperlyon","Cables","hubris:Reverence","DataDisk","DemoMod:BigBoy","Runesmith:AutoHammer","Guide Book","hubris:Teleporter","DemoMod:GlassGuonStoneRelic","Toy Ornithopter"],"acts_visited":["Exordium","TheCity","TheBeyond"],"potions_floor_usage":[7,14,22,48,50],"damage_taken":[{"damage":12,"enemies":"Jaw Worm","floor":1,"turns":3},{"damage":0,"enemies":"2 Louse","floor":4,"turns":2},{"damage":0,"enemies":"Gremlin Nob","floor":7,"turns":2},{"damage":0,"enemies":"Cultist","floor":11,"turns":2},{"damage":0,"enemies":"Large Slime","floor":14,"turns":1},{"damage":0,"enemies":"Hexaghost","floor":16,"turns":6},{"damage":0,"enemies":"Spheric Guardian","floor":18,"turns":3},{"damage":9,"enemies":"Slavers","floor":22,"turns":2},{"damage":0,"enemies":"2 Thieves","floor":25,"turns":1},{"damage":0,"enemies":"Nightmare","floor":28,"turns":1},{"damage":0,"enemies":"HollowMod:Nosk","floor":30,"turns":3},{"damage":0,"enemies":"Cultist and Chosen","floor":31,"turns":2},{"damage":0,"enemies":"conspire:MysteriousRune","floor":33,"turns":4},{"damage":10,"enemies":"3 Shapes","floor":35,"turns":2},{"damage":2,"enemies":"Giant Head","floor":39,"turns":2},{"damage":0,"enemies":"2 Orb Walkers","floor":47,"turns":2},{"damage":0,"enemies":"3 Darklings","floor":48,"turns":1},{"damage":0,"enemies":"Awakened One","floor":50,"turns":3},{"damage":101,"enemies":"conspire:OrnateMirror","floor":51,"turns":2}],"seed_played":"-6048428356771318402","potions_obtained":[{"floor":1,"key":"Fire Potion"},{"floor":7,"key":"Adrenaline Potion"},{"floor":11,"key":"GamblersBrew"},{"floor":18,"key":"jedi:tentaclejuice"},{"floor":28,"key":"jedi:wingpotion"},{"floor":39,"key":"Toxic Potion"}],"is_trial":true,"path_per_floor":["M","?","?","M","T","R","E","R","T","$","M","R","R","M","R","B",null,"M","?","?","?","E","R","R","M","T","AVR","NM","T","E","M","R","B",null,"M","?","?","AVR","E","R","R","R","T","R","R","$","?","M","R","B","B"],"character_chosen":"DEFECT","items_purchased":["Hello World","Loop","Runesmith:AutoHammer","Guide Book"],"campfire_rested":1,"item_purchase_floors":[10,46,46,46],"current_hp_per_floor":[52,35,35,35,35,35,35,35,35,35,35,35,35,35,56,56,67,67,67,67,67,58,58,58,58,58,58,58,58,58,58,71,71,71,61,65,65,65,63,63,63,63,63,63,63,63,63,63,71,71,0,0],"gold":167,"neow_bonus":"","is_daily":false,"chose_seed":false,"campfire_upgraded":11,"win_rate":0.0,"timestamp":1608511041,"path_taken":["M","?","?","M","?","R","?","R","T","$","?","R","R","M","R","BOSS","M","?","?","?","?","R","R","?","T","AVR","NM","?","?","?","R","BOSS","M","?","?","AVR","?","R","R","R","T","R","R","$","?","?","R","BOSS","BOSS"],"items_purchased_type":["Card","Card","Relic","Relic"],"build_version":"2020-12-13","purchased_purges":1,"victory":false,"max_hp_per_floor":[71,71,71,71,71,71,71,71,71,71,71,71,71,71,71,71,71,71,71,71,71,71,71,71,71,71,71,71,71,71,71,71,71,71,71,71,71,71,71,71,71,71,71,71,71,71,71,71,71,71,71,71],"card_choices":[{"not_picked":["Doom and Gloom","Hologram"],"picked":"Force Field","floor":0},{"not_picked":["jedi:markofdeath","Hologram"],"picked":"Beam Cell","floor":0},{"not_picked":["Conserve Battery","Blizzard"],"picked":"Static Discharge","floor":0},{"not_picked":["Panic Button","Stack"],"picked":"Beam Cell","floor":0},{"not_picked":["Lockon","Stack"],"picked":"Conserve Battery","floor":0},{"not_picked":["Reprogram","jedi:blockon"],"picked":"BasicCrystalCard","floor":0},{"not_picked":["Hologram","Sweeping Beam"],"picked":"Crystallizer","floor":0},{"not_picked":["Leap","Steam"],"picked":"Go for the Eyes","floor":0},{"not_picked":["Recycle","Stack"],"picked":"Leap","floor":0},{"not_picked":["Compile Driver","Leap"],"picked":"Sweeping Beam","floor":0},{"not_picked":["conspire:Rain","Rebound"],"picked":"jedi:BurstLightning","floor":0},{"not_picked":["Stack","Conserve Battery"],"picked":"Chaos","floor":0},{"not_picked":["Coolheaded","Doom and Gloom"],"picked":"aspiration:Polymerization","floor":0},{"not_picked":["Coolheaded","Go for the Eyes"],"picked":"Storm","floor":0},{"not_picked":["Panic Button","Coolheaded"],"picked":"Sweeping Beam","floor":0},{"not_picked":["infinitespire:Starlight","infinitespire:NeuralNetwork"],"picked":"ReplayTheSpireMod:Haul","floor":2},{"not_picked":["Thunder Strike"],"picked":"SKIP","floor":22},{"not_picked":["hubris:DoWhile"],"picked":"SKIP","floor":28},{"not_picked":["Multi-Cast"],"picked":"SKIP","floor":30},{"not_picked":["Meteor Strike"],"picked":"SKIP","floor":39},{"not_picked":[],"picked":"aspiration:Polymerization+1","floor":47},{"not_picked":[],"picked":"Echo Form","floor":50}],"player_experience":165406,"relics_obtained":[{"floor":1,"key":"DemoMod:GundromedaStrain"},{"floor":4,"key":"Mummified Hand"},{"floor":5,"key":"hubris:SphereOfDissonance"},{"floor":7,"key":"construct:FoamFinger"},{"floor":9,"key":"Replay:WaspNest"},{"floor":11,"key":"Orichalcum"},{"floor":14,"key":"Question Card"},{"floor":18,"key":"infinitespire:Golems Mask"},{"floor":22,"key":"hubris:TinFlute"},{"floor":25,"key":"Replay:Bottled Snecko"},{"floor":26,"key":"DemoMod:Bottle"},{"floor":28,"key":"aspiration:SeaSaltIceCream"},{"floor":29,"key":"Regal Pillow"},{"floor":30,"key":"infinitespire:FocusingShard"},{"floor":31,"key":"Meat on the Bone"},{"floor":35,"key":"Cables"},{"floor":39,"key":"DataDisk"},{"floor":43,"key":"DemoMod:BigBoy"},{"floor":47,"key":"hubris:Teleporter"},{"floor":48,"key":"Toy Ornithopter"}],"event_choices":[{"damage_healed":0,"gold_gain":0,"player_choice":"Ignored","damage_taken":0,"max_hp_gain":0,"max_hp_loss":0,"event_name":"Vampires","floor":19,"gold_loss":0},{"damage_healed":0,"gold_gain":0,"player_choice":"Read","damage_taken":0,"max_hp_gain":0,"max_hp_loss":0,"event_name":"The Library","floor":20,"gold_loss":0,"cards_obtained":["Double Energy"]},{"damage_healed":0,"gold_gain":0,"player_choice":"Copied","damage_taken":0,"max_hp_gain":0,"max_hp_loss":0,"event_name":"Duplicator","floor":21,"gold_loss":0,"cards_obtained":["Storm"]},{"damage_healed":0,"gold_gain":0,"player_choice":"0 cards matched","damage_taken":0,"max_hp_gain":0,"max_hp_loss":0,"event_name":"Match and Keep!","floor":37,"gold_loss":0,"cards_obtained":[]},{"damage_healed":0,"gold_gain":0,"player_choice":"Fight","damage_taken":0,"max_hp_gain":0,"max_hp_loss":0,"event_name":"Mysterious Sphere","floor":47,"gold_loss":0}],"is_beta":false,"boss_relics":[{"not_picked":["energizedSpire:SpiderWeb","energizedSpire:NeverEndingSparkler"],"picked":"SlaversCollar"},{"not_picked":["aspiration:FutureDiary","Snecko Eye"],"picked":"jedi:paperlyon"}],"items_purged_floors":[10],"is_endless":true,"potions_floor_spawned":[1,7,11,18,28,39],"killed_by":"conspire:OrnateMirror","ascension_level":20}}