{"host":"i0avyit1s6jb1siw","time":1608547637,"event":{"mods":["BaseMod","DeckTracker","Dota2Spire","Highlight Path","Minty Spire (QoL Compilation)","Quick Restart","Replay The Spire","StSLib","SuperFastMode"],"gold_per_floor":[118,134,134,134,146,180,180,194,194,194,218,218,253,264,264,338,338,352,352,352,368,368,368,318,347,347,361,276,276,308,342,342,417,417,428,428,378,378,398,425,437,471,471,486,511,511,183,193,193,193,193,193,193,33,68,68],"floor_reached":57,"playtime":1925,"items_purged":["Strike_R","Strike_R","Strike_R"],"score":2737,"play_id":"600c0af3-15e5-4483-ad49-0a9bf92f2630","local_time":"20201221114717","is_ascension_mode":true,"campfire_choices":[{"data":"Feed","floor":7.0,"key":"SMITH"},{"data":"Perfected Strike","floor":10.0,"key":"SMITH"},{"floor":12.0,"key":"REST"},{"data":"Evolve","floor":15.0,"key":"SMITH"},{"data":"Pommel Strike","floor":23.0,"key":"SMITH"},{"data":"ReplayTheSpireMod:LeadingStrike","floor":29.0,"key":"SMITH"},{"data":"Uppercut","floor":32.0,"key":"SMITH"},{"floor":46,"key":"RECALL"},{"floor":49,"key":"REST"},{"floor":53,"key":"REST"}],"circlet_count":0,"master_deck":["AscendersBane","Strike_R","Strike_R","Defend_R","Defend_R","Defend_R","Bash+1","Perfected Strike+1","Ghostly Armor+1","Feed+1","Power Through","ReplayTheSpireMod:LeadingStrike+1","Evolve+1","Wild Strike","Pommel Strike+1","Shrug It Off","Uppercut+1","Corruption","Sentinel","True Grit+1","Twin Strike+1","Fire Breathing+1","Pommel Strike+1","Second Wind"],"relics":["Burning Blood","Sundial","Dota2Spire:EtherealBlade","Odd Mushroom","Smiling Mask","Dota2Spire:Bloodstone","Dota2Spire:Satanic","ReplayTheSpireMod:Ninjato","Dota2Spire:Vanguard","Ginger","Dota2Spire:ArcaneBoots","Red Mask","Fusion Hammer","Dota2Spire:MaskOfMadness","King of Hearts","Ice Cream","Dota2Spire:MonkeyKingBar","OrangePellets","Replay:Bottled Eggs"],"acts_visited":["Exordium","TheCity","TheBeyond","TheEnding"],"potions_floor_usage":[51,56,56],"damage_taken":[{"damage":2.0,"enemies":"2 Louse","floor":1.0,"turns":3.0},{"damage":16.0,"enemies":"Jaw Worm","floor":2.0,"turns":6.0},{"damage":5.0,"enemies":"Small Slimes","floor":5.0,"turns":3.0},{"damage":40.0,"enemies":"Lagavulin","floor":6.0,"turns":10.0},{"damage":19.0,"enemies":"Gremlin Gang","floor":8.0,"turns":6.0},{"damage":28.0,"enemies":"The Mushroom Lair","floor":11.0,"turns":4.0},{"damage":16.0,"enemies":"Gremlin Nob","floor":13.0,"turns":4.0},{"damage":7.0,"enemies":"2 Fungi Beasts","floor":14.0,"turns":2.0},{"damage":49.0,"enemies":"Slime Boss","floor":16.0,"turns":13.0},{"damage":28.0,"enemies":"Shell Parasite","floor":18.0,"turns":5.0},{"damage":6.0,"enemies":"Chosen","floor":21.0,"turns":5.0},{"damage":23.0,"enemies":"Replay:Snechameleon","floor":25.0,"turns":5.0},{"damage":23.0,"enemies":"3 Cultists","floor":27.0,"turns":6.0},{"damage":1.0,"enemies":"Book of Stabbing","floor":30.0,"turns":4.0},{"damage":12.0,"enemies":"Masked Bandits","floor":31.0,"turns":5.0},{"damage":14.0,"enemies":"Pondfish","floor":33.0,"turns":8.0},{"damage":21.0,"enemies":"3 Shapes","floor":35.0,"turns":6.0},{"damage":6.0,"enemies":"Orb Walker","floor":39.0,"turns":4.0},{"damage":37.0,"enemies":"Giant Head","floor":40.0,"turns":7.0},{"damage":17.0,"enemies":"Sphere and 2 Shapes","floor":41.0,"turns":4.0},{"damage":71.0,"enemies":"Reptomancer","floor":42.0,"turns":6.0},{"damage":6,"enemies":"Writhing Mass","floor":44,"turns":5},{"damage":0,"enemies":"Mind Bloom Boss Battle","floor":45,"turns":6},{"damage":10,"enemies":"Maw","floor":48,"turns":8},{"damage":11,"enemies":"Replay:Hell Engine","floor":50,"turns":5},{"damage":26,"enemies":"Time Eater","floor":51,"turns":7},{"damage":35,"enemies":"Shield and Spear","floor":55,"turns":5},{"damage":108,"enemies":"The Heart","floor":56,"turns":8}],"seed_played":"431838842894899294","potions_obtained":[{"floor":6.0,"key":"DuplicationPotion"},{"floor":8.0,"key":"BloodPotion"},{"floor":25.0,"key":"Ancient Potion"},{"floor":31.0,"key":"Languid Potion"},{"floor":38.0,"key":"FairyPotion"},{"floor":41.0,"key":"EntropicBrew"},{"floor":55,"key":"Block Potion"}],"is_trial":false,"path_per_floor":["M","M","?","?","M","E","R","M","T","R","?","R","E","M","R","B",null,"M","?","?","M","?","R","$","E","T","M","?","R","E","?","R","B",null,"M","?","$","?","M","E","M","E","T","M","?","R","$","M","R","B","B",null,"R","$","E","B",null],"character_chosen":"IRONCLAD","items_purchased":["Dota2Spire:MonkeyKingBar","OrangePellets"],"campfire_rested":3,"item_purchase_floors":[47,54],"current_hp_per_floor":[79,69,69,69,70,39,39,30,30,30,12,39,29,32,32,12,79,57,57,57,61,61,61,61,44,44,31,31,31,36,34,34,30,95,84,84,84,84,84,57,50,28,28,28,34,34,34,30,68,63,43,108,129,129,100,75],"gold":68,"neow_bonus":"TEN_PERCENT_HP_BONUS","is_daily":false,"chose_seed":false,"campfire_upgraded":6,"win_rate":0.0,"timestamp":1608547637,"path_taken":["M","M","?","?","M","E","R","M","T","R","?","R","E","M","R","BOSS","M","?","?","M","?","R","$","E","T","?","?","R","E","?","R","BOSS","M","?","$","?","M","E","M","E","T","?","?","R","?","?","R","BOSS","BOSS","R","$","E","BOSS"],"items_purchased_type":["Relic","Relic"],"build_version":"2020-12-13","purchased_purges":3,"victory":true,"max_hp_per_floor":[82,82,82,82,82,85,85,89,89,89,93,93,93,97,97,101,101,101,101,101,105,105,105,105,105,105,109,109,109,109,113,113,117,117,121,121,121,121,121,125,129,129,129,129,129,129,129,129,129,129,129,129,129,129,129,129],"card_choices":[{"not_picked":["Clash","Thunderclap","Replay:Undeath\u0027s Touch"],"picked":"SKIP","floor":1.0},{"not_picked":["Cleave","Twin Strike"],"picked":"Perfected Strike","floor":2.0},{"not_picked":["Wild Strike","Warcry"],"picked":"Feed","floor":5.0},{"not_picked":["Run Through","Combust"],"picked":"Power Through","floor":6.0},{"not_picked":["ReplayTheSpireMod:Strike From Hell","Run Through"],"picked":"ReplayTheSpireMod:LeadingStrike","floor":8.0},{"not_picked":["ReplayTheSpireMod:Strike From Hell","Pummel"],"picked":"Evolve","floor":13.0},{"not_picked":["Dropkick","Headbutt"],"picked":"Wild Strike","floor":14.0},{"not_picked":["Hemokinesis","Power Through","Infernal Blade"],"picked":"SKIP","floor":18.0},{"not_picked":["Run Through","Defy Death","Iron Wave"],"picked":"SKIP","floor":21.0},{"not_picked":["Wild Strike","Feed","Rage"],"picked":"SKIP","floor":25.0},{"not_picked":["Abandon","Armaments"],"picked":"Shrug It Off","floor":27.0},{"not_picked":["Dropkick","ReplayTheSpireMod:Muscle Training"],"picked":"Uppercut","floor":30.0},{"not_picked":["Replay:Many Hands","Berserk"],"picked":"Corruption","floor":33.0},{"not_picked":["Armaments","Clothesline","Warcry"],"picked":"SKIP","floor":35.0},{"not_picked":["Sentinel","Thunderclap+1","Clash+1"],"picked":"SKIP","floor":39.0},{"not_picked":["Thunderclap+1","Clash+1"],"picked":"Sentinel","floor":39.0},{"not_picked":["Cleave","Entrench","Havoc"],"picked":"SKIP","floor":40.0},{"not_picked":["Thunderclap","Sever Soul"],"picked":"True Grit+1","floor":41.0},{"not_picked":["Warcry+1","Replay:Undeath\u0027s Touch"],"picked":"Twin Strike+1","floor":42.0},{"not_picked":["Body Slam+1","Rampage+1"],"picked":"Fire Breathing","floor":44},{"not_picked":["Warcry","Wild Strike","Pommel Strike+1"],"picked":"SKIP","floor":48},{"not_picked":["Warcry","Wild Strike"],"picked":"Pommel Strike+1","floor":48},{"not_picked":["Anger","Combust+1"],"picked":"Second Wind","floor":55}],"player_experience":2088325,"relics_obtained":[{"floor":6.0,"key":"Sundial"},{"floor":9.0,"key":"Dota2Spire:EtherealBlade"},{"floor":11.0,"key":"Odd Mushroom"},{"floor":13.0,"key":"Smiling Mask"},{"floor":22.0,"key":"Dota2Spire:Satanic"},{"floor":25.0,"key":"ReplayTheSpireMod:Ninjato"},{"floor":26.0,"key":"Dota2Spire:Vanguard"},{"floor":30.0,"key":"Dota2Spire:ArcaneBoots"},{"floor":31.0,"key":"Red Mask"},{"floor":40.0,"key":"Dota2Spire:MaskOfMadness"},{"floor":42.0,"key":"King of Hearts"},{"floor":45,"key":"Ice Cream"},{"floor":55,"key":"Replay:Bottled Eggs"}],"event_choices":[{"damage_healed":0.0,"max_hp_gain":0.0,"max_hp_loss":0.0,"gold_gain":0.0,"event_name":"Mushrooms","player_choice":"Fought Mushrooms","floor":11.0,"gold_loss":0.0,"damage_taken":0.0},{"damage_healed":0.0,"max_hp_gain":0.0,"max_hp_loss":0.0,"gold_gain":0.0,"event_name":"Ghosts","player_choice":"Ignored","floor":19.0,"gold_loss":0.0,"damage_taken":0.0},{"damage_healed":0.0,"max_hp_gain":0.0,"max_hp_loss":0.0,"gold_gain":0.0,"event_name":"The Library","player_choice":"Read","floor":20.0,"gold_loss":0.0,"damage_taken":0.0,"cards_obtained":["Pommel Strike"]},{"damage_healed":0.0,"max_hp_gain":0.0,"max_hp_loss":0.0,"gold_gain":0.0,"event_name":"Wheel of Change","player_choice":"Relic","floor":22.0,"gold_loss":0.0,"damage_taken":0.0},{"damage_healed":0.0,"max_hp_gain":0.0,"max_hp_loss":0.0,"gold_gain":0.0,"event_name":"Addict","player_choice":"Obtained Relic","floor":28.0,"gold_loss":85.0,"damage_taken":0.0,"relics_obtained":["Ginger"]},{"damage_healed":0.0,"max_hp_gain":0.0,"max_hp_loss":0.0,"gold_gain":0.0,"event_name":"Masked Bandits","player_choice":"Fought Bandits","floor":31.0,"gold_loss":0.0,"damage_taken":0.0},{"damage_healed":0.0,"max_hp_gain":0.0,"max_hp_loss":0.0,"gold_gain":0.0,"event_name":"Lab","player_choice":"Got Potions","floor":38.0,"gold_loss":0.0,"damage_taken":0.0},{"damage_healed":0,"gold_gain":0,"player_choice":"Fight","damage_taken":0,"max_hp_gain":0,"max_hp_loss":0,"event_name":"MindBloom","floor":45,"gold_loss":0}],"is_beta":false,"boss_relics":[{"not_picked":["Dota2Spire:RefresherOrb","Mark of Pain"],"picked":"Dota2Spire:Bloodstone"},{"not_picked":["SacredBark","Pandora\u0027s Box"],"picked":"Fusion Hammer"}],"items_purged_floors":[24,37,47],"is_endless":false,"potions_floor_spawned":[6,8,14,25,30,31,35,41,42,45,48,55],"ascension_level":20}}