{"host":"1x0iiauhsd6tfigj","time":1608514715,"event":{"mods":["AchievementEnabler","BaseMod","Block Reminder","DeckTracker","Googly Eyes","Minty Spire (QoL Compilation)","Permanent Neow","Quick Restart","Relic Sorter","Relic Stats","Slay-I","StSLib"],"gold_per_floor":[109,126,137,150,150,177,177,195,222,222,233,250,261,293,293,391,391,409,427,427,438,438,472,472,571,595,595,614,614,627,646,646,646,646],"floor_reached":33,"playtime":1425,"items_purged":[],"score":354,"play_id":"8472bf41-674f-48b4-907e-9136128d826d","local_time":"20201220183835","is_ascension_mode":true,"campfire_choices":[{"floor":7,"key":"REST"},{"data":"Consecrate","floor":10,"key":"SMITH"},{"floor":15,"key":"REST"},{"floor":24,"key":"REST"},{"floor":27,"key":"REST"},{"floor":32,"key":"REST"}],"circlet_count":0,"master_deck":["Strike_P","Strike_P","Strike_P","Strike_P","Defend_P","Defend_P","Defend_P","Defend_P","Eruption+1","Vigilance","FollowUp","EmptyFist","BattleHymn","SandsOfTime","FlurryOfBlows","Consecrate+1","JustLucky","EmptyBody","Swivel","CarveReality","EmptyBody","PathToVictory","ClearTheMind+1","FollowUp","Swivel+1","Weave"],"relics":["PureWater","Mercury Hourglass","Dream Catcher","Regal Pillow","Busted Crown","MutagenicStrength","Omamori","Ancient Tea Set"],"acts_visited":["Exordium","TheCity"],"potions_floor_usage":[6,6,14,14,14,23,31,31,33],"damage_taken":[{"damage":0,"enemies":"Jaw Worm","floor":1,"turns":1},{"damage":0,"enemies":"Cultist","floor":2,"turns":3},{"damage":0,"enemies":"2 Louse","floor":3,"turns":1},{"damage":1,"enemies":"Red Slaver","floor":4,"turns":2},{"damage":24,"enemies":"Gremlin Nob","floor":6,"turns":3},{"damage":0,"enemies":"Large Slime","floor":8,"turns":4},{"damage":0,"enemies":"3 Louse","floor":11,"turns":2},{"damage":4,"enemies":"2 Fungi Beasts","floor":12,"turns":3},{"damage":9,"enemies":"Red Slaver","floor":13,"turns":4},{"damage":0,"enemies":"Lagavulin","floor":14,"turns":3},{"damage":46,"enemies":"Hexaghost","floor":16,"turns":9},{"damage":0,"enemies":"Spheric Guardian","floor":18,"turns":1},{"damage":26,"enemies":"2 Thieves","floor":19,"turns":3},{"damage":24,"enemies":"Centurion and Healer","floor":21,"turns":5},{"damage":28,"enemies":"Book of Stabbing","floor":23,"turns":5},{"damage":18,"enemies":"Snake Plant","floor":28,"turns":4},{"damage":35,"enemies":"Snecko","floor":30,"turns":5},{"damage":28,"enemies":"Centurion and Healer","floor":31,"turns":4},{"damage":44,"enemies":"Collector","floor":33,"turns":6}],"seed_played":"645038096050456011","potions_obtained":[{"floor":3,"key":"Strength Potion"},{"floor":4,"key":"Weak Potion"},{"floor":8,"key":"BlessingOfTheForge"},{"floor":12,"key":"LiquidMemories"},{"floor":13,"key":"Ancient Potion"},{"floor":21,"key":"SkillPotion"},{"floor":23,"key":"Explosive Potion"},{"floor":30,"key":"AttackPotion"},{"floor":31,"key":"PowerPotion"}],"is_trial":false,"path_per_floor":["M","M","M","M","?","E","R","M","T","R","M","M","M","E","R","B",null,"M","M","?","M","?","E","R","?","T","R","M","?","M","M","R","B"],"character_chosen":"WATCHER","items_purchased":[],"campfire_rested":5,"item_purchase_floors":[],"current_hp_per_floor":[72,72,72,71,71,47,68,68,68,68,68,64,55,55,72,26,72,72,46,82,58,58,30,69,69,69,82,64,64,29,1,40,0,0],"gold":646,"neow_bonus":"UPGRADE_CARD","is_daily":false,"chose_seed":false,"campfire_upgraded":1,"win_rate":0.0,"timestamp":1608514715,"path_taken":["M","M","M","M","?","E","R","M","T","R","M","M","?","E","R","BOSS","M","M","?","?","?","E","R","?","T","R","M","?","M","M","R","BOSS"],"items_purchased_type":[],"build_version":"2020-12-13","purchased_purges":0,"victory":false,"max_hp_per_floor":[72,72,72,72,72,72,72,72,72,72,72,72,72,72,72,72,72,72,72,82,82,82,82,82,82,82,82,82,82,82,82,82,82,82],"relic_stats":{"Dream Catcher":4,"Regal Pillow":30,"Busted Crown":20,"counters":[19,66],"obtain_stats":[{"Dream Catcher":9,"Regal Pillow":14,"Busted Crown":17,"MutagenicStrength":22,"Omamori":23,"PureWater":0,"Ancient Tea Set":26,"Mercury Hourglass":6},{"Dream Catcher":6,"Regal Pillow":10,"Busted Crown":11,"MutagenicStrength":14,"Omamori":15,"PureWater":0,"Ancient Tea Set":15,"Mercury Hourglass":5},{"Dream Catcher":14,"Regal Pillow":24,"Busted Crown":33,"MutagenicStrength":42,"Omamori":47,"PureWater":0,"Ancient Tea Set":47,"Mercury Hourglass":10}],"Mercury Hourglass":[215]},"card_choices":[{"not_picked":["Crescendo","WreathOfFlame"],"picked":"FollowUp","floor":1},{"not_picked":["LikeWater","FlurryOfBlows"],"picked":"EmptyFist","floor":2},{"not_picked":["CrushJoints","Protect"],"picked":"BattleHymn","floor":3},{"not_picked":["Sanctity","Crescendo"],"picked":"SandsOfTime","floor":4},{"not_picked":["Halt","Prostrate"],"picked":"FlurryOfBlows","floor":6},{"not_picked":["JustLucky","ClearTheMind"],"picked":"Consecrate","floor":8},{"not_picked":["ClearTheMind","Wireheading"],"picked":"JustLucky","floor":11},{"not_picked":["Wish","CrushJoints"],"picked":"EmptyBody","floor":12},{"not_picked":["ClearTheMind","Evaluate"],"picked":"Swivel","floor":13},{"not_picked":["JustLucky","SashWhip"],"picked":"Brilliance","floor":14},{"not_picked":["EmptyBody","WreathOfFlame"],"picked":"CarveReality","floor":15},{"not_picked":[],"picked":"EmptyBody","floor":18},{"not_picked":["Protect+1"],"picked":"SKIP","floor":19},{"not_picked":[],"picked":"PathToVictory","floor":21},{"not_picked":["Crescendo"],"picked":"SKIP","floor":23},{"not_picked":[],"picked":"ClearTheMind+1","floor":27},{"not_picked":["Crescendo+1"],"picked":"SKIP","floor":28},{"not_picked":[],"picked":"FollowUp","floor":30},{"not_picked":[],"picked":"Swivel+1","floor":31},{"not_picked":[],"picked":"Weave","floor":32}],"player_experience":1546136,"relics_obtained":[{"floor":6,"key":"Mercury Hourglass"},{"floor":9,"key":"Dream Catcher"},{"floor":14,"key":"Regal Pillow"},{"floor":23,"key":"Omamori"},{"floor":26,"key":"Ancient Tea Set"}],"event_choices":[{"damage_healed":0,"gold_gain":0,"player_choice":"Ignored","damage_taken":0,"max_hp_gain":0,"max_hp_loss":0,"event_name":"Purifier","floor":5,"gold_loss":0},{"cards_removed":["Brilliance"],"damage_healed":26,"gold_gain":0,"player_choice":"Offered Rare","damage_taken":0,"max_hp_gain":10,"max_hp_loss":0,"event_name":"Bonfire Elementals","floor":20,"gold_loss":0},{"damage_healed":0,"gold_gain":0,"player_choice":"Inject Mutagens","damage_taken":0,"relics_obtained":["MutagenicStrength"],"max_hp_gain":0,"max_hp_loss":0,"event_name":"Drug Dealer","floor":22,"gold_loss":0},{"damage_healed":0,"gold_gain":99,"player_choice":"Stole From Cult","damage_taken":0,"max_hp_gain":0,"max_hp_loss":0,"event_name":"Nest","floor":25,"gold_loss":0},{"damage_healed":0,"gold_gain":0,"player_choice":"Ignored","damage_taken":0,"max_hp_gain":0,"max_hp_loss":0,"event_name":"Vampires","floor":29,"gold_loss":0}],"is_beta":false,"boss_relics":[{"not_picked":["Ectoplasm","Cursed Key"],"picked":"Busted Crown"}],"items_purged_floors":[],"is_endless":false,"potions_floor_spawned":[3,4,8,12,13,21,23,30,31],"killed_by":"Collector","ascension_level":3}}