{"host":"hfvpa4llnnjpeawn","time":1608530137,"event":{"mods":["2.2 Compatiblity","AchievementEnabler","Act Like it!","Aspiration","Bard","BaseMod","Beaked The Cultist","Better Sensory Stone","Better Skull","Better Third Choice","BetterRewards","CapriCore","Conspire","Downfall","Elementarium","Energized Spire","Hubris","Jorbs\u0027s Wanderer Trilogy","Lobotomy","LobotomyExtend","Minty Spire (QoL Compilation)","Replay The Spire","Shade Mod","Spicy Shops","StSLib","The Bladedancer","The Factory","The Gatherer","The Jungle","Waifu the Spire","Wandering Minibosses"],"gold_per_floor":[111,111,125,125,41,41,54,69,116,188,223,223,255,262,262,360,360,371,323,313,17,17,17,40,40,40,54,62,7,7,28,28,132,132,835,847,864,25,0,34,34,34],"floor_reached":41,"playtime":2254,"items_purged":[],"score":571,"play_id":"ac94370a-bb98-4b43-b99a-3ef31f121cac","local_time":"20201221005537","is_ascension_mode":false,"campfire_choices":[{"data":"Replay:SS_hec_2","floor":6,"key":"SMITH"},{"data":"Shade:OpenGraves","floor":15,"key":"SMITH"},{"floor":23,"key":"REST"},{"floor":25,"key":"REST"},{"data":"Trip","floor":30,"key":"SMITH"},{"data":"Shade:CommandSoldier","floor":32,"key":"SMITH"}],"circlet_count":0,"master_deck":["Shade:Strike_Shade","Shade:Strike_Shade","Shade:Strike_Shade+1","Shade:Defend_Shade","Shade:Defend_Shade","Shade:Defend_Shade","Shade:Defend_Shade","Shade:AnimateDead","Shade:CarefulCut","Shade:SkeletonHug","Shade:PressTheAttack+1","Replay:SS_hec_2+1","Shade:OpenGraves+1","Shade:OpenGraves+1","Shade:LyeBath","Shade:LichForm+1","Shade:ExtraLimbs+1","Shade:Bonestorm","Shade:AncientSpear","Shade:CommandSoldier+1","Trip+1","Shade:GreaterAnimation+1","Shade:AncientSpear+1","expansioncontent:QuickStudy+1","Shade:FreshBones","Shade:PressTheAttack+1"],"relics":["Shade:YorickSkull","aspiration:Nostalgia","stsjorbsmod:GrimoireRelic","LetterFromLob","aspiration:EmptySkull","conspire:Flyswatter","White Beast Statue","Kunai","aspiration:PoetsPen_weak","LaetitiaHeart","InspiredRelic","Sling","Toolbox","Gremlin Food","Eternal Feather","RedMistMask","hubris:PeanutButter","hubris:HollowSoul","wanderingMiniBosses:MasterThiefsPresence","Shuriken","conspire:DeflatedDodgeball","Red Mask","Peace Pipe"],"acts_visited":["Exordium","TheCity","TheBeyond"],"potions_floor_usage":[8,13,13,14,16,18,19,24,27,28,31,35,37,40],"damage_taken":[{"damage":0,"enemies":"Small Slimes","floor":1,"turns":3},{"damage":0,"enemies":"Cultist","floor":3,"turns":3},{"damage":0,"enemies":"Jaw Worm","floor":7,"turns":4},{"damage":3,"enemies":"Exordium Thugs","floor":8,"turns":3},{"damage":0,"enemies":"3 Sentries","floor":11,"turns":11},{"damage":1,"enemies":"Red Slaver","floor":12,"turns":7},{"damage":2,"enemies":"Gremlin Nob","floor":13,"turns":3},{"damage":0,"enemies":"Large Slime","floor":14,"turns":6},{"damage":8,"enemies":"Hexaghost","floor":16,"turns":7},{"damage":19,"enemies":"2 Thieves","floor":18,"turns":3},{"damage":12,"enemies":"conspire:FuzzyDice","floor":19,"turns":6},{"damage":3,"enemies":"Snake Plant","floor":20,"turns":2},{"damage":0,"enemies":"Snake Plant","floor":20,"turns":1},{"damage":0,"enemies":"Snake Plant","floor":20,"turns":1},{"damage":3,"enemies":"conspire:SneckoGhost","floor":24,"turns":8},{"damage":6,"enemies":"Snake Plant","floor":27,"turns":2},{"damage":11,"enemies":"Snecko","floor":28,"turns":3},{"damage":8,"enemies":"Slavers","floor":31,"turns":3},{"damage":24,"enemies":"Automaton","floor":33,"turns":5},{"damage":18,"enemies":"3 Shapes","floor":35,"turns":6},{"damage":0,"enemies":"Orb Walker","floor":36,"turns":3},{"damage":23,"enemies":"Jaw Worm Horde","floor":37,"turns":3},{"damage":0,"enemies":"Nemesis","floor":40,"turns":5}],"seed_played":"-8380804732444434764","potions_obtained":[{"floor":7,"key":"SpeedPotion"},{"floor":11,"key":"Slimebound:ThreeZeroPotion"},{"floor":12,"key":"Energy Potion"},{"floor":13,"key":"Dexterity Potion"},{"floor":14,"key":"Strength Potion"},{"floor":16,"key":"SkillPotion"},{"floor":18,"key":"EssenceOfSteel"},{"floor":19,"key":"SpeedPotion"},{"floor":24,"key":"SteroidPotion"},{"floor":27,"key":"champ:CounterPotion"},{"floor":28,"key":"SneckoOil"},{"floor":31,"key":"Elixir"},{"floor":33,"key":"Explosive Potion"},{"floor":35,"key":"LifebloodPotion"},{"floor":36,"key":"Block Potion"},{"floor":37,"key":"Block Potion"},{"floor":40,"key":"EssenceOfSteel"}],"is_trial":false,"path_per_floor":["M","?","M","?","$","R","M","M","T","T","E","M","E","M","R","B",null,"M","M","M","$","?","R","E","R","T","M","M","$","R","E","R","B",null,"M","M","M","$","?","E","?"],"character_chosen":"SHADE","items_purchased":["Replay:SS_hec_2","Sling","Toolbox","Shade:CommandSoldier","Trip","Shuriken","conspire:DeflatedDodgeball","expansioncontent:QuickStudy","Shade:FreshBones"],"campfire_rested":2,"item_purchase_floors":[5,21,21,29,29,38,38,38,38],"current_hp_per_floor":[65,65,65,65,65,65,65,62,62,62,62,61,59,59,59,51,65,46,34,31,31,31,50,47,65,65,59,48,48,60,52,64,40,65,47,47,24,24,24,24,0,0],"gold":34,"neow_bonus":"NOSTALGIA","is_daily":false,"chose_seed":false,"campfire_upgraded":4,"win_rate":0.0,"timestamp":1608530137,"path_taken":["M","?","?","?","$","R","M","M","T","?","E","?","E","M","R","BOSS","M","M","M","$","?","R","E","R","T","M","M","?","R","E","R","BOSS","M","M","M","$","?","E","?"],"items_purchased_type":["Card","Relic","Relic","Card","Card","Relic","Relic","Card","Card"],"build_version":"2020-12-13","purchased_purges":0,"victory":false,"max_hp_per_floor":[65,65,65,65,65,65,65,65,65,65,65,65,65,65,65,65,65,65,65,65,65,65,65,65,65,65,65,65,65,65,65,65,65,65,65,65,65,65,65,65,65,65],"card_choices":[{"not_picked":["Shade:CoffinDance","Shade:ScuttlingHand"],"picked":"Shade:SkeletonHug","floor":1},{"not_picked":["Shade:BoneShards","Shade:Awaken","Shade:Haruspicy"],"picked":"SKIP","floor":3},{"not_picked":["Shade:Premonition","Shade:Doomsay","Shade:FuneraryJewels"],"picked":"SKIP","floor":7},{"not_picked":["Shade:LastGasp","Shade:CoffinDance","Shade:BoneShards"],"picked":"SKIP","floor":8},{"not_picked":["Shade:GraveStillness","Shade:FuneraryJewels"],"picked":"Shade:OpenGraves","floor":11},{"not_picked":["Shade:ClawBack","Shade:CoffinDance","Shade:FuneraryArmor"],"picked":"SKIP","floor":12},{"not_picked":["Shade:SoulToxin","Shade:RavenousHorde"],"picked":"Shade:OpenGraves","floor":13},{"not_picked":["Shade:Trample","Shade:Premonition"],"picked":"Shade:LyeBath","floor":14},{"not_picked":["Shade:DarkOfNight","Shade:LoseControl"],"picked":"Shade:LichForm","floor":16},{"not_picked":["Shade:Trample","Shade:Excise"],"picked":"Shade:ExtraLimbs+1","floor":18},{"not_picked":["Shade:Awaken","Shade:FreshBones"],"picked":"Shade:Bonestorm","floor":19},{"not_picked":["Shade:ClawBack","Shade:Bonestorm"],"picked":"Shade:AncientSpear","floor":24},{"not_picked":["Shade:Bonestorm","Shade:Awaken","Shade:LastGasp"],"picked":"SKIP","floor":27},{"not_picked":["Shade:SoulToxin+1","Shade:Asphyxiate","Shade:Trample"],"picked":"SKIP","floor":28},{"not_picked":["Shade:FleshToFlesh","Shade:FuneraryJewels+1","Shade:FingerOfDeath"],"picked":"SKIP","floor":31},{"not_picked":["Shade:Consume","Shade:MadHubris"],"picked":"Shade:GreaterAnimation","floor":33},{"not_picked":["Shade:Awaken","Shade:CommandSoldier+1","Shade:GraveStillness"],"picked":"SKIP","floor":35},{"not_picked":["Shade:Carnophage","Shade:ExtraLimbs"],"picked":"Shade:AncientSpear+1","floor":36},{"not_picked":["Shade:SanguineRitual","Shade:FuneraryArmor+1","Shade:GraveStillness"],"picked":"SKIP","floor":37},{"not_picked":["Shade:ClawBack+1","Shade:Premonition+1"],"picked":"Shade:PressTheAttack+1","floor":40}],"player_experience":290993,"relics_obtained":[{"floor":1,"key":"LetterFromLob"},{"floor":9,"key":"aspiration:EmptySkull"},{"floor":10,"key":"conspire:Flyswatter"},{"floor":11,"key":"White Beast Statue"},{"floor":13,"key":"Kunai"},{"floor":24,"key":"Gremlin Food"},{"floor":26,"key":"Eternal Feather"},{"floor":27,"key":"RedMistMask"},{"floor":31,"key":"hubris:PeanutButter"},{"floor":35,"key":"wanderingMiniBosses:MasterThiefsPresence"},{"floor":40,"key":"Peace Pipe"}],"event_choices":[{"damage_healed":0,"gold_gain":0,"cards_transformed":["Shade:Strike_Shade"],"player_choice":"Transformed","damage_taken":0,"max_hp_gain":0,"max_hp_loss":0,"event_name":"Transmorgrifier","floor":2,"gold_loss":0,"cards_obtained":["Shade:PressTheAttack"]},{"damage_healed":0,"gold_gain":0,"player_choice":"Upgraded","damage_taken":0,"max_hp_gain":0,"max_hp_loss":0,"event_name":"Upgrade Shrine","floor":22,"gold_loss":0,"cards_upgraded":["Shade:PressTheAttack"]},{"damage_healed":0,"gold_gain":0,"player_choice":"Paid","damage_taken":0,"relics_obtained":["Red Mask"],"max_hp_gain":0,"max_hp_loss":0,"event_name":"Tomb of Lord Red Mask","floor":39,"gold_loss":25}],"is_beta":false,"boss_relics":[{"not_picked":["Ectoplasm","conspire:SeveredTorchhead"],"picked":"aspiration:PoetsPen_weak"},{"not_picked":["energizedSpire:MagnifyingGlass","Runic Pyramid"],"picked":"hubris:HollowSoul"}],"items_purged_floors":[],"is_endless":false,"potions_floor_spawned":[7,11,12,13,14,16,18,19,20,20,20,24,27,28,31,33,35,36,37,40],"ascension_level":0}}