{"host":"bid6lzrefpuw0ao6","time":1608529713,"event":{"mods":["ATMod(阿瑾Mod)","AchievementEnabler","Act Like it!","BaseMod","BetterRewards","Colored Powertips","Gold Saver","Minty Spire (QoL Compilation)","MostiFishMod","Quick Restart","Relic Stats","RumiaBox-露米娅的神秘盒子","Shop Mod","Spicy Shops","StSLib","SuperFastMode","TestMod","[功能]商店购物价格优惠80%","【功能Mod】Neow奖励","【功能Mod】混沌之环修复补丁","【功能Mod】精心准备","【遗物Mod】简单游戏","没有小屋子和绿帽子啦","篝火指南"],"gold_per_floor":[1800,1800,2414,2430,2430,2297,2907,2907,2907,3541,4153,4778,5989,6608,6445,6547,6547,6590,6655,6560,6560,6560,6666,6491,6438,6438,6500,6608,6485,6388,6432,6348,6447,6447,6492,6492,6630,6630,6668,6828,6638,6702,6702,6813,6877,6928,6928,6980,6890,7022,7079,7079,6913,6830,6915,6949],"floor_reached":57,"playtime":2834,"items_purged":["Strike_B","Defend_B","Strike_B","Strike_B","Strike_B","Defend_B","Defend_B","MostiFishMod:DeathFromBelow+1","Defend_B","Apotheosis+1","Turbo","AT_FamilyPortrait","Loop","Creative AI+1","AT_ThreeBodyProblem","AT_DarkMatter","Dualcast","Pain","Parasite","Regret"],"score":4334,"play_id":"d0604214-021a-46f3-919f-98b5081b9853","local_time":"20201221134833","is_ascension_mode":true,"campfire_choices":[{"floor":47,"key":"RECALL"}],"circlet_count":0,"master_deck":["AscendersBane","Zap+1","Coolheaded+1","AT_ThunderBolt+1","Defragment+1","Ball Lightning+1","Turbo+1","Barrage+1","AT_StudyProgram+1","Seek+1","Consume+1","Heatsinks+1","Cold Snap+1","Chill+1","MostiFishMod:SephirahHod+1","Recycle+1","Turbo+1","MostiFishMod:IntelligentEquipment+1","BootSequence+1","Hologram+1","Master of Strategy+1","AT_RightCognition+1","MostiFishMod:LinkProtocol+1","Storm"],"relics":["Cracked Core","DaveBox","testmod-TestBox","EasyRelic","AT_ATBox","DianPoetry","testmod-ChristmasGift","MerchantsRug","ClockworkSouvenir","Cables","GodSword7","AT_GoldPhoenixTree","DataDisk","AT_SunfireAegis","TheAbacus","BionicSphere","Omamori","Kunai","Chemical X","Centennial Puzzle","HornCleat","AT_RedTearstoneRing","Runic Capacitor","Orichalcum","Whetstone","Happy Flower","AT_EbonyIvory","Molten Egg 2","Symbiotic Virus","Question Card","testmod-LifeArmor","testmod-Maize","Oddly Smooth Stone","testmod-IndustrialRevolution","Bottled Tornado","AT_MibuBalloonWealth","BrkXgEgg","Ancient Tea Set","Cauldron","ImportantClient","MostiFishMod:Hod","AT_ChloranthyRing","TimeFreeze","AT_RabadonDeathcap","Boot","Medical Kit","MutagenicStrength","Vajra","GodSword4","Blood Vial","AT_SilvercatRing","LastBattle","Toxic Egg 2","Juzu Bracelet","HandDrill","Dodecahedron","Pen Nib","Membership Card","AT_SeraphEmbrace","AT_BellowingDragoncrestRing","AT_BladeRuinedKing","MagicDraw3","testmod-Nyarlathotep","Regal Pillow","xbg","AT_BellDemon","GodSword5","GodSword1","testmod-Acrobat","OrangePellets","Nunchaku","Bag of Preparation","testmod-OneHitWonder","Anchor","Gambling Chip","Meat on the Bone","Peace Pipe","testmod-TurbochargingSystem","MagicDraw1","Ornamental Fan","Bag of Marbles","Lantern","testmod-Laevatain","Gremlin Horn","GodSword3","Sling","Eternal Feather","ImprovedEquipment","testmod-AssaultLearning","MagicDraw2","SSSystem","War Paint","testmod-Antiphasic"],"acts_visited":["Exordium","TheCity","TheBeyond","TheEnding"],"potions_floor_usage":[],"damage_taken":[{"damage":0.0,"enemies":"Small Slimes","floor":1.0,"turns":2.0},{"damage":0.0,"enemies":"Jaw Worm","floor":3.0,"turns":2.0},{"damage":0.0,"enemies":"Cultist","floor":4.0,"turns":1.0},{"damage":0,"enemies":"Red Slaver","floor":7,"turns":3},{"damage":0,"enemies":"3 Sentries","floor":10,"turns":4},{"damage":0,"enemies":"2 Fungi Beasts","floor":11,"turns":2},{"damage":0,"enemies":"Gremlin Nob","floor":12,"turns":3},{"damage":0,"enemies":"Exordium Wildlife","floor":13,"turns":3},{"damage":0,"enemies":"Exordium Thugs","floor":14,"turns":2},{"damage":0,"enemies":"The Guardian","floor":16,"turns":5},{"damage":0,"enemies":"Spheric Guardian","floor":18,"turns":1},{"damage":0,"enemies":"2 Thieves","floor":19,"turns":1},{"damage":0,"enemies":"Slavers","floor":23,"turns":1},{"damage":0,"enemies":"Centurion and Healer","floor":27,"turns":1},{"damage":0,"enemies":"Gremlin Leader","floor":28,"turns":1},{"damage":0,"enemies":"Snecko","floor":31,"turns":1},{"damage":0,"enemies":"Champ","floor":33,"turns":2},{"damage":0,"enemies":"Orb Walker","floor":35,"turns":1},{"damage":0,"enemies":"3 Darklings","floor":37,"turns":1},{"damage":0,"enemies":"Spire Growth","floor":39,"turns":2},{"damage":0,"enemies":"Reptomancer","floor":40,"turns":2},{"damage":0,"enemies":"Giant Head","floor":42,"turns":1},{"damage":0,"enemies":"Reptomancer","floor":44,"turns":1},{"damage":0,"enemies":"Mind Bloom Boss Battle","floor":45,"turns":1},{"damage":0,"enemies":"Writhing Mass","floor":46,"turns":1},{"damage":0,"enemies":"Transient","floor":48,"turns":1},{"damage":0,"enemies":"Awakened One","floor":50,"turns":2},{"damage":15,"enemies":"Donu and Deca","floor":51,"turns":2},{"damage":0,"enemies":"Shield and Spear","floor":55,"turns":1},{"damage":0,"enemies":"The Heart","floor":56,"turns":4}],"seed_played":"3632985336725390994","potions_obtained":[{"floor":13,"key":"Block Potion"},{"floor":15,"key":"DuplicationPotion"},{"floor":15,"key":"FairyPotion"}],"is_trial":false,"path_per_floor":["M","?","M","M","?","R","M","?","T","E","M","E","M","M","R","B",null,"M","M","$","?","?","E","R","?","T","M","E","$","$","M","R","B",null,"M","?","M","?","M","E","R","E","T","E","?","M","R","M","R","B","B",null,"R","$","E","B",null],"character_chosen":"DEFECT","items_purchased":["MerchantsRug","ClockworkSouvenir","Cables","AT_TimeSand","testmod-SpacePotion","AT_ThreeBodyProblem","GodSword7","DataDisk","AT_SunfireAegis","TheAbacus","BionicSphere","Omamori","Coolheaded","Turbo","MostiFishMod:DeathFromBelow","Loop","Kunai","Chemical X","Centennial Puzzle","AT_ThunderBolt","HornCleat","Apotheosis","AT_RedTearstoneRing","Runic Capacitor","Orichalcum","Defragment","Ball Lightning","Whetstone","Happy Flower","AT_EbonyIvory","Molten Egg 2","Symbiotic Virus","testmod-Maize","AT_StudyProgram","Seek","AT_MibuBalloonWealth","BrkXgEgg","Chill","Ancient Tea Set","Cauldron","AT_ChloranthyRing","TimeFreeze","AT_RabadonDeathcap","Boot","Medical Kit","Vajra","GodSword4","Blood Vial","Orrery","Juzu Bracelet","HandDrill","Dodecahedron","Pen Nib","Membership Card","AT_ArchangelStaff","AT_BellowingDragoncrestRing","AT_BladeRuinedKing","MostiFishMod:IntelligentEquipment+1","MagicDraw3","testmod-Nyarlathotep","Regal Pillow","BootSequence+1","Hologram+1","Master of Strategy+1","GodSword5","GodSword1","testmod-Acrobat","OrangePellets","MostiFishMod:LinkProtocol+1","Nunchaku","Bag of Marbles","Lantern","Storm","testmod-Laevatain","Gremlin Horn","GodSword3","Sling","Eternal Feather","ImprovedEquipment","testmod-AssaultLearning","MagicDraw2","SSSystem","War Paint"],"campfire_rested":0,"item_purchase_floors":[0,0,0,0,0,0,0,0,0,0,0,0,0,0,0,0,0,0,0,0,0,0,0,0,0,0,0,0,0,0,0,0,6,6,6,15,15,15,15,15,20,20,20,20,20,24,24,24,24,29,29,29,29,30,30,30,30,30,32,32,32,32,32,32,41,41,41,41,41,41,49,49,49,49,53,53,53,53,54,54,54,54,54],"current_hp_per_floor":[23,23,25,25,18,18,20,20,20,25,26,30,33,37,37,46,65,67,69,69,69,69,69,69,69,69,71,71,71,71,71,71,71,71,71,71,71,71,71,71,71,71,71,71,71,71,71,71,71,71,62,70,68,68,68,68],"gold":6949,"neow_bonus":"","is_daily":false,"chose_seed":false,"campfire_upgraded":0,"win_rate":0.0,"timestamp":1608529713,"path_taken":["M","?","M","M","?","R","M","?","T","E","?","E","M","M","R","BOSS","M","M","$","?","?","E","R","?","T","?","E","?","$","M","R","BOSS","M","?","M","?","M","E","R","E","T","E","?","M","R","M","R","BOSS","BOSS","R","$","E","BOSS"],"items_purchased_type":["Relic","Relic","Relic","Relic","Potion","Card","Relic","Relic","Relic","Relic","Relic","Relic","Card","Card","Card","Card","Relic","Relic","Relic","Card","Relic","Card","Relic","Relic","Relic","Card","Card","Relic","Relic","Relic","Relic","Relic","Relic","Card","Card","Relic","Relic","Card","Relic","Relic","Relic","Relic","Relic","Relic","Relic","Relic","Relic","Relic","Relic","Relic","Relic","Relic","Relic","Relic","Relic","Relic","Relic","Card","Relic","Relic","Relic","Card","Card","Card","Relic","Relic","Relic","Relic","Card","Relic","Relic","Relic","Card","Relic","Relic","Relic","Relic","Relic","Relic","Relic","Relic","Relic","Relic"],"build_version":"2020-12-13","purchased_purges":20,"victory":true,"max_hp_per_floor":[71,71,71,71,71,71,71,71,71,71,71,71,71,71,71,71,71,71,71,71,71,71,71,71,71,71,71,71,71,71,71,71,71,71,71,71,71,71,71,71,71,71,71,71,71,71,71,71,71,71,71,71,68,68,68,68],"relic_stats":{"Regal Pillow":0,"Gremlin Horn":[38,56],"Juzu Bracelet":4,"Bag of Preparation":[60],"Whetstone":["MostiFishMod:DeathFromBelow","Ball Lightning"],"Boot":[57],"Blood Vial":4,"Centennial Puzzle":[4],"Nunchaku":[20],"TheAbacus":[264],"Gambling Chip":[3],"HandDrill":[38],"Kunai":[53],"Chemical X":[1],"Happy Flower":[92],"counters":[117,192],"Eternal Feather":0,"Pen Nib":[27],"Orichalcum":[96],"War Paint":["Chill"],"Question Card":97,"Medical Kit":[1],"Cables":[26,17,1,7,1],"Peace Pipe":0,"OrangePellets":[7],"Ornamental Fan":[28],"obtain_stats":[{"AT_ATBox":0,"testmod-LifeArmor":5,"AT_TimeSand":0,"Whetstone":0,"Bottled Tornado":41,"Boot":28,"MagicDraw3":54,"Sling":0,"MagicDraw2":27,"Old Coin":15,"MagicDraw1":46,"Blood Vial":49,"testmod-Prudence":0,"Sundial":47,"MealTicket":38,"HandDrill":0,"Kunai":38,"MerchantsRug":0,"testmod-Maize":6,"MostiFishMod:Hod":17,"AT_RedTearstoneRing":0,"testmod-TestBox":0,"Pear":41,"Dodecahedron":0,"testmod-Register":0,"Blue Candle":42,"Eternal Feather":53,"Pen Nib":0,"AT_EbonyIvory":0,"AT_SilvercatRing":25,"TimeFreeze":20,"Akabeko":0,"EasyRelic":0,"Cables":0,"Runic Dome":0,"Bird Faced Urn":38,"BionicSphere":0,"MutagenicStrength":21,"Technique":32,"AT_BellDemon":40,"Lantern":49,"Regal Pillow":15,"DaveBox":0,"DianPoetry":0,"Bag of Preparation":43,"Ancient Tea Set":43,"Civilization":0,"testmod-Brilliant":0,"Shovel":0,"testmod-ObsoleteBoomerang":0,"Chemical X":0,"ZombieArmy":40,"Potion Belt":8,"AT_ChloranthyRing":20,"Lee\u0027s Waffle":53,"ImprovedEquipment":0,"AT_GoldPhoenixTree":0,"PreservedInsect":13,"BrkXgEgg":38,"Omamori":0,"testmod-TurbochargingSystem":45,"Frozen Egg 2":47,"LastBattle":26,"AT_BellowingDragoncrestRing":30,"FeatherPendant":17,"Ornamental Fan":7,"Orrery":30,"Art of War":46,"Bottled Lightning":32,"AT_SunfireAegis":0,"Ice Cream":54,"Gremlin Horn":28,"AT_MibuBalloonWealth":15,"SSSystem":6,"Vajra":7,"Tea:ReiMu":42,"BirthdayGift-Icosahedron":0,"Runic Capacitor":0,"AT_ArchangelStaff":30,"Centennial Puzzle":10,"HornCleat":38,"testmod-Laevatain":0,"Ccalipers":0,"Strawberry":7,"Toxic Egg 2":28,"testmod-ChristmasGift":0,"ImportantClient":16,"AT_RabadonDeathcap":20,"Happy Flower":0,"testmod-FatalChain":25,"Oddly Smooth Stone":53,"AddBug":1,"War Paint":14,"Question Card":0,"testmod-RealStoneCalender":7,"OrangePellets":32,"Bottled Flame":40,"Brimstone":7,"Shuriken":54,"testmod-Acrobat":11,"Molten Egg 2":29,"GodSword7":0,"GodSword6":41,"GodSword5":27,"xbg":0,"GodSword4":0,"GodSword3":43,"Symbiotic Virus":0,"testmod-OneHitWonder":42,"Meat on the Bone":0,"GodSword1":41,"Darkstone Periapt":15,"AT_SeraphEmbrace":56,"Mango":38,"SecretRecord":1,"Juzu Bracelet":0,"Incense Burner":0,"ExusiaiGun":34,"testmod-Nyarlathotep":54,"ClockworkSouvenir":37,"Nunchaku":0,"TheAbacus":0,"testmod-InjuryResistance":0,"Mummified Hand":53,"Pantograph":0,"Gambling Chip":44,"Cracked Core":0,"testmod-ArcanaOfDestiny":0,"SumBook":55,"Runic Pyramid":17,"JellyFishMachine":34,"AT_BladeRuinedKing":30,"testmod-Justice":30,"Orichalcum":54,"testmod-IndustrialRevolution":27,"Medical Kit":29,"White Beast Statue":26,"DALC_TWO":54,"Peace Pipe":0,"Cauldron":38,"testmod-Antiphasic":7,"CaptainsWheel":23,"Anchor":54,"DataDisk":12,"testmod-AssaultLearning":28,"Bag of Marbles":29,"Membership Card":0,"TungstenRod":6},{"AT_ATBox":0,"testmod-LifeArmor":90,"AT_TimeSand":87,"Whetstone":62,"Bottled Tornado":81,"Boot":18,"MagicDraw3":30,"Sling":32,"MagicDraw2":73,"Old Coin":68,"MagicDraw1":112,"Blood Vial":83,"testmod-Prudence":0,"Sundial":58,"MealTicket":23,"HandDrill":32,"Kunai":23,"MerchantsRug":32,"testmod-Maize":90,"MostiFishMod:Hod":97,"AT_RedTearstoneRing":87,"testmod-TestBox":0,"Pear":81,"Dodecahedron":62,"testmod-Register":0,"Blue Candle":55,"Eternal Feather":115,"Pen Nib":62,"AT_EbonyIvory":87,"AT_SilvercatRing":100,"TimeFreeze":99,"Akabeko":32,"EasyRelic":0,"Cables":87,"Runic Dome":0,"Bird Faced Urn":23,"BionicSphere":87,"MutagenicStrength":99,"Technique":75,"AT_BellDemon":108,"Lantern":58,"Regal Pillow":68,"DaveBox":0,"DianPoetry":0,"Bag of Preparation":55,"Ancient Tea Set":82,"Civilization":62,"testmod-Brilliant":62,"Shovel":32,"testmod-ObsoleteBoomerang":32,"Chemical X":87,"ZombieArmy":54,"Potion Belt":4,"AT_ChloranthyRing":99,"Lee\u0027s Waffle":85,"ImprovedEquipment":62,"AT_GoldPhoenixTree":87,"PreservedInsect":8,"BrkXgEgg":23,"Omamori":87,"testmod-TurbochargingSystem":111,"Frozen Egg 2":83,"LastBattle":100,"AT_BellowingDragoncrestRing":102,"FeatherPendant":9,"Ornamental Fan":64,"Orrery":47,"Art of War":26,"Bottled Lightning":75,"AT_SunfireAegis":87,"Ice Cream":60,"Gremlin Horn":73,"AT_MibuBalloonWealth":96,"SSSystem":3,"Vajra":64,"Tea:ReiMu":82,"BirthdayGift-Icosahedron":0,"Runic Capacitor":32,"AT_ArchangelStaff":102,"Centennial Puzzle":65,"HornCleat":23,"testmod-Laevatain":32,"Ccalipers":62,"Strawberry":64,"Toxic Egg 2":102,"testmod-ChristmasGift":0,"ImportantClient":69,"AT_RabadonDeathcap":99,"Happy Flower":62,"testmod-FatalChain":16,"Oddly Smooth Stone":85,"AddBug":33,"War Paint":8,"Question Card":32,"testmod-RealStoneCalender":64,"OrangePellets":75,"Bottled Flame":81,"Brimstone":64,"Shuriken":85,"testmod-Acrobat":6,"Molten Egg 2":73,"GodSword7":87,"GodSword6":81,"GodSword5":73,"xbg":0,"GodSword4":62,"GodSword3":24,"Symbiotic Virus":87,"testmod-OneHitWonder":109,"Meat on the Bone":62,"GodSword1":108,"Darkstone Periapt":68,"AT_SeraphEmbrace":117,"Mango":52,"SecretRecord":33,"Juzu Bracelet":62,"Incense Burner":62,"ExusiaiGun":76,"testmod-Nyarlathotep":30,"ClockworkSouvenir":51,"Nunchaku":62,"TheAbacus":62,"testmod-InjuryResistance":62,"Mummified Hand":85,"Pantograph":62,"Gambling Chip":110,"Cracked Core":0,"testmod-ArcanaOfDestiny":62,"SumBook":31,"Runic Pyramid":69,"JellyFishMachine":49,"AT_BladeRuinedKing":102,"testmod-Justice":74,"Orichalcum":85,"testmod-IndustrialRevolution":73,"Medical Kit":73,"White Beast Statue":16,"DALC_TWO":30,"Peace Pipe":62,"Cauldron":23,"testmod-Antiphasic":64,"CaptainsWheel":15,"Anchor":30,"DataDisk":66,"testmod-AssaultLearning":73,"Bag of Marbles":73,"Membership Card":0,"TungstenRod":64},{"AT_ATBox":0,"testmod-LifeArmor":142,"AT_TimeSand":137,"Whetstone":109,"Bottled Tornado":130,"Boot":35,"MagicDraw3":50,"Sling":54,"MagicDraw2":122,"Old Coin":115,"MagicDraw1":182,"Blood Vial":132,"testmod-Prudence":0,"Sundial":100,"MealTicket":40,"HandDrill":54,"Kunai":40,"MerchantsRug":54,"testmod-Maize":142,"MostiFishMod:Hod":164,"AT_RedTearstoneRing":137,"testmod-TestBox":0,"Pear":130,"Dodecahedron":109,"testmod-Register":0,"Blue Candle":97,"Eternal Feather":187,"Pen Nib":109,"AT_EbonyIvory":137,"AT_SilvercatRing":167,"TimeFreeze":166,"Akabeko":54,"EasyRelic":0,"Cables":137,"Runic Dome":0,"Bird Faced Urn":40,"BionicSphere":137,"MutagenicStrength":166,"Technique":124,"AT_BellDemon":178,"Lantern":100,"Regal Pillow":115,"DaveBox":0,"DianPoetry":0,"Bag of Preparation":97,"Ancient Tea Set":131,"Civilization":109,"testmod-Brilliant":109,"Shovel":54,"testmod-ObsoleteBoomerang":54,"Chemical X":137,"ZombieArmy":96,"Potion Belt":9,"AT_ChloranthyRing":166,"Lee\u0027s Waffle":135,"ImprovedEquipment":109,"AT_GoldPhoenixTree":137,"PreservedInsect":18,"BrkXgEgg":40,"Omamori":137,"testmod-TurbochargingSystem":181,"Frozen Egg 2":132,"LastBattle":167,"AT_BellowingDragoncrestRing":169,"FeatherPendant":25,"Ornamental Fan":111,"Orrery":84,"Art of War":43,"Bottled Lightning":124,"AT_SunfireAegis":137,"Ice Cream":103,"Gremlin Horn":122,"AT_MibuBalloonWealth":159,"SSSystem":7,"Vajra":111,"Tea:ReiMu":131,"BirthdayGift-Icosahedron":0,"Runic Capacitor":54,"AT_ArchangelStaff":169,"Centennial Puzzle":112,"HornCleat":40,"testmod-Laevatain":54,"Ccalipers":109,"Strawberry":111,"Toxic Egg 2":169,"testmod-ChristmasGift":0,"ImportantClient":117,"AT_RabadonDeathcap":166,"Happy Flower":109,"testmod-FatalChain":32,"Oddly Smooth Stone":135,"AddBug":55,"War Paint":18,"Question Card":54,"testmod-RealStoneCalender":111,"OrangePellets":124,"Bottled Flame":130,"Brimstone":111,"Shuriken":135,"testmod-Acrobat":14,"Molten Egg 2":122,"GodSword7":137,"GodSword6":130,"GodSword5":122,"xbg":0,"GodSword4":109,"GodSword3":41,"Symbiotic Virus":137,"testmod-OneHitWonder":179,"Meat on the Bone":109,"GodSword1":178,"Darkstone Periapt":115,"AT_SeraphEmbrace":190,"Mango":93,"SecretRecord":55,"Juzu Bracelet":109,"Incense Burner":109,"ExusiaiGun":125,"testmod-Nyarlathotep":50,"ClockworkSouvenir":91,"Nunchaku":109,"TheAbacus":109,"testmod-InjuryResistance":109,"Mummified Hand":135,"Pantograph":109,"Gambling Chip":180,"Cracked Core":0,"testmod-ArcanaOfDestiny":109,"SumBook":51,"Runic Pyramid":117,"JellyFishMachine":88,"AT_BladeRuinedKing":169,"testmod-Justice":123,"Orichalcum":135,"testmod-IndustrialRevolution":122,"Medical Kit":122,"White Beast Statue":32,"DALC_TWO":50,"Peace Pipe":109,"Cauldron":40,"testmod-Antiphasic":111,"CaptainsWheel":31,"Anchor":50,"DataDisk":113,"testmod-AssaultLearning":122,"Bag of Marbles":122,"Membership Card":0,"TungstenRod":111}],"Meat on the Bone":36},"card_choices":[{"not_picked":["Streamline+1","Sweeping Beam+1"],"picked":"Turbo","floor":1.0},{"not_picked":["Turbo","Stack","Redo","Beam Cell+1"],"picked":"SKIP","floor":3.0},{"not_picked":["Reinforced Body","Stack","Steam"],"picked":"Barrage+1","floor":4.0},{"not_picked":["Core Surge+1","Hello World","Turbo"],"picked":"Consume","floor":7},{"not_picked":["Sweeping Beam+1","AT_ThreeBodyProblem","Turbo"],"picked":"Heatsinks","floor":10},{"not_picked":["Fusion","AT_RobotInSpace","Barrage+1"],"picked":"AT_DarkMatter","floor":11},{"not_picked":["Barrage+1","Cold Snap+1","Beam Cell+1","Rip and Tear+1"],"picked":"SKIP","floor":12},{"not_picked":["Go for the Eyes+1","Compile Driver+1","MostiFishMod:ReprogramOld"],"picked":"Cold Snap+1","floor":13},{"not_picked":["Cold Snap+1","Beam Cell+1","AT_HeatAcrobatics","MostiFishMod:UniBlue"],"picked":"SKIP","floor":14},{"not_picked":["Core Surge+1","Multi-Cast+1","MostiFishMod:Prepare+1"],"picked":"MostiFishMod:Nova+1","floor":16},{"not_picked":["Ball Lightning+1","Coolheaded+1","Cold Snap+1"],"picked":"Creative AI+1","floor":18},{"not_picked":["Gash+1","Leap","Barrage+1","Streamline+1"],"picked":"SKIP","floor":19},{"not_picked":["Streamline+1","AT_HeatAcrobatics","Ball Lightning+1"],"picked":"Recycle","floor":23},{"not_picked":["Steam","Cold Snap+1","Doom and Gloom+1","Blizzard+1"],"picked":"SKIP","floor":27},{"not_picked":["AT_HeatAcrobatics+1","Capacitor","Hologram+1"],"picked":"Turbo+1","floor":28},{"not_picked":["Multi-Cast+1","Redo+1","Go for the Eyes+1","Stack+1"],"picked":"SKIP","floor":31},{"not_picked":["MostiFishMod:StarOceanB+1","MostiFishMod:Overload+1","MostiFishMod:STOP+1"],"picked":"AT_RightCognition+1","floor":33},{"not_picked":["Beam Cell+1","AT_HeatAcrobatics+1","Redo+1","Genetic Algorithm+1"],"picked":"SKIP","floor":35},{"not_picked":["Cold Snap+1","Auto Shields+1","AT_RobotInSpace+1","Steam Power+1"],"picked":"SKIP","floor":37},{"not_picked":["Self Repair","Steam+1","AT_DarkMatter+1","Conserve Battery+1"],"picked":"SKIP","floor":39},{"not_picked":["Recycle+1","Sweeping Beam+1","AT_DarkMatter+1","Conserve Battery+1"],"picked":"SKIP","floor":40},{"not_picked":["MostiFishMod:Overload+1","Heatsinks+1","Hello World","Hologram+1"],"picked":"SKIP","floor":42},{"not_picked":["Sunder+1","Sweeping Beam+1","AT_ThunderBolt","Gash+1"],"picked":"SKIP","floor":44},{"not_picked":["Ball Lightning+1","Gash+1","Redo+1","Reinforced Body+1"],"picked":"SKIP","floor":46},{"not_picked":["Glacier+1","Compile Driver+1","Gash+1","AT_ThreeBodyProblem+1"],"picked":"SKIP","floor":48},{"not_picked":["MostiFishMod:IntelligentEquipment+1","Compile Driver+1","Steam+1","Rebound+1"],"picked":"SKIP","floor":55}],"player_experience":250603,"relics_obtained":[{"floor":1.0,"key":"Question Card"},{"floor":10,"key":"testmod-IndustrialRevolution"},{"floor":12,"key":"Bottled Tornado"},{"floor":16,"key":"ImportantClient"},{"floor":26,"key":"LastBattle"},{"floor":28,"key":"Toxic Egg 2"},{"floor":40,"key":"AT_BellDemon"},{"floor":42,"key":"Bag of Preparation"},{"floor":42,"key":"testmod-OneHitWonder"},{"floor":43,"key":"Anchor"},{"floor":44,"key":"Gambling Chip"},{"floor":44,"key":"Meat on the Bone"},{"floor":45,"key":"Peace Pipe"},{"floor":45,"key":"testmod-TurbochargingSystem"},{"floor":46,"key":"MagicDraw1"},{"floor":48,"key":"Ornamental Fan"},{"floor":55,"key":"testmod-Antiphasic"}],"event_choices":[{"damage_healed":0.0,"max_hp_gain":0.0,"max_hp_loss":0.0,"gold_gain":0.0,"event_name":"Living Wall","player_choice":"Grow","floor":2.0,"gold_loss":0.0,"damage_taken":0.0,"cards_upgraded":["Apotheosis"]},{"damage_healed":0.0,"max_hp_gain":0.0,"max_hp_loss":0.0,"gold_gain":0.0,"event_name":"Scrap Ooze","player_choice":"Success","floor":5.0,"gold_loss":0.0,"damage_taken":5.0,"relics_obtained":["testmod-LifeArmor"]},{"damage_healed":0,"gold_gain":0,"player_choice":"Box","damage_taken":0,"relics_obtained":["Oddly Smooth Stone"],"max_hp_gain":0,"max_hp_loss":0,"event_name":"Big Fish","floor":8,"gold_loss":0,"cards_obtained":["Regret"]},{"damage_healed":0,"gold_gain":0,"player_choice":"Inject Mutagens","damage_taken":0,"relics_obtained":["MutagenicStrength"],"max_hp_gain":0,"max_hp_loss":0,"event_name":"Drug Dealer","floor":21,"gold_loss":0},{"damage_healed":0,"gold_gain":0,"player_choice":"Ignored","damage_taken":0,"max_hp_gain":0,"max_hp_loss":0,"event_name":"给自己的盒子","floor":22,"gold_loss":0},{"damage_healed":0,"gold_gain":0,"player_choice":"Paid Gold","damage_taken":0,"relics_obtained":["AT_SilvercatRing"],"max_hp_gain":0,"max_hp_loss":0,"event_name":"WeMeetAgain","floor":25,"gold_loss":53},{"cards_removed":["MostiFishMod:Nova"],"damage_healed":0,"gold_gain":0,"player_choice":"Removed Attack","damage_taken":0,"max_hp_gain":0,"max_hp_loss":0,"event_name":"Falling","floor":36,"gold_loss":0},{"damage_healed":0,"gold_gain":0,"player_choice":"Got Potions","damage_taken":0,"max_hp_gain":0,"max_hp_loss":0,"event_name":"Lab","floor":38,"gold_loss":0},{"damage_healed":0,"gold_gain":0,"player_choice":"Fight","damage_taken":0,"max_hp_gain":0,"max_hp_loss":0,"event_name":"MindBloom","floor":45,"gold_loss":0}],"is_beta":false,"boss_relics":[{"not_picked":["AT_MortalBlade","BloodWine"],"picked":"MostiFishMod:Hod"},{"not_picked":["testmod-Nine","FrostBlade"],"picked":"xbg"}],"items_purged_floors":[0,0,0,0,0,6,6,15,20,24,29,30,41,41,41,49,49,53,53,53],"is_endless":false,"potions_floor_spawned":[7,10,11,13,23,27,33,40,48],"ascension_level":20}}