{"host":"uceopoba4zvqsgiy","time":1608513169,"event":{"mods":["Act Like it!","BaseMod","Better Skull","Better Third Choice","Elementarium","GifTheSpireLib","Hermit","Humility","Infinite Spire","Jorbs\u0027s Wanderer Trilogy","Marked Mod","Minty Spire (QoL Compilation)","Potionbrewer","Replay The Spire","Robot Space Explorer","Shade Mod","Spicy Shops","StSLib","Stuff the Spire","The Blue Laboratory","The Cursed","The Dragon Tamer","The Hierophant","The Judge","The Jungle","Wandering Minibosses"],"gold_per_floor":[110,110,110,110,48,48,48,48],"floor_reached":7,"playtime":250,"items_purged":[],"score":48,"play_id":"b2b07948-8efa-47fa-81fa-860677ae5b97","local_time":"20201221114249","is_ascension_mode":true,"campfire_choices":[{"floor":6,"key":"REST"}],"circlet_count":0,"master_deck":["Shade:Strike_Shade","Shade:Strike_Shade","Shade:Strike_Shade","Shade:Strike_Shade","Shade:Defend_Shade","Shade:Defend_Shade","Shade:Defend_Shade","Shade:Defend_Shade","Shade:AnimateDead","Shade:CarefulCut","Shade:CallOfTheGrave","Regret"],"relics":["Shade:YorickSkull","Incense Burner","Golden Idol","Lantern","Pet Ghost"],"acts_visited":["Exordium"],"potions_floor_usage":[7],"damage_taken":[{"damage":0,"enemies":"Small Slimes","floor":1,"turns":3},{"damage":55,"enemies":"Gremlin Nob","floor":7,"turns":6}],"seed_played":"-8947322263074206025","potions_obtained":[{"floor":1,"key":"potionbrewer:AcidPotion"}],"is_trial":false,"path_per_floor":["M","?","?","?","$","R","E"],"character_chosen":"SHADE","items_purchased":["Pet Ghost"],"campfire_rested":1,"item_purchase_floors":[5],"current_hp_per_floor":[59,45,45,38,38,55,0,0],"gold":48,"neow_bonus":"ONE_RARE_RELIC","is_daily":false,"chose_seed":false,"campfire_upgraded":0,"win_rate":0.0,"timestamp":1608513169,"path_taken":["M","?","?","?","$","R","E"],"items_purchased_type":["Relic"],"build_version":"2020-12-13","purchased_purges":0,"victory":false,"max_hp_per_floor":[59,59,59,59,59,59,59,59],"card_choices":[{"not_picked":["Shade:Frenzy","Shade:AncientSpear"],"picked":"Shade:CallOfTheGrave","floor":1}],"player_experience":1557635,"relics_obtained":[],"event_choices":[{"damage_healed":0,"gold_gain":0,"player_choice":"Take Damage","damage_taken":14,"relics_obtained":["Golden Idol"],"max_hp_gain":0,"max_hp_loss":0,"event_name":"Golden Idol","floor":2,"gold_loss":0},{"damage_healed":0,"gold_gain":0,"player_choice":"Box","damage_taken":0,"relics_obtained":["Lantern"],"max_hp_gain":0,"max_hp_loss":0,"event_name":"Big Fish","floor":3,"gold_loss":0,"cards_obtained":["Regret"]},{"cards_removed":["Regret"],"damage_healed":0,"gold_gain":0,"player_choice":"Card Removal","damage_taken":7,"max_hp_gain":0,"max_hp_loss":0,"event_name":"Golden Wing","floor":4,"gold_loss":0}],"is_beta":false,"boss_relics":[],"items_purged_floors":[],"is_endless":false,"potions_floor_spawned":[1],"killed_by":"Gremlin Nob","ascension_level":6}}