{"host":"tpbmol9dayg75a5s","time":1608580181,"event":{"mods":["2.2 Compatiblity","Act Like it!","BaseMod","Bestiary","Block Reminder","Colored Powertips","Downfall","Gensokyo","Minty Spire (QoL Compilation)","Relic Stats","StSLib"],"gold_per_floor":[119,136,153,153,153,153,186,206,206,206,232,252,33,47,47,120,120,135,135,149,149,109,109,144,164,190,190,48,68,68,87,87,87,87],"floor_reached":33,"playtime":2749,"items_purged":[],"score":483,"play_id":"13b874cc-6dbc-4bb2-ae8e-5d735462c7ca","local_time":"20201221164941","is_ascension_mode":true,"campfire_choices":[{"data":"Poisoned Stab","floor":6,"key":"SMITH"},{"data":"Leg Sweep","floor":10,"key":"SMITH"},{"floor":15,"key":"REST"},{"data":"Dodge and Roll","floor":23,"key":"SMITH"},{"data":"Gensokyo:MissMary","floor":30,"key":"SMITH"},{"data":"Bouncing Flask","floor":32,"key":"SMITH"}],"circlet_count":0,"master_deck":["AscendersBane","Strike_G","Strike_G","Strike_G","Defend_G","Defend_G","Defend_G","Defend_G","Defend_G","Survivor","Neutralize+1","Well Laid Plans","Poisoned Stab+1","Slice","Corpse Explosion+1","Leg Sweep+1","Escape Plan","Die Die Die","PiercingWail","Dodge and Roll+1","Bouncing Flask+1","After Image","Dodge and Roll+1","Bouncing Flask+1","Heel Hook","Cloak And Dagger","Gensokyo:MissMary+1","Deadly Poison"],"relics":["Ring of the Snake","Guardian:PocketSentry","Ancient Tea Set","Du-Vu Doll","Potion Belt","Runic Dome","Gensokyo:SongOfSouls","Turnip","Akabeko","ClockworkSouvenir"],"acts_visited":["Exordium","Exordium"],"potions_floor_usage":[11,12,16,29,33],"damage_taken":[{"damage":3,"enemies":"Jaw Worm","floor":1,"turns":5},{"damage":3,"enemies":"Small Slimes","floor":2,"turns":6},{"damage":0,"enemies":"Cultist","floor":3,"turns":4},{"damage":18,"enemies":"Gremlin Nob","floor":7,"turns":4},{"damage":1,"enemies":"Red Slaver","floor":8,"turns":3},{"damage":22,"enemies":"Lagavulin","floor":11,"turns":5},{"damage":0,"enemies":"3 Louse","floor":12,"turns":2},{"damage":0,"enemies":"Looter","floor":14,"turns":3},{"damage":4,"enemies":"The Guardian","floor":16,"turns":9},{"damage":0,"enemies":"Gensokyo:2_Gloops","floor":18,"turns":3},{"damage":8,"enemies":"Gensokyo:Chomper","floor":20,"turns":5},{"damage":14,"enemies":"Gensokyo:Koishi","floor":24,"turns":6},{"damage":1,"enemies":"Gensokyo:Slime_Group","floor":25,"turns":5},{"damage":4,"enemies":"Gensokyo:Chomper_and_Gloop","floor":29,"turns":4},{"damage":0,"enemies":"Gensokyo:3_Gloops","floor":31,"turns":3},{"damage":35,"enemies":"Gensokyo:Eternal_Rivals","floor":33,"turns":3}],"seed_played":"6534123284234257641","potions_obtained":[{"floor":2,"key":"sneckomod:MuddlingPotion"},{"floor":7,"key":"Fire Potion"},{"floor":11,"key":"Regen Potion"},{"floor":16,"key":"Block Potion"},{"floor":18,"key":"Poison Potion"},{"floor":24,"key":"Guardian:BlockOnCardUsePotion"},{"floor":25,"key":"Poison Potion"}],"is_trial":false,"path_per_floor":["M","M","M","?","?","R","E","M","T","R","E","M","$","M","R","B",null,"M","?","M","?","?","R","E","M","T","?","COS","M","R","M","R","B"],"character_chosen":"THE_SILENT","items_purchased":["Dodge and Roll","Potion Belt"],"campfire_rested":1,"item_purchase_floors":[13,13],"current_hp_per_floor":[56,53,53,53,53,53,35,34,34,34,12,12,12,12,31,42,60,60,60,52,52,52,52,38,37,37,37,37,33,33,33,33,0,0],"gold":87,"neow_bonus":"UPGRADE_CARD","is_daily":false,"chose_seed":false,"campfire_upgraded":5,"win_rate":0.0,"timestamp":1608580181,"path_taken":["M","M","M","?","?","R","E","?","T","R","E","M","$","M","R","BOSS","M","?","M","?","?","R","E","M","T","?","COS","M","R","?","R","BOSS"],"items_purchased_type":["Card","Relic"],"build_version":"2020-12-13","purchased_purges":0,"victory":false,"max_hp_per_floor":[66,66,66,66,66,66,66,66,66,66,66,66,66,66,66,66,66,66,66,66,66,66,66,66,66,66,59,59,59,59,59,59,59,59],"relic_stats":{"counters":[16,70],"Turnip":[6],"obtain_stats":[{"Du-Vu Doll":11,"Potion Belt":13,"Runic Dome":17,"Frozen Eye":24,"Turnip":24,"Guardian:PocketSentry":7,"Ancient Tea Set":9,"Akabeko":26,"Ring of the Snake":0,"Gensokyo:SongOfSouls":21,"ClockworkSouvenir":28},{"Du-Vu Doll":6,"Potion Belt":7,"Runic Dome":9,"Frozen Eye":11,"Turnip":12,"Guardian:PocketSentry":4,"Ancient Tea Set":5,"Akabeko":13,"Ring of the Snake":0,"Gensokyo:SongOfSouls":11,"ClockworkSouvenir":13},{"Du-Vu Doll":27,"Potion Belt":29,"Runic Dome":41,"Frozen Eye":49,"Turnip":55,"Guardian:PocketSentry":19,"Ancient Tea Set":22,"Akabeko":60,"Ring of the Snake":0,"Gensokyo:SongOfSouls":49,"ClockworkSouvenir":60}],"Ring of the Snake":[32]},"card_choices":[{"not_picked":["Backflip","Prepared"],"picked":"Well Laid Plans","floor":1},{"not_picked":["Reflex","Dagger Throw"],"picked":"Poisoned Stab","floor":2},{"not_picked":["Quick Slash","Deflect"],"picked":"Slice","floor":3},{"not_picked":["Dagger Spray","Quick Slash"],"picked":"Leg Sweep","floor":7},{"not_picked":["Setup","Expertise"],"picked":"Escape Plan","floor":8},{"not_picked":["Tactician","Caltrops"],"picked":"Die Die Die","floor":11},{"not_picked":["Bouncing Flask","Prepared"],"picked":"PiercingWail","floor":12},{"not_picked":["Prepared","Dodge and Roll"],"picked":"Bouncing Flask","floor":14},{"not_picked":["Tools of the Trade","Storm of Steel"],"picked":"After Image","floor":16},{"not_picked":["Cloak And Dagger","Backflip"],"picked":"Dodge and Roll+1","floor":18},{"not_picked":["Accuracy","Dodge and Roll+1"],"picked":"Bouncing Flask+1","floor":20},{"not_picked":["Underhanded Strike","Sucker Punch"],"picked":"Heel Hook","floor":24},{"not_picked":["Endless Agony","Dagger Spray"],"picked":"Cloak And Dagger","floor":25},{"not_picked":["Gensokyo:LittleGreenMen","Gensokyo:SpontaneousHumanCombustion"],"picked":"Gensokyo:MissMary","floor":27},{"not_picked":["Deflect","Flying Knee"],"picked":"Deadly Poison","floor":29},{"not_picked":["Expertise+1","Prepared","Dagger Spray"],"picked":"SKIP","floor":31}],"player_experience":956967,"relics_obtained":[{"floor":7,"key":"Guardian:PocketSentry"},{"floor":9,"key":"Ancient Tea Set"},{"floor":11,"key":"Du-Vu Doll"},{"floor":24,"key":"Turnip"},{"floor":26,"key":"Akabeko"}],"event_choices":[{"damage_healed":0,"gold_gain":0,"cards_transformed":["Strike_G"],"player_choice":"Change","damage_taken":0,"max_hp_gain":0,"max_hp_loss":0,"event_name":"Living Wall","floor":4,"gold_loss":0,"cards_obtained":["Corpse Explosion"]},{"cards_removed":["Strike_G"],"damage_healed":0,"gold_gain":0,"player_choice":"Purged","damage_taken":0,"max_hp_gain":0,"max_hp_loss":0,"event_name":"Purifier","floor":5,"gold_loss":0}],"is_beta":false,"boss_relics":[{"not_picked":["WristBlade","Ring of the Serpent"],"picked":"Runic Dome"}],"items_purged_floors":[],"is_endless":false,"potions_floor_spawned":[2,7,11,16,18,24,25],"killed_by":"Gensokyo:Eternal_Rivals","ascension_level":16}}