{"host":"u1o8dsgp2w96aev3","time":1608572717,"event":{"mods":["Act Like it!","BaseMod","Colored Powertips","Minty Spire (QoL Compilation)","Replay The Spire","StSLib","The Poker Player"],"gold_per_floor":[117,117,132,234,234,234,278,278,278,278,304,4,37,56,99,119,119,250,250,264,363,44,44,62,62,75,14,14,14,14,14],"floor_reached":29,"playtime":1234,"items_purged":[],"score":289,"play_id":"8085f81c-ef73-4f60-b898-8223beff7228","local_time":"20201222014517","is_ascension_mode":false,"metric_token":470,"campfire_choices":[{"data":"PokerPlayerMod:Fold","floor":6,"key":"SMITH"},{"floor":8,"key":"REST"},{"data":"PokerPlayerMod:DartThrow","floor":25,"key":"SMITH"}],"circlet_count":0,"master_deck":["PokerPlayerMod:Diamond1","PokerPlayerMod:Diamond2","PokerPlayerMod:Diamond3","PokerPlayerMod:Diamond4","PokerPlayerMod:Diamond5","PokerPlayerMod:Spade1","PokerPlayerMod:Spade2","PokerPlayerMod:Spade3","PokerPlayerMod:Spade6","PokerPlayerMod:Club1","PokerPlayerMod:Club2","PokerPlayerMod:Heart2","PokerPlayerMod:TrumpStrike+1","PokerPlayerMod:BadJoker+1","PokerPlayerMod:Mulligan","PokerPlayerMod:DartThrow+1","PokerPlayerMod:DartThrow","PokerPlayerMod:Fold+1","PokerPlayerMod:GamblerForm","PokerPlayerMod:DartThrow","PokerPlayerMod:Promotion+1","PokerPlayerMod:TheDieIsCast","PokerPlayerMod:DamnStraight","PokerPlayerMod:FillThePot","PokerPlayerMod:Club3","PokerPlayerMod:Sharpen","PokerPlayerMod:CardPrinter","PokerPlayerMod:Spade10+","PokerPlayerMod:Spade3","PokerPlayerMod:Spade5"],"relics":["PokerPlayerMod:DeckCase","Golden Idol","Replay:Bottled Flurry","War Paint","PokerPlayerMod:PendantOfEscape","The Courier","Omamori","ChewingGum","Membership Card","Bottled Lightning","PokerPlayerMod:BottledPoker","Gremlin Food","Mercury Hourglass"],"acts_visited":["Exordium","TheCity"],"potions_floor_usage":[15,15,29,29],"damage_taken":[{"damage":5,"enemies":"Jaw Worm","floor":1,"turns":2},{"damage":3,"enemies":"Small Slimes","floor":3,"turns":3},{"damage":14,"enemies":"Lagavulin","floor":7,"turns":5},{"damage":10,"enemies":"Gremlin Nob","floor":13,"turns":4},{"damage":0,"enemies":"2 Louse","floor":14,"turns":3},{"damage":7,"enemies":"Replay:BlueRogue","floor":15,"turns":7},{"damage":10,"enemies":"Large Slime","floor":16,"turns":2},{"damage":0,"enemies":"Hexaghost","floor":18,"turns":8},{"damage":19,"enemies":"Spheric Guardian","floor":20,"turns":5},{"damage":20,"enemies":"Shell Parasite","floor":24,"turns":5},{"damage":22,"enemies":"Centurion and Healer","floor":26,"turns":6},{"damage":12,"enemies":"Snecko","floor":29,"turns":3}],"seed_played":"-9128848986513640457","potions_obtained":[{"floor":13,"key":"SpeedPotion"},{"floor":14,"key":"Weak Potion"},{"floor":16,"key":"BlessingOfTheForge"},{"floor":24,"key":"Ancient Potion"}],"is_trial":false,"path_per_floor":["M","?","M","?","?","R","E","R","PTL","PTL","T","$","E","M","E","M","R","B",null,"M","?","$","?","M","R","M","$","T","M"],"character_chosen":"THE_POKER_PLAYER","items_purchased":["PokerPlayerMod:PendantOfEscape","PokerPlayerMod:TheDieIsCast","PokerPlayerMod:DamnStraight","Membership Card","Bottled Lightning","PokerPlayerMod:BottledPoker","Gremlin Food"],"campfire_rested":1,"item_purchase_floors":[12,12,12,22,22,22,27],"current_hp_per_floor":[54,43,43,21,21,21,9,24,24,24,24,24,18,18,14,7,22,24,53,34,34,34,34,17,17,1,1,1,0,0,0],"gold":14,"neow_bonus":"TEN_PERCENT_HP_BONUS","is_daily":false,"chose_seed":false,"campfire_upgraded":2,"win_rate":0.0,"timestamp":1608572717,"path_taken":["M","?","M","?","?","R","E","R","PTL","PTL","T","$","E","M","E","M","R","BOSS","M","?","$","?","M","R","M","?","T","M"],"items_purchased_type":["Relic","Card","Card","Relic","Relic","Relic","Relic"],"build_version":"2020-12-13","purchased_purges":0,"victory":false,"max_hp_per_floor":[57,57,57,57,53,53,53,53,53,53,53,53,53,53,53,53,53,53,53,53,53,53,53,53,53,53,53,53,53,53,53],"card_choices":[{"not_picked":["PokerPlayerMod:Spade4","PokerPlayerMod:Diamond1"],"picked":"PokerPlayerMod:DartThrow","floor":1},{"not_picked":["PokerPlayerMod:Diamond6","PokerPlayerMod:Spade5"],"picked":"PokerPlayerMod:DartThrow","floor":3},{"not_picked":["PokerPlayerMod:CardBurn","PokerPlayerMod:Diamond2"],"picked":"PokerPlayerMod:Fold","floor":4},{"not_picked":["PokerPlayerMod:Diamond3","PokerPlayerMod:DiamondStrike"],"picked":"PokerPlayerMod:GamblerForm","floor":4},{"not_picked":["PokerPlayerMod:DiamondStrike","PokerPlayerMod:SpadeStrike"],"picked":"PokerPlayerMod:DartThrow","floor":4},{"not_picked":["PokerPlayerMod:Spade6","PokerPlayerMod:Diamond1","PokerPlayerMod:Promotion"],"picked":"SKIP","floor":7},{"not_picked":["PokerPlayerMod:Spade6","PokerPlayerMod:Diamond1"],"picked":"PokerPlayerMod:Promotion","floor":7},{"not_picked":["PokerPlayerMod:DartThrow","PokerPlayerMod:Spade9"],"picked":"PokerPlayerMod:FillThePot","floor":13},{"not_picked":["PokerPlayerMod:Fold","PokerPlayerMod:MagicTrick"],"picked":"PokerPlayerMod:Club3","floor":14},{"not_picked":["PokerPlayerMod:Trickery","PokerPlayerMod:Diamond4"],"picked":"PokerPlayerMod:Sharpen","floor":15},{"not_picked":["PokerPlayerMod:Spade2","PokerPlayerMod:Trickery"],"picked":"PokerPlayerMod:CardPrinter","floor":16},{"not_picked":["PokerPlayerMod:ItsShowtime","PokerPlayerMod:Diamond8"],"picked":"PokerPlayerMod:Spade10+","floor":18},{"not_picked":["PokerPlayerMod:Diamond2","PokerPlayerMod:Diamond3"],"picked":"PokerPlayerMod:Spade3","floor":20},{"not_picked":["PokerPlayerMod:CloakAndDiamond","PokerPlayerMod:PoorCopy+1","PokerPlayerMod:Diamond4"],"picked":"SKIP","floor":24},{"not_picked":["PokerPlayerMod:Raise","PokerPlayerMod:Trickery"],"picked":"PokerPlayerMod:Spade5","floor":26}],"player_experience":281731,"relics_obtained":[{"floor":7,"key":"Replay:Bottled Flurry"},{"floor":11,"key":"War Paint"},{"floor":13,"key":"The Courier"},{"floor":15,"key":"Omamori"},{"floor":28,"key":"Mercury Hourglass"}],"event_choices":[{"damage_healed":0,"gold_gain":0,"player_choice":"Entered Light","damage_taken":11,"max_hp_gain":0,"max_hp_loss":0,"event_name":"Shining Light","floor":2,"gold_loss":0,"cards_upgraded":["PokerPlayerMod:TrumpStrike","PokerPlayerMod:Spade5"]},{"damage_healed":0,"gold_gain":0,"player_choice":"Lose Max HP","damage_taken":0,"relics_obtained":["Golden Idol"],"max_hp_gain":0,"max_hp_loss":4,"event_name":"Golden Idol","floor":5,"gold_loss":0},{"damage_healed":0,"gold_gain":99,"player_choice":"Stole From Cult","damage_taken":0,"max_hp_gain":0,"max_hp_loss":0,"event_name":"Nest","floor":21,"gold_loss":0},{"damage_healed":0,"gold_gain":0,"player_choice":"Ignored","damage_taken":0,"max_hp_gain":0,"max_hp_loss":0,"event_name":"Ghosts","floor":23,"gold_loss":0}],"is_beta":false,"boss_relics":[{"not_picked":["Cursed Key","Kintsugi"],"picked":"ChewingGum"}],"items_purged_floors":[],"is_endless":false,"potions_floor_spawned":[13,14,16,24],"killed_by":"Snecko","ascension_level":0}}