{"host":"hfvpa4llnnjpeawn","time":1608583372,"event":{"mods":["2.2 Compatiblity","AchievementEnabler","Act Like it!","Aspiration","Bard","BaseMod","Beaked The Cultist","Better Sensory Stone","Better Skull","Better Third Choice","BetterRewards","CapriCore","Conspire","Downfall","Elementarium","Energized Spire","Hubris","Infinite Spire","Jorbs\u0027s Wanderer Trilogy","Lobotomy","LobotomyExtend","Minty Spire (QoL Compilation)","Replay The Spire","Shade Mod","Spicy Shops","StSLib","The Bladedancer","The Factory","The Gatherer","The Jungle","Waifu the Spire","Wandering Minibosses"],"gold_per_floor":[276,289,30,47,47,47,47],"floor_reached":6,"playtime":265,"items_purged":[],"score":36,"play_id":"570875de-1f12-48e5-9221-dd1a427e00f0","local_time":"20201221154252","is_ascension_mode":false,"campfire_choices":[],"circlet_count":0,"master_deck":["SpecialBullet","SpecialBullet","SpecialBullet","SpecialBullet","SpecialBullet","SpecialBullet","SpecialBullet","SpecialBullet","TrainingCode","CentralCode","SecurityCode","FourthMatchFlame","CherryBlossom","RedShoes","InTheNameOfLoveAndHate"],"relics":["CogitoBucket","LetterFromLob","conspire:DeflatedDodgeball"],"acts_visited":["Exordium"],"potions_floor_usage":[6,6],"damage_taken":[{"damage":5,"enemies":"2 Louse","floor":1,"turns":3},{"damage":9,"enemies":"Cultist","floor":2,"turns":4},{"damage":11,"enemies":"Jaw Worm","floor":4,"turns":3},{"damage":74,"enemies":"Lagavulin","floor":6,"turns":7}],"seed_played":"5456669721608144157","potions_obtained":[{"floor":1,"key":"Weak Potion"},{"floor":2,"key":"Cursed Concoction"}],"is_trial":false,"path_per_floor":["M","M","$","M","$","E"],"character_chosen":"Angela","items_purchased":["conspire:DeflatedDodgeball"],"campfire_rested":0,"item_purchase_floors":[3],"current_hp_per_floor":[66,65,65,71,71,0,0],"gold":47,"neow_bonus":"TWENTY_PERCENT_HP_BONUS","is_daily":false,"chose_seed":false,"campfire_upgraded":0,"win_rate":0.0,"timestamp":1608583372,"path_taken":["M","M","$","M","$","E"],"items_purchased_type":["Relic"],"build_version":"2020-12-13","purchased_purges":0,"victory":false,"max_hp_per_floor":[84,84,84,84,84,84,84],"card_choices":[{"not_picked":["Horn"],"picked":"FourthMatchFlame","floor":1},{"not_picked":["CrumblingArmor","Mercenary"],"picked":"Woodsman","floor":2},{"not_picked":["RedEyes"],"picked":"CherryBlossom","floor":2},{"not_picked":["FairyFestival","VoidDream"],"picked":"RedShoes","floor":4},{"not_picked":["CherryBlossom"],"picked":"InTheNameOfLoveAndHate","floor":4}],"player_experience":304654,"relics_obtained":[{"floor":1,"key":"LetterFromLob"}],"event_choices":[],"is_beta":false,"boss_relics":[],"items_purged_floors":[],"is_endless":false,"potions_floor_spawned":[1,2],"killed_by":"Lagavulin","ascension_level":0}}