{"host":"nsu382cuivk29rjh","time":1608550709,"event":{"mods":["BaseMod","Minty Spire (QoL Compilation)","StSLib","【东方二次创作】八云紫mod"],"gold_per_floor":[130,149,74,174,193,222,235,265,265,279,279,179,179,192,192,290,290,303,321,196,207,63,83,115,168,236,253,253,352,384,90,90,185,185,197,197,212,37,53,78,106,131,143,175,37,37,64,77,77,77],"floor_reached":51,"playtime":4032,"items_purged":["AT_purpleEX","AT_purpleEX","AT_purpleEX","Defend_purpleEX","AT_purpleEX"],"score":761,"play_id":"d9e18d2c-e7dd-4da1-860b-e7eedd331645","local_time":"20201221193829","is_ascension_mode":false,"campfire_choices":[{"data":"Observe_purple_2","floor":11.0,"key":"SMITH"},{"data":"Fantasy_PerpetualMotionMachine_purple","floor":13.0,"key":"SMITH"},{"data":"Umbrella_purple","floor":15.0,"key":"SMITH"},{"floor":28.0,"key":"REST"},{"floor":32.0,"key":"RECALL"},{"floor":46,"key":"REST"},{"floor":49,"key":"REST"}],"circlet_count":0,"master_deck":["Defend_purpleEX","Defend_purpleEX","Defend_purpleEX","Observe_purple_1","Observe_purple_2+1","OmniscientAndOmnipotent_Monster_purple","WeekHit_purple","Fantasy_PerpetualMotionMachine_purple+1","Mirror_FormAndEmptin_purple","Worldmountain_purple","Umbrella_purple+1","SfantasyHide_purple","DarkRealmRedLine_purple","WangLiang_OokamiKakushi_purple","Anti_communist_purple","RuleDissolution_purple+1","StateDuplicate_purple+1","Nest_LightFlightworm_purple","Nest_LightFlightworm_purple+1","Human_Monster_Realm_purple","Mirror_FormAndEmptin_purple+1","WatchEyeChange_purple+1","Shallow_ocean_purpleEX+1","Charmbait_purple","ExistenceContinue_purple+1","Boundary_DynamicStaticEquilibrium_purple+1"],"relics":["Boundary_crack","Memoryfragments_purpleEX","NeowsBlessing","Lizard Tail","Ancient Tea Set","Mummified Hand","Fusion Hammer","Medical Kit","Turnip","MealTicket","Eternal Feather","Unceasing Top","Omamori","Runic Pyramid","WarpedTongs","MawBank","Potion Belt","Orrery","Bottled Flame"],"acts_visited":["Exordium","TheCity","TheBeyond"],"potions_floor_usage":[50,50,50,50,50],"damage_taken":[{"damage":0.0,"enemies":"Cultist","floor":1.0,"turns":1.0},{"damage":0.0,"enemies":"2 Louse","floor":2.0,"turns":1.0},{"damage":0.0,"enemies":"Jaw Worm","floor":5.0,"turns":1.0},{"damage":48.0,"enemies":"Gremlin Nob","floor":6.0,"turns":6.0},{"damage":0.0,"enemies":"Looter","floor":7.0,"turns":4.0},{"damage":25.0,"enemies":"3 Sentries","floor":8.0,"turns":8.0},{"damage":14.0,"enemies":"Gremlin Gang","floor":10.0,"turns":3.0},{"damage":0.0,"enemies":"Lots of Slimes","floor":14.0,"turns":1.0},{"damage":27.0,"enemies":"Slime Boss","floor":16.0,"turns":8.0},{"damage":0.0,"enemies":"Spheric Guardian","floor":18.0,"turns":3.0},{"damage":8.0,"enemies":"Chosen","floor":19.0,"turns":4.0},{"damage":22.0,"enemies":"Shelled Parasite and Fungi","floor":21.0,"turns":6.0},{"damage":4.0,"enemies":"Sentry and Sphere","floor":23.0,"turns":4.0},{"damage":22.0,"enemies":"Gremlin Leader","floor":24.0,"turns":3.0},{"damage":0.0,"enemies":"Snecko","floor":27.0,"turns":2.0},{"damage":34.0,"enemies":"Book of Stabbing","floor":30.0,"turns":3.0},{"damage":19.0,"enemies":"Automaton","floor":33.0,"turns":8.0},{"damage":16,"enemies":"3 Shapes","floor":35,"turns":5},{"damage":1,"enemies":"3 Darklings","floor":37,"turns":4},{"damage":0,"enemies":"Jaw Worm Horde","floor":39,"turns":4},{"damage":8,"enemies":"Nemesis","floor":40,"turns":5},{"damage":0,"enemies":"Maw","floor":41,"turns":4},{"damage":7,"enemies":"3 Darklings","floor":42,"turns":4},{"damage":12,"enemies":"Sphere and 2 Shapes","floor":44,"turns":3},{"damage":41,"enemies":"Reptomancer","floor":47,"turns":4},{"damage":0,"enemies":"Transient","floor":48,"turns":5},{"damage":51,"enemies":"Donu and Deca","floor":50,"turns":7}],"seed_played":"-394136567153628047","potions_obtained":[{"floor":5.0,"key":"Energy Potion"},{"floor":7.0,"key":"BlessingOfTheForge"},{"floor":8.0,"key":"Explosive Potion"},{"floor":10.0,"key":"Explosive Potion"},{"floor":21.0,"key":"Strength Potion"},{"floor":23.0,"key":"FairyPotion"},{"floor":33.0,"key":"Energy Potion"},{"floor":39,"key":"LiquidMemories"},{"floor":40,"key":"EntropicBrew"},{"floor":48,"key":"SkillPotion"}],"is_trial":false,"path_per_floor":["M","M","$","?","M","E","M","E","T","M","R","$","R","M","R","B",null,"M","M","$","M","$","M","E","T","T","M","R","?","E","$","R","B",null,"M","?","M","$","M","E","M","M","T","M","$","R","E","M","R","B",null],"character_chosen":"Youkari","items_purchased":["Medical Kit","Omamori","Orrery"],"campfire_rested":3,"item_purchase_floors":[22,31,45],"current_hp_per_floor":[70,70,70,70,70,23,28,8,8,32,32,32,32,32,32,18,70,70,63,63,52,52,53,36,36,36,41,70,70,38,53,65,52,70,57,57,59,70,70,69,70,70,70,62,70,70,33,35,70,19],"gold":77,"neow_bonus":"THREE_ENEMY_KILL","is_daily":false,"chose_seed":false,"campfire_upgraded":3,"win_rate":0.0,"timestamp":1608550709,"path_taken":["M","?","$","?","M","E","M","E","T","?","R","$","R","M","R","BOSS","M","M","$","M","$","M","E","?","T","M","R","?","E","?","R","BOSS","M","?","?","$","?","E","M","M","T","M","$","R","E","M","R","BOSS"],"items_purchased_type":["Relic","Relic","Relic"],"build_version":"2020-12-13","purchased_purges":5,"victory":true,"max_hp_per_floor":[70,70,70,70,70,70,70,70,70,70,70,70,70,70,70,70,70,70,70,70,70,70,70,70,70,70,70,70,70,70,70,70,70,70,70,70,70,70,70,70,70,70,70,70,70,70,70,70,70,70],"card_choices":[{"not_picked":["SfantasyHide_purple","DimensionStaggered_purple"],"picked":"OmniscientAndOmnipotent_Monster_purple","floor":1.0},{"not_picked":["Extrememeaning_purpleEX","OmniscientAndOmnipotent_Monster_purple"],"picked":"WeekHit_purple","floor":2.0},{"not_picked":["RuleDissolution_purple","DimensionStaggered_purple"],"picked":"Fantasy_PerpetualMotionMachine_purple","floor":5.0},{"not_picked":["RuleDissolution_purple","UniverseChoice_purple"],"picked":"Mirror_FormAndEmptin_purple","floor":6.0},{"not_picked":["AdvanceAttack_purple","PositiveMatter_Antimatter_Universe_purple"],"picked":"Worldmountain_purple","floor":7.0},{"not_picked":["Computing_the_future_purpleEX","Boundary_of_Extermination_purpleEX"],"picked":"Umbrella_purple","floor":8.0},{"not_picked":["StateDuplicate_purple","Bait_Toxicbait_purple"],"picked":"SfantasyHide_purple","floor":10.0},{"not_picked":["SfantasyHide_purple","WingOfChimera_purple"],"picked":"DarkRealmRedLine_purple","floor":14.0},{"not_picked":["Boundary_LifeAndDeath_purple","WasteWire_Metro_purple"],"picked":"WangLiang_OokamiKakushi_purple","floor":16.0},{"not_picked":["OpenedBox_purple","Realm_recovery_purpleEX"],"picked":"Anti_communist_purple","floor":18.0},{"not_picked":["SfantasyHide_purple","Boundary_of_Extermination_purpleEX+1"],"picked":"RuleDissolution_purple+1","floor":19.0},{"not_picked":["SfantasyHide_purple","RuleDissolution_purple","Realm_recovery_purpleEX"],"picked":"SKIP","floor":21.0},{"not_picked":["SfantasyHide_purple","RuleDissolution_purple","Realm_recovery_purpleEX"],"picked":"SKIP","floor":21.0},{"not_picked":["Mirror_FourBoundary_purple","OmniscientAndOmnipotent_Monster_purple"],"picked":"StateDuplicate_purple+1","floor":23.0},{"not_picked":["Theboundaryofcreation_purpleEX","Mirror_FourBoundary_purple"],"picked":"Nest_LightFlightworm_purple","floor":24.0},{"not_picked":["SfantasyHide_purple+1","StateErode_purple"],"picked":"Nest_LightFlightworm_purple+1","floor":27.0},{"not_picked":["SfantasyHide_purple+1","FragmentationRealm_purple","StateErode_purple"],"picked":"SKIP","floor":30.0},{"not_picked":["MagicEyes_LaplaceDemon_purple","Mirror_TwoAndThreeElementRealm_purple"],"picked":"Human_Monster_Realm_purple","floor":33.0},{"not_picked":["Realm_recovery_purpleEX","Shallow_ocean_purpleEX","Worldmountain_purple+1"],"picked":"SKIP","floor":35},{"not_picked":["DimensionStaggered_purple","Anti_communist_purple"],"picked":"Mirror_FormAndEmptin_purple+1","floor":37},{"not_picked":["WingOfChimera_purple","StateDuplicate_purple+1"],"picked":"WatchEyeChange_purple+1","floor":39},{"not_picked":["DarkRealmRedLine_purple+1","MeetDecomposer_purple"],"picked":"Shallow_ocean_purpleEX+1","floor":40},{"not_picked":["Mirror_FormAndEmptin_purple","SharpContractionReality_purple+1","OmniscientAndOmnipotent_Monster_purple"],"picked":"SKIP","floor":41},{"not_picked":["Mirror_WaveAndshot_purple+1","Mirror_FormAndEmptin_purple+1"],"picked":"Charmbait_purple","floor":42},{"not_picked":["GluttonyofRealm_purpleEX","Line_surface_state_purple+1","StateDuplicate_purple+1"],"picked":"SKIP","floor":44},{"not_picked":["StateErode_purple+1","Boundary_LightAndDark_purple+1"],"picked":"ExistenceContinue_purple+1","floor":45},{"not_picked":["AdvanceAttack_purple","WeekHit_purple+1"],"picked":"Boundary_DynamicStaticEquilibrium_purple+1","floor":47},{"not_picked":["StateDuplicate_purple","Boundary_DreamRealityDamnation_purple","Realm_recovery_purpleEX+1"],"picked":"SKIP","floor":48}],"player_experience":1105397,"relics_obtained":[{"floor":6.0,"key":"Lizard Tail"},{"floor":8.0,"key":"Ancient Tea Set"},{"floor":9.0,"key":"Mummified Hand"},{"floor":24.0,"key":"Turnip"},{"floor":25.0,"key":"MealTicket"},{"floor":26.0,"key":"Eternal Feather"},{"floor":30.0,"key":"Unceasing Top"},{"floor":40,"key":"MawBank"},{"floor":43,"key":"Potion Belt"},{"floor":47,"key":"Bottled Flame"}],"event_choices":[{"damage_healed":0.0,"max_hp_gain":0.0,"max_hp_loss":0.0,"gold_gain":100.0,"event_name":"Wheel of Change","player_choice":"Gold","floor":4.0,"gold_loss":0.0,"damage_taken":0.0},{"damage_healed":0.0,"max_hp_gain":0.0,"max_hp_loss":0.0,"gold_gain":99.0,"event_name":"Nest","player_choice":"Stole From Cult","floor":29.0,"gold_loss":0.0,"damage_taken":0.0},{"damage_healed":0,"gold_gain":0,"player_choice":"Rummage","damage_taken":0,"relics_obtained":["WarpedTongs"],"max_hp_gain":0,"max_hp_loss":0,"event_name":"Accursed Blacksmith","floor":36,"gold_loss":0,"cards_obtained":["Pain"]}],"is_beta":false,"boss_relics":[{"not_picked":["Tiny House","Cursed Key"],"picked":"Fusion Hammer"},{"not_picked":["Black Star","Pandora\u0027s Box"],"picked":"Runic Pyramid"}],"items_purged_floors":[3,12,20,31,38],"is_endless":false,"potions_floor_spawned":[5,7,8,10,21,23,33,35,39,40,42,48],"ascension_level":0}}