{"host":"jx3f6ezc0g3s9edc","time":1608518746,"event":{"mods":["AchievementEnabler","BaseMod","Bestiary","Colored Map","Highlight Path","Minty Spire (QoL Compilation)","StSLib"],"gold_per_floor":[110,123,48,48,67,94,94,94,145,172,172,190,190,206,206,301,301,314,330,344,33,33,33],"floor_reached":22,"playtime":1434,"items_purged":["Strike_G"],"score":294,"play_id":"23bca914-cb1c-4eac-a254-3f96d8dab34b","local_time":"20201220214546","is_ascension_mode":true,"campfire_choices":[{"floor":8.0,"key":"REST"},{"floor":11,"key":"REST"},{"data":"Deadly Poison","floor":13,"key":"SMITH"},{"floor":15,"key":"REST"}],"circlet_count":0,"master_deck":["AscendersBane","Strike_G","Strike_G","Strike_G","Defend_G","Defend_G","Defend_G","Defend_G","Defend_G","Survivor","Neutralize","Sucker Punch","Deadly Poison+1","Underhanded Strike","Dagger Spray","Blade Dance","A Thousand Cuts","Blind","Well Laid Plans","Deadly Poison","Blade Dance","After Image","Flying Knee"],"relics":["Ring of the Snake","Lantern","Oddly Smooth Stone","Pantograph","WristBlade","Incense Burner"],"acts_visited":["Exordium","TheCity"],"potions_floor_usage":[16],"damage_taken":[{"damage":4.0,"enemies":"Cultist","floor":1.0,"turns":5.0},{"damage":0.0,"enemies":"Small Slimes","floor":2.0,"turns":4.0},{"damage":0.0,"enemies":"2 Louse","floor":5.0,"turns":3.0},{"damage":41.0,"enemies":"Lagavulin","floor":6.0,"turns":9.0},{"damage":20,"enemies":"3 Sentries","floor":10,"turns":7},{"damage":11,"enemies":"Gremlin Gang","floor":12,"turns":3},{"damage":5,"enemies":"3 Louse","floor":14,"turns":2},{"damage":28,"enemies":"Slime Boss","floor":16,"turns":6},{"damage":10,"enemies":"Spheric Guardian","floor":18,"turns":4},{"damage":18,"enemies":"2 Thieves","floor":19,"turns":4},{"damage":37,"enemies":"Sentry and Sphere","floor":20,"turns":7},{"damage":7,"enemies":"Snake Plant","floor":22,"turns":2}],"seed_played":"4244532839809860600","potions_obtained":[{"floor":1.0,"key":"Ancient Potion"},{"floor":2.0,"key":"GamblersBrew"},{"floor":5.0,"key":"AttackPotion"},{"floor":12,"key":"CunningPotion"},{"floor":16,"key":"Energy Potion"},{"floor":18,"key":"FearPotion"}],"is_trial":false,"path_per_floor":["M","M","$","?","M","E","?","R","T","E","R","M","R","M","R","B",null,"M","M","M","$","M"],"character_chosen":"THE_SILENT","items_purchased":["Incense Burner"],"campfire_rested":3,"item_purchase_floors":[21],"current_hp_per_floor":[66,66,66,66,66,25,25,48,48,28,51,40,40,35,58,49,70,60,42,5,5,0,0],"gold":33,"neow_bonus":"TEN_PERCENT_HP_BONUS","is_daily":false,"chose_seed":false,"campfire_upgraded":1,"win_rate":0.0,"timestamp":1608518746,"path_taken":["M","?","$","?","?","E","?","R","T","E","R","M","R","M","R","BOSS","M","?","M","$","M"],"items_purchased_type":["Relic"],"build_version":"2020-12-13","purchased_purges":1,"victory":false,"max_hp_per_floor":[77,77,77,77,77,77,77,77,77,77,77,77,77,77,77,77,77,77,77,77,77,77,77],"card_choices":[{"not_picked":["Finisher","Dodge and Roll"],"picked":"Sucker Punch","floor":1.0},{"not_picked":["Concentrate","Underhanded Strike"],"picked":"Deadly Poison","floor":2.0},{"not_picked":["Acrobatics","Backstab"],"picked":"Dagger Spray","floor":5.0},{"not_picked":["Prepared","Die Die Die"],"picked":"Blade Dance","floor":6.0},{"not_picked":["All Out Attack","Underhanded Strike"],"picked":"Well Laid Plans","floor":10},{"not_picked":["Finisher","Flying Knee"],"picked":"Deadly Poison","floor":12},{"not_picked":["Well Laid Plans","Prepared"],"picked":"Blade Dance","floor":14},{"not_picked":["Doppelganger","Unload"],"picked":"After Image","floor":16},{"not_picked":["Dagger Spray","Slice"],"picked":"Flying Knee","floor":18},{"not_picked":["Slice","Bane","Well Laid Plans"],"picked":"SKIP","floor":19},{"not_picked":["Flechettes","Bouncing Flask","Crippling Poison"],"picked":"SKIP","floor":20}],"player_experience":704817,"relics_obtained":[{"floor":6.0,"key":"Lantern"},{"floor":9.0,"key":"Oddly Smooth Stone"},{"floor":10,"key":"Pantograph"}],"event_choices":[{"damage_healed":0.0,"max_hp_gain":0.0,"max_hp_loss":0.0,"gold_gain":0.0,"cards_transformed":["Strike_G"],"event_name":"Transmorgrifier","player_choice":"Transformed","floor":4.0,"gold_loss":0.0,"damage_taken":0.0,"cards_obtained":["Underhanded Strike"]},{"damage_healed":0.0,"max_hp_gain":0.0,"max_hp_loss":0.0,"gold_gain":0.0,"event_name":"Match and Keep!","player_choice":"2 cards matched","floor":7.0,"gold_loss":0.0,"damage_taken":0.0,"cards_obtained":["A Thousand Cuts","Blind"]}],"is_beta":false,"boss_relics":[{"not_picked":["Runic Dome","Tiny House"],"picked":"WristBlade"}],"items_purged_floors":[3],"is_endless":false,"potions_floor_spawned":[1,2,5,12,16,18,19],"killed_by":"Snake Plant","ascension_level":10}}