{"host":"iy58fyt9wsbv4cf1","time":1608587517,"event":{"mods":["BaseMod","Better Altar","Better Match","Better Skull","Better Third Choice","BetterRewards","Conspire","Custom Start","Defuse TimeMaze Blight","Hubris","Infinite Spire","Minty Spire (QoL Compilation)","Permanent Neow","Quick Restart","Spicy Shops","StSLib"],"gold_per_floor":[119,132,78,97,326,326,355,355,432,447,447,463,463,478,478,583,583,602,602,613,251,266,123,123,223,223,233,233,245,245,257,257,357,357,370,370,370,370,386,416,432,465,465,465,375,375,395,90,90,90,90,90,11,44,44],"floor_reached":56,"playtime":1490,"items_purged":["Strike_R"],"score":1357,"play_id":"7454cd7a-ce8b-4193-97be-a54e48e35de7","local_time":"20201221165157","is_ascension_mode":false,"campfire_choices":[{"data":"Flex","floor":6,"key":"SMITH"},{"data":"Whirlwind","floor":8,"key":"SMITH"},{"data":"Inflame","floor":11,"key":"SMITH"},{"floor":15,"key":"REST"},{"floor":28,"key":"RECALL"},{"data":"Heavy Blade","floor":32,"key":"SMITH"},{"data":"infinitespire:Collect","floor":44,"key":"SMITH"},{"data":"Seeing Red","floor":46,"key":"SMITH"},{"data":"Inflame","floor":49,"key":"SMITH"},{"data":"Shrug It Off","floor":52,"key":"SMITH"}],"circlet_count":0,"master_deck":["Defend_R","Defend_R","Bash+1","Inflame+1","Whirlwind+1","Inflame+1","Flex+1","Shrug It Off+1","infinitespire:Collect+1","infinitespire:OneForAll+1","Flex+1","Heavy Blade+1","Seeing Red+1","Shrug It Off+1","Inflame"],"relics":["Burning Blood","hubris:Potato","hubris:IronBody","hubris:MysteriousPyramids","Matryoshka","Coffee Dripper","Bottled Tornado","Bag of Preparation","hubris:SphereOfDissonance","Black Star","hubris:MobiusCoin","Pear","hubris:CrystalStatue","Whetstone","Ancient Tea Set","Boot","Magic Flower","Juzu Bracelet","infinitespire:Joker Card","Lantern"],"acts_visited":["Exordium","TheCity","TheBeyond","TheEnding"],"potions_floor_usage":[7,14,16,40,40,55,55],"damage_taken":[{"damage":5,"enemies":"2 Louse","floor":1,"turns":2},{"damage":2,"enemies":"Cultist","floor":2,"turns":3},{"damage":2,"enemies":"Jaw Worm","floor":4,"turns":4},{"damage":0,"enemies":"3 Sentries","floor":7,"turns":1},{"damage":0,"enemies":"3 Louse","floor":10,"turns":1},{"damage":5,"enemies":"Looter","floor":12,"turns":2},{"damage":0,"enemies":"Gremlin Gang","floor":14,"turns":2},{"damage":20,"enemies":"Hexaghost","floor":16,"turns":7},{"damage":0,"enemies":"Chosen","floor":18,"turns":4},{"damage":3,"enemies":"Shell Parasite","floor":20,"turns":4},{"damage":4,"enemies":"Snake Plant","floor":22,"turns":3},{"damage":2,"enemies":"Shelled Parasite and Fungi","floor":27,"turns":3},{"damage":11,"enemies":"Centurion and Healer","floor":29,"turns":3},{"damage":0,"enemies":"Snake Plant","floor":31,"turns":1},{"damage":20,"enemies":"hubris:MusketHawk","floor":33,"turns":5},{"damage":0,"enemies":"Orb Walker","floor":35,"turns":2},{"damage":0,"enemies":"3 Shapes","floor":39,"turns":3},{"damage":9,"enemies":"Nemesis","floor":40,"turns":5},{"damage":5,"enemies":"3 Darklings","floor":41,"turns":3},{"damage":21,"enemies":"Reptomancer","floor":42,"turns":4},{"damage":0,"enemies":"Sphere and 2 Shapes","floor":47,"turns":1},{"damage":14,"enemies":"hubris:GrandSnecko","floor":50,"turns":3},{"damage":0,"enemies":"Shield and Spear","floor":54,"turns":2},{"damage":28,"enemies":"The Heart","floor":55,"turns":6}],"seed_played":"-3734477270236619923","potions_obtained":[{"floor":1,"key":"infinitespire:BlackPotion"},{"floor":10,"key":"FearPotion"},{"floor":12,"key":"SpeedPotion"},{"floor":18,"key":"Energy Potion"},{"floor":22,"key":"BloodPotion"},{"floor":35,"key":"infinitespire:BlackPotion"},{"floor":41,"key":"Weak Potion"},{"floor":54,"key":"Dexterity Potion"}],"is_trial":false,"path_per_floor":["M","M","$","M","?","R","E","R","T","M","R","M","?","M","R","B",null,"M","?","M","$","M","$","?","?","T","M","R","M","$","M","R","B",null,"M","?","$","?","M","E","M","E","T","R","?","R","M","$","R","B",null,"R","$","E","B",null],"character_chosen":"IRONCLAD","items_purchased":["hubris:Potato","hubris:IronBody","Inflame","Whirlwind","Flex","Bottled Tornado","Flex","Bag of Preparation","Magic Flower","Juzu Bracelet","Inflame"],"campfire_rested":1,"item_purchase_floors":[0,0,0,0,3,21,21,23,48,48,53],"current_hp_per_floor":[45,49,49,53,37,37,43,43,43,49,49,50,29,35,59,45,80,80,80,80,80,80,80,64,64,64,68,68,63,63,69,69,55,80,80,80,80,80,80,87,88,73,73,73,73,73,79,79,79,74,90,90,90,90,71],"gold":44,"neow_bonus":"","is_daily":false,"chose_seed":false,"campfire_upgraded":8,"win_rate":0.0,"timestamp":1608587517,"path_taken":["M","M","$","M","?","R","E","R","T","M","R","?","?","M","R","BOSS","M","?","M","$","?","$","?","?","T","M","R","?","?","M","R","BOSS","M","?","$","?","M","E","M","E","T","R","?","R","?","?","R","BOSS","R","$","E","BOSS"],"items_purchased_type":["Relic","Relic","Card","Card","Card","Relic","Card","Relic","Relic","Relic","Card"],"build_version":"2020-12-13","purchased_purges":1,"victory":true,"max_hp_per_floor":[80,80,80,80,80,80,80,80,80,80,80,80,80,80,80,80,80,80,80,80,80,80,80,80,80,80,80,80,80,80,80,80,80,80,80,80,80,80,80,90,90,90,90,90,90,90,90,90,90,90,90,90,90,90,90],"card_choices":[{"not_picked":["Ghostly Armor","Perfected Strike"],"picked":"Inflame","floor":1},{"not_picked":["Iron Wave","Headbutt","Uppercut"],"picked":"SKIP","floor":2},{"not_picked":["Dark Embrace","Body Slam","Warcry"],"picked":"SKIP","floor":4},{"not_picked":["conspire:Charge","True Grit","Shockwave"],"picked":"SKIP","floor":7},{"not_picked":["Infernal Blade","Feel No Pain","Blood for Blood"],"picked":"SKIP","floor":10},{"not_picked":["Wild Strike","Pommel Strike"],"picked":"Shrug It Off","floor":12},{"not_picked":["infinitespire:NeuralNetwork","infinitespire:Punishment"],"picked":"infinitespire:Collect","floor":13},{"not_picked":["Pommel Strike","Armaments","Anger"],"picked":"SKIP","floor":14},{"not_picked":["Berserk","Juggernaut"],"picked":"conspire:Purge","floor":16},{"not_picked":["Disarm","Cleave","Wild Strike"],"picked":"SKIP","floor":18},{"not_picked":["Body Slam","Cleave+1","Clash"],"picked":"SKIP","floor":20},{"not_picked":["Intimidate+1","True Grit"],"picked":"Heavy Blade","floor":22},{"not_picked":["Inflame","Havoc+1","Brutality"],"picked":"SKIP","floor":27},{"not_picked":["Rage","Heavy Blade+1","Blood for Blood+1"],"picked":"SKIP","floor":29},{"not_picked":["Heavy Blade","Pommel Strike","Metallicize"],"picked":"SKIP","floor":31},{"not_picked":["Dark Embrace+1","Seeing Red","Intimidate+1"],"picked":"SKIP","floor":35},{"not_picked":["Anger+1","Shrug It Off+1","Flame Barrier+1"],"picked":"SKIP","floor":39},{"not_picked":["Anger+1","Flame Barrier+1"],"picked":"Shrug It Off+1","floor":39},{"not_picked":["Shrug It Off+1","True Grit+1","Dark Embrace+1"],"picked":"SKIP","floor":40},{"not_picked":["Pommel Strike+1","Seeing Red","Thunderclap+1"],"picked":"SKIP","floor":41},{"not_picked":["Evolve","Pommel Strike","Blood for Blood+1"],"picked":"SKIP","floor":42},{"not_picked":["True Grit","Dual Wield+1","Reckless Charge"],"picked":"SKIP","floor":47},{"not_picked":["Armaments","Anger","Twin Strike"],"picked":"SKIP","floor":54}],"player_experience":29261,"relics_obtained":[{"floor":7,"key":"hubris:MysteriousPyramids"},{"floor":9,"key":"Matryoshka"},{"floor":26,"key":"hubris:SphereOfDissonance"},{"floor":40,"key":"hubris:MobiusCoin"},{"floor":40,"key":"Pear"},{"floor":42,"key":"hubris:CrystalStatue"},{"floor":42,"key":"Whetstone"},{"floor":43,"key":"Ancient Tea Set"},{"floor":43,"key":"Boot"},{"floor":54,"key":"infinitespire:Joker Card"},{"floor":54,"key":"Lantern"}],"event_choices":[{"damage_healed":0,"gold_gain":229,"player_choice":"GO GO ","damage_taken":18,"relics_obtained":[],"max_hp_gain":0,"max_hp_loss":0,"event_name":"betterSkull:BetterSkull","floor":5,"gold_loss":0,"cards_upgraded":[]},{"damage_healed":0,"gold_gain":0,"player_choice":"Read","damage_taken":0,"max_hp_gain":0,"max_hp_loss":0,"event_name":"The Library","floor":19,"gold_loss":0,"cards_obtained":["infinitespire:OneForAll"]},{"damage_healed":0,"gold_gain":0,"player_choice":"Obtained Book","damage_taken":16,"max_hp_gain":0,"max_hp_loss":0,"event_name":"Cursed Tome","floor":24,"gold_loss":0},{"damage_healed":0,"gold_gain":100,"player_choice":"Pray","damage_taken":0,"max_hp_gain":0,"max_hp_loss":0,"event_name":"Golden Shrine","floor":25,"gold_loss":0},{"damage_healed":0,"gold_gain":0,"player_choice":"Leave","damage_taken":0,"max_hp_gain":0,"max_hp_loss":0,"event_name":"conspire:Investor","floor":38,"gold_loss":0},{"cards_removed":["conspire:Purge"],"damage_healed":0,"gold_gain":0,"player_choice":"Upgrade and Remove","damage_taken":0,"max_hp_gain":0,"max_hp_loss":0,"event_name":"Designer","floor":45,"gold_loss":90,"cards_upgraded":["Flex"]}],"is_beta":false,"boss_relics":[{"not_picked":["Cursed Key","Astrolabe"],"picked":"Coffee Dripper"},{"not_picked":["Philosopher\u0027s Stone","Fusion Hammer"],"picked":"Black Star"}],"items_purged_floors":[21],"is_endless":false,"potions_floor_spawned":[1,10,12,18,22,35,41,54],"ascension_level":0}}