{"host":"p5axfb00mxhraew6","time":1608535624,"event":{"mods":["Abigail Mod","Act Like it!","BaseMod","CapriCore","Friendly Minions","GifTheSpireLib","Jedi Mod","KomeijiMod","MarisaÅiñ∂âJÅ@ñÇóùçπÅj","Minty Spire (QoL Compilation)","Prisma Mod","ReimuÅiîé??öÎÅj","RemiliaÅiÂQïƒ‰ª?Åj","SOSÅiézîb?îVéqÅj","StSLib","Td1madao Mod","The Alterego","The Animator","The Immortal","The Marked","The Problem Sleuth","TheSwordswoman","TheWitcher","YoumuÅiç∞ÈÆódöÎÅj","Åy?ï˚ìÒéü?çÏÅzî™â]éámod"],"gold_per_floor":[138,138,11,27,47,74,74,107,107,27,27,43,43,60,60,132,132,149,149,1,0,0,0,0,0,0,0,0,0,0,0,0,0,0,0,0,0,0,0,0,0,0,0,0,0,0,0,0,0,0,0,0,0,0,0],"floor_reached":56,"playtime":2970,"items_purged":["AT_purpleEX","AT_purpleEX"],"score":2337,"play_id":"cc718534-aa1c-4f9c-a1e1-898b7ab6dcdb","local_time":"20201221162704","is_ascension_mode":true,"campfire_choices":[{"data":"DimensionStaggered_purple","floor":7.0,"key":"SMITH"},{"data":"CommonSense_AntiCommonSense_purple","floor":11.0,"key":"SMITH"},{"data":"LoveAcrossDimensions_purple","floor":15,"key":"SMITH"},{"data":"Mirror_FourBoundary_purple","floor":23,"key":"SMITH"},{"data":"SharpContractionReality_purple","floor":28,"key":"SMITH"},{"floor":32,"key":"RECALL"},{"data":"Mirror_WaveAndshot_purple","floor":40,"key":"SMITH"},{"data":"Shallow_ocean_purpleEX","floor":46,"key":"SMITH"},{"data":"RuptureOfTimeAndSpace_purple","floor":49,"key":"SMITH"},{"data":"AdvanceAttack_purple","floor":52,"key":"SMITH"}],"circlet_count":0,"master_deck":["AscendersBane","AT_purpleEX","Defend_purpleEX","Defend_purpleEX","Defend_purpleEX","Defend_purpleEX","Observe_purple_1","Observe_purple_2+1","DimensionStaggered_purple+1","OmniscientAndOmnipotent_Monster_purple","DimensionStaggered_purple","Boundary_of_Extermination_purpleEX","AdvanceAttack_purple+1","Mirror_WaveAndshot_purple+1","CommonSense_AntiCommonSense_purple+1","SharpContractionReality_purple+1","LoveAcrossDimensions_purple+1","Fancifulhole_purple","StateErode_purple","Mirror_FourBoundary_purple+1","MNeedle_purple","AdvanceAttack_purple","Mirror_TwoAndThreeElementRealm_purple","Shallow_ocean_purpleEX+1","Boundary_LifeAndDeath_purple","Mirror_FormAndEmptin_purple+1","Nest_LightFlightworm_purple+1","DimensionStaggered_purple","AdvanceAttack_purple+1","Mirror_FormAndEmptin_purple+1","StateErode_purple+1","RuptureOfTimeAndSpace_purple+1","AdvanceAttack_purple"],"relics":["Boundary_crack","Memoryfragments_purpleEX","Lantern","Anchor","Meat on the Bone","Sundial","ThirstyCross","jedi:hotpepper","MutagenicStrength","jedi:ominousloannote","CaptainsWheel","Tiny Chest","Oddly Smooth Stone","alterego_mod:SomeoneToFightFor","Parasol_purpleEX","Bronze Scales","Philosopher\u0027s Stone","CatCart","Happy Flower","Shuriken","Antimatter_spacedebris","RuthlessExorcism:ReiMu"],"acts_visited":["Exordium","TheCity","TheBeyond","TheEnding"],"potions_floor_usage":[37,37,50,55],"damage_taken":[{"damage":0.0,"enemies":"2 Louse","floor":1.0,"turns":3.0},{"damage":0.0,"enemies":"Cultist","floor":4.0,"turns":4.0},{"damage":5.0,"enemies":"Small Slimes","floor":5.0,"turns":4.0},{"damage":52.0,"enemies":"Lagavulin","floor":6.0,"turns":12.0},{"damage":5.0,"enemies":"Gremlin Nob","floor":8.0,"turns":2.0},{"damage":2.0,"enemies":"Exordium Wildlife","floor":12.0,"turns":3.0},{"damage":0,"enemies":"Looter","floor":14,"turns":2},{"damage":31,"enemies":"The Guardian","floor":16,"turns":9},{"damage":1,"enemies":"Shell Parasite","floor":18,"turns":3},{"damage":3,"enemies":"2 Thieves","floor":21,"turns":4},{"damage":0,"enemies":"Snake Plant","floor":24,"turns":2},{"damage":16,"enemies":"Gremlin Leader","floor":25,"turns":6},{"damage":17,"enemies":"Slavers","floor":29,"turns":6},{"damage":3,"enemies":"Centurion and Healer","floor":30,"turns":4},{"damage":0,"enemies":"Gremlin Leader","floor":31,"turns":4},{"damage":6,"enemies":"Champ","floor":33,"turns":6},{"damage":9,"enemies":"3 Darklings","floor":35,"turns":4},{"damage":0,"enemies":"Orin","floor":37,"turns":6},{"damage":0,"enemies":"Orb Walker","floor":38,"turns":3},{"damage":0,"enemies":"Orb Walker","floor":39,"turns":2},{"damage":24,"enemies":"Giant Head","floor":41,"turns":8},{"damage":1,"enemies":"Jaw Worm Horde","floor":44,"turns":3},{"damage":0,"enemies":"4 Shapes","floor":45,"turns":2},{"damage":4,"enemies":"Nemesis","floor":47,"turns":3},{"damage":0,"enemies":"Spire Growth","floor":48,"turns":3},{"damage":25,"enemies":"Awakened One","floor":50,"turns":8},{"damage":2,"enemies":"Shield and Spear","floor":54,"turns":4},{"damage":3,"enemies":"The Heart","floor":55,"turns":6}],"seed_played":"5244608116954469750","potions_obtained":[{"floor":5.0,"key":"ZuzhouPotion:ReiMu"},{"floor":6.0,"key":"jedi:StrikingPotion"},{"floor":14,"key":"jedi:tentaclejuice"},{"floor":18,"key":"jedi:holywater"},{"floor":29,"key":"LiquidMemories"},{"floor":41,"key":"Explosive Potion"},{"floor":45,"key":"LiquidMemories"},{"floor":54,"key":"Fire Potion"}],"is_trial":false,"path_per_floor":["M","?","$","M","M","E","R","E","T","$","R","M","?","M","R","B",null,"M","?","$","M","$","R","M","E","T","?","R","E","M","E","R","B",null,"M","$","?","M","?","R","E","T","T","M","M","R","E","M","R","B",null,"R","$","E","B",null],"character_chosen":"Youkari","items_purchased":["OmniscientAndOmnipotent_Monster_purple","CommonSense_AntiCommonSense_purple","Mirror_FourBoundary_purple","jedi:ominousloannote","CaptainsWheel","MNeedle_purple"],"campfire_rested":0,"item_purchase_floors":[3,10,20,20,20,20],"current_hp_per_floor":[61,61,61,65,65,18,18,16,16,16,16,31,31,48,48,32,44,43,43,43,45,45,45,48,32,32,32,32,36,39,39,39,33,44,36,36,36,36,47,47,30,30,30,29,48,48,45,45,45,32,44,44,44,48,48],"gold":0,"neow_bonus":"RANDOM_COMMON_RELIC","is_daily":false,"chose_seed":false,"campfire_upgraded":9,"win_rate":0.0,"timestamp":1608535624,"path_taken":["M","?","$","M","M","E","R","E","T","$","R","?","?","M","R","BOSS","M","?","$","M","?","R","M","E","T","?","R","E","M","E","R","BOSS","M","$","?","M","?","R","E","?","T","M","?","R","E","M","R","BOSS","R","$","E","BOSS"],"items_purchased_type":["Card","Card","Card","Relic","Relic","Card"],"build_version":"2020-12-13","purchased_purges":2,"victory":true,"max_hp_per_floor":[65,65,65,65,65,65,65,65,65,65,65,65,65,65,65,65,48,48,48,48,48,48,48,48,48,48,48,48,48,48,48,48,48,48,48,48,48,48,48,48,48,48,48,48,48,48,48,48,48,48,48,48,48,48,48],"card_choices":[{"not_picked":["Realm_recovery_purpleEX","MNeedle_purple"],"picked":"DimensionStaggered_purple","floor":1.0},{"not_picked":["MeetDecomposer_purple","SharpContractionReality_purple"],"picked":"DimensionStaggered_purple","floor":4.0},{"not_picked":["ExistenceContinue_purple","Realm_recovery_purpleEX"],"picked":"Boundary_of_Extermination_purpleEX","floor":5.0},{"not_picked":["RealityDreamConfluencek_purple","WasteWire_Metro_purple"],"picked":"AdvanceAttack_purple","floor":6.0},{"not_picked":["ExistenceContinue_purple","Mirror_FormAndEmptin_purple"],"picked":"Mirror_WaveAndshot_purple","floor":8.0},{"not_picked":["StateErode_purple","DimensionStaggered_purple"],"picked":"SharpContractionReality_purple","floor":12.0},{"not_picked":["Worldmountain_purple","Nest_LightFlightworm_purple"],"picked":"LoveAcrossDimensions_purple","floor":14},{"not_picked":["WasteWire_Metro_purple","WangLiang_LineAndCurveDreams_purple"],"picked":"Fancifulhole_purple","floor":16},{"not_picked":["Erosivefilter_purple","WeekHit_purple"],"picked":"StateErode_purple","floor":18},{"not_picked":["Realm_recovery_purpleEX","Mirror_Drifter_purple"],"picked":"AdvanceAttack_purple","floor":21},{"not_picked":["WingOfChimera_purple","Line_surface_state_purple","Know_ledgeAbilityRealm_purple"],"picked":"SKIP","floor":24},{"not_picked":["PositiveMatter_Antimatter_Universe_purple","RuleDissolution_purple","Boundary_LightAndDark_purple"],"picked":"SKIP","floor":25},{"not_picked":["Bait_HighSpeedFlying_purple","StateErode_purple"],"picked":"Mirror_TwoAndThreeElementRealm_purple","floor":29},{"not_picked":["Mirror_FormAndEmptin_purple","MonsterNeedle_purple"],"picked":"Shallow_ocean_purpleEX","floor":30},{"not_picked":["Line_surface_state_purple","Mirror_FormAndEmptin_purple","ContainerChange_purple"],"picked":"SKIP","floor":31},{"not_picked":["MagicEyes_LaplaceDemon_purple","BarrageBoundary_PipeDream_purple"],"picked":"Boundary_LifeAndDeath_purple","floor":33},{"not_picked":["Extrememeaning_purpleEX","SfantasyHide_purple"],"picked":"Mirror_FormAndEmptin_purple+1","floor":35},{"not_picked":["SfantasyHide_purple","Line_surface_state_purple+1"],"picked":"Nest_LightFlightworm_purple+1","floor":37},{"not_picked":["SfantasyHide_purple","Price_of_realm_purpleEX","SharpContractionReality_purple"],"picked":"SKIP","floor":38},{"not_picked":["RuleDissolution_purple","ExistenceContinue_purple"],"picked":"DimensionStaggered_purple","floor":41},{"not_picked":["OmniscientAndOmnipotent_Monster_purple","Boundary_of_Extermination_purpleEX"],"picked":"AdvanceAttack_purple+1","floor":44},{"not_picked":["RuleDissolution_purple","EighthInstrument_OneDividesIntoTwo_purple"],"picked":"Mirror_FormAndEmptin_purple+1","floor":45},{"not_picked":["DimensionStaggered_purple","Worldmountain_purple"],"picked":"StateErode_purple+1","floor":47},{"not_picked":["Erosivefilter_purple+1","StateErode_purple"],"picked":"RuptureOfTimeAndSpace_purple","floor":48},{"not_picked":["Boundary_DynamicStaticEquilibrium_purple","PositiveMatter_Antimatter_Universe_purple"],"picked":"AdvanceAttack_purple","floor":54}],"player_experience":1257210,"relics_obtained":[{"floor":6.0,"key":"Anchor"},{"floor":8.0,"key":"Meat on the Bone"},{"floor":9.0,"key":"Sundial"},{"floor":25,"key":"Tiny Chest"},{"floor":26,"key":"Oddly Smooth Stone"},{"floor":29,"key":"Parasol_purpleEX"},{"floor":31,"key":"Bronze Scales"},{"floor":37,"key":"CatCart"},{"floor":41,"key":"Happy Flower"},{"floor":43,"key":"Shuriken"},{"floor":47,"key":"Antimatter_spacedebris"},{"floor":54,"key":"RuthlessExorcism:ReiMu"}],"event_choices":[{"damage_healed":0.0,"max_hp_gain":0.0,"max_hp_loss":0.0,"gold_gain":0.0,"event_name":"Upgrade Shrine","player_choice":"Upgraded","floor":2.0,"gold_loss":0.0,"damage_taken":0.0,"cards_upgraded":["Observe_purple_2"]},{"damage_healed":0,"gold_gain":0,"player_choice":"Inject Mutagens","damage_taken":0,"relics_obtained":["MutagenicStrength"],"max_hp_gain":0,"max_hp_loss":0,"event_name":"Drug Dealer","floor":19,"gold_loss":0},{"damage_healed":0,"gold_gain":0,"player_choice":"Choice 2","damage_taken":0,"relics_obtained":["alterego_mod:SomeoneToFightFor"],"max_hp_gain":0,"max_hp_loss":0,"event_name":"Secret Garden","floor":27,"gold_loss":0},{"damage_healed":0,"gold_gain":0,"player_choice":"Fight","damage_taken":0,"max_hp_gain":0,"max_hp_loss":0,"event_name":"OrinTheCat","floor":37,"gold_loss":0}],"is_beta":false,"boss_relics":[{"not_picked":["Velvet Choker","jedi:paperlyon"],"picked":"jedi:hotpepper"},{"not_picked":["Cursed Key","SlaversCollar"],"picked":"Philosopher\u0027s Stone"}],"items_purged_floors":[3,20],"is_endless":false,"potions_floor_spawned":[5,6,14,18,29,33,35,39,41,45,54],"ascension_level":14}}