{"host":"fm9e0lfunjlbhzxv","time":1608528037,"event":{"mods":["Astrologer","BaseMod","Colored Map","Colored Powertips","Energized Spire","Gremlin Mod","Key Reminder","Lobotomy","LobotomyExtend","Minty Spire (QoL Compilation)","Permanent Neow","Rare Cards Sparkle","Relic Stats","Shedinja","StSLib","The Administrix","The Disciple","The Mystic","TheBandit"],"gold_per_floor":[120,18,30,105,121,151,151,165,188,188,199,211,242,242,242,337,337,354,354,454,473,489,489,507,522,522,472,484,503,503,129,129,229,229,248,262,66,3,57,57,86,0,52,66,82,112,37,37,37,37],"floor_reached":51,"playtime":5352,"items_purged":["Burn","OldLady","SpiderBud","BigBird"],"score":769,"play_id":"1d489417-0c6a-4a41-8353-24be9e4cb395","local_time":"20201220212037","is_ascension_mode":false,"campfire_choices":[{"floor":49,"key":"RECALL"}],"circlet_count":0,"master_deck":["SpecialBullet","SpecialBullet","SpecialBullet","SpecialBullet","SpecialBullet","SpecialBullet","SpecialBullet","SpecialBullet","ExtractionCode","DisciplinaryCode","SecurityCode","Apotheosis","CherryBlossom","Wingbeat","Heaven","DreamingCurrent","FourthMatchFlame","GreenStem","InformationCode","Lamp+9","Hornet","Ecstasy","Ecstasy","DaCapo","LaLuna","Diffraction+1","Regret_ego","Soda+1","QueenOfHatred","Moonlight+1","BodiesMountain","RedEyes","BloodyDesire","WallGazer","FourthMatchFlame+1","Wingbeat","TrainingCode","SoundOfStar","Adoration","Ecstasy+1","CherryBlossom+1","CENSORED_ego","ControlCode","CUTE+1","ScreamingWedge","Parasite","SoundOfStar","TodaysExpression+1","TodaysExpression","ParadiseLost","Mimicry","Panacea","Panache","Purity"],"relics":["CogitoBucket","RabbitCall","LetterFromLob","Bag of Marbles","Strawberry","FleshIdol","Akabeko","Fusion Hammer","LuminousBracelet","HornCleat","AtMidnight","HellTrain","Vajra","Oddly Smooth Stone","Cursed Key","Membership Card","Girya","Prayer Wheel","Red Mask","Juzu Bracelet"],"acts_visited":["Exordium","TheCity","TheBeyond"],"potions_floor_usage":[45,51],"damage_taken":[{"damage":15,"enemies":"Cultist","floor":1,"turns":4},{"damage":0,"enemies":"Small Slimes","floor":3,"turns":3},{"damage":11,"enemies":"Jaw Worm","floor":5,"turns":3},{"damage":38,"enemies":"3 Sentries","floor":6,"turns":6},{"damage":13,"enemies":"2 Fungi Beasts","floor":8,"turns":3},{"damage":37,"enemies":"Red Slaver","floor":11,"turns":4},{"damage":25,"enemies":"Exordium Wildlife","floor":12,"turns":3},{"damage":48,"enemies":"Gremlin Nob","floor":13,"turns":4},{"damage":96,"enemies":"Hexaghost","floor":16,"turns":10},{"damage":12,"enemies":"2 Thieves","floor":18,"turns":2},{"damage":62,"enemies":"Chosen","floor":21,"turns":6},{"damage":25,"enemies":"Centurion and Healer","floor":22,"turns":5},{"damage":52,"enemies":"Snake Plant","floor":24,"turns":5},{"damage":52,"enemies":"Shelled Parasite and Fungi","floor":25,"turns":5},{"damage":47,"enemies":"Snecko","floor":28,"turns":6},{"damage":66,"enemies":"Cultist and Chosen","floor":29,"turns":5},{"damage":47,"enemies":"Automaton","floor":33,"turns":8},{"damage":41,"enemies":"3 Darklings","floor":35,"turns":5},{"damage":7,"enemies":"3 Shapes","floor":36,"turns":3},{"damage":77,"enemies":"2 Orb Walkers","floor":39,"turns":5},{"damage":125,"enemies":"Giant Head","floor":41,"turns":9},{"damage":58,"enemies":"Jaw Worm Horde","floor":44,"turns":7},{"damage":0,"enemies":"Sphere and 2 Shapes","floor":45,"turns":2},{"damage":24,"enemies":"Nemesis","floor":46,"turns":5},{"damage":124,"enemies":"Donu and Deca","floor":50,"turns":14},{"damage":158,"enemies":"Malkuth","floor":51,"turns":9},{"damage":166,"enemies":"Yesod","floor":51,"turns":11}],"seed_played":"-615604726709659212","potions_obtained":[{"floor":3,"key":"Strength Potion"},{"floor":5,"key":"AttackPotion"},{"floor":22,"key":"Swift Potion"}],"is_trial":false,"path_per_floor":["M","$","M","?","M","E","R","M","T","R","M","M","E","?","R","B",null,"M","?","?","M","M","E","M","M","T","?","M","M","R","$","R","B",null,"M","M","$","$","?","R","E","?","T","M","M","E","$","?","R","B",null],"character_chosen":"Angela","items_purchased":["Wingbeat","Heaven","Vajra","Oddly Smooth Stone","Membership Card"],"campfire_rested":0,"item_purchase_floors":[2,2,31,31,37],"current_hp_per_floor":[42,42,50,50,47,56,56,70,77,77,72,77,61,61,61,31,77,77,77,77,64,92,92,92,82,82,82,92,81,81,81,81,92,92,92,92,92,92,76,76,74,74,74,92,92,92,92,82,82,92],"gold":37,"neow_bonus":"RANDOM_COLORLESS_2","is_daily":false,"chose_seed":false,"campfire_upgraded":0,"win_rate":0.0,"timestamp":1608528037,"path_taken":["M","$","M","?","M","E","R","M","T","R","M","M","E","?","R","BOSS","M","?","?","?","M","E","?","M","T","?","M","M","R","$","R","BOSS","M","M","?","$","?","R","E","?","T","M","M","E","$","?","R","BOSS"],"items_purchased_type":["Card","Card","Relic","Relic","Relic"],"build_version":"2020-12-13","purchased_purges":4,"victory":true,"max_hp_per_floor":[70,70,70,70,70,70,70,70,77,77,77,77,77,77,77,77,77,77,77,77,92,92,92,92,92,92,92,92,92,92,92,92,92,92,92,92,92,92,92,92,92,92,92,92,92,92,92,92,92,92],"relic_stats":{"counters":[31,159],"Prayer Wheel":2,"Juzu Bracelet":1,"Cursed Key":1,"obtain_stats":[{"RabbitCall":0,"Girya":39,"LuminousBracelet":21,"Vajra":31,"Oddly Smooth Stone":31,"FleshIdol":11,"Juzu Bracelet":46,"Cursed Key":34,"Akabeko":13,"keyreminder:keyreminder":43,"CogitoBucket":0,"HornCleat":26,"Strawberry":9,"AtMidnight":29,"Prayer Wheel":41,"Fusion Hammer":17,"LetterFromLob":1,"Bag of Marbles":6,"Red Mask":42,"Membership Card":37,"HellTrain":29},{"RabbitCall":0,"Girya":23,"LuminousBracelet":13,"Vajra":19,"Oddly Smooth Stone":19,"FleshIdol":7,"Juzu Bracelet":27,"Cursed Key":20,"Akabeko":9,"keyreminder:keyreminder":24,"CogitoBucket":0,"HornCleat":16,"Strawberry":5,"AtMidnight":19,"Prayer Wheel":24,"Fusion Hammer":10,"LetterFromLob":1,"Bag of Marbles":4,"Red Mask":24,"Membership Card":22,"HellTrain":19},{"RabbitCall":0,"Girya":98,"LuminousBracelet":50,"Vajra":77,"Oddly Smooth Stone":77,"FleshIdol":24,"Juzu Bracelet":121,"Cursed Key":85,"Akabeko":31,"keyreminder:keyreminder":107,"CogitoBucket":0,"HornCleat":65,"Strawberry":19,"AtMidnight":77,"Prayer Wheel":107,"Fusion Hammer":41,"LetterFromLob":4,"Bag of Marbles":16,"Red Mask":107,"Membership Card":93,"HellTrain":77}]},"card_choices":[{"not_picked":["Secret Weapon","Transmutation"],"picked":"Apotheosis","floor":0},{"not_picked":["GrinderMk4"],"picked":"CherryBlossom","floor":1},{"not_picked":["CUTE"],"picked":"Noise","floor":1},{"not_picked":["CrumblingArmor","Scorched"],"picked":"OldLady","floor":3},{"not_picked":["TodaysExpression","Beak"],"picked":"SKIP","floor":3},{"not_picked":["FairyFestival","Alriune"],"picked":"DreamingCurrent","floor":5},{"not_picked":["SoundOfStar"],"picked":"FourthMatchFlame","floor":5},{"not_picked":["Lantern"],"picked":"GreenStem","floor":6},{"not_picked":["FrostShard","Beak"],"picked":"SKIP","floor":6},{"not_picked":["CherryBlossom"],"picked":"Lamp","floor":8},{"not_picked":["BloodyDesire","Noise"],"picked":"SKIP","floor":8},{"not_picked":["Heaven"],"picked":"Hornet","floor":11},{"not_picked":["FrostShard","Laetitia_ego"],"picked":"SKIP","floor":11},{"not_picked":["Wellcheers","FairyFestival"],"picked":"SpiderBud","floor":12},{"not_picked":["BloodyDesire"],"picked":"Ecstasy","floor":12},{"not_picked":["Logging"],"picked":"Ecstasy","floor":13},{"not_picked":["FrostShard","Beak"],"picked":"SKIP","floor":13},{"not_picked":["SoundOfStar"],"picked":"DaCapo","floor":16},{"not_picked":["CherryBlossoms","FairyFestival"],"picked":"BigBird","floor":16},{"not_picked":["VoidDream","BlackSwan"],"picked":"LaLuna","floor":18},{"not_picked":["Horn+1"],"picked":"Diffraction+1","floor":18},{"not_picked":["GrinderMk4+1"],"picked":"Soda+1","floor":21},{"not_picked":["Wellcheers","PunishingBird"],"picked":"QueenOfHatred","floor":21},{"not_picked":["Hypocrisy","TodaysExpression"],"picked":"SKIP","floor":21},{"not_picked":["CUTE","TodaysExpression"],"picked":"SKIP","floor":22},{"not_picked":["Amita"],"picked":"Moonlight+1","floor":24},{"not_picked":["BeautyBeast","FieryBird"],"picked":"BodiesMountain","floor":24},{"not_picked":["Lamp+1"],"picked":"RedEyes","floor":24},{"not_picked":["Beak"],"picked":"BloodyDesire","floor":25},{"not_picked":["HappyTeddy","Scorched"],"picked":"WallGazer","floor":25},{"not_picked":["Beak","CENSORED_ego"],"picked":"SKIP","floor":25},{"not_picked":["MagicBullet"],"picked":"FourthMatchFlame+1","floor":28},{"not_picked":["CUTE+1","SomewhereSpear"],"picked":"SKIP","floor":28},{"not_picked":["Heaven"],"picked":"Wingbeat","floor":29},{"not_picked":["Justitia","GoldRush"],"picked":"SoundOfStar","floor":33},{"not_picked":["ParadiseLost","CENSORED_ego"],"picked":"Adoration","floor":33},{"not_picked":["Amita+1","Noise+1"],"picked":"Ecstasy+1","floor":35},{"not_picked":["WristCuter","Lantern+1"],"picked":"CherryBlossom+1","floor":35},{"not_picked":["Heaven","RedEyes"],"picked":"CENSORED_ego","floor":36},{"not_picked":["Beak+1","Penitence+1","Noise+1"],"picked":"SKIP","floor":36},{"not_picked":["CherryBlossom","Beak"],"picked":"CUTE+1","floor":41},{"not_picked":["BlueScar+1","BearPaw+1"],"picked":"ScreamingWedge","floor":41},{"not_picked":["Lantern","Wingbeat+1"],"picked":"SoundOfStar","floor":44},{"not_picked":["Tough+1","Loneliness"],"picked":"TodaysExpression+1","floor":44},{"not_picked":["Gaze+1","FeatherOfHonor","FrostShard+1"],"picked":"SKIP","floor":44},{"not_picked":["Wingbeat","WristCuter"],"picked":"TodaysExpression","floor":45},{"not_picked":["Penitence","TodaysExpression"],"picked":"ParadiseLost","floor":45},{"not_picked":["Penitence","Tough+1"],"picked":"Mimicry","floor":46},{"not_picked":["Impatience","Deep Breath"],"picked":"Panacea","floor":48},{"not_picked":["Swift Strike","Mind Blast"],"picked":"Panache","floor":48},{"not_picked":["Thinking Ahead","Chrysalis"],"picked":"Purity","floor":48}],"player_experience":545436,"relics_obtained":[{"floor":1,"key":"LetterFromLob"},{"floor":6,"key":"Bag of Marbles"},{"floor":9,"key":"Strawberry"},{"floor":13,"key":"Akabeko"},{"floor":26,"key":"HornCleat"},{"floor":29,"key":"AtMidnight"},{"floor":39,"key":"Girya"},{"floor":41,"key":"Prayer Wheel"},{"floor":46,"key":"Juzu Bracelet"}],"event_choices":[{"cards_removed":["Noise"],"damage_healed":0,"gold_gain":0,"player_choice":"Forget","damage_taken":0,"max_hp_gain":0,"max_hp_loss":0,"event_name":"Living Wall","floor":14,"gold_loss":0},{"damage_healed":0,"gold_gain":0,"player_choice":"Read","damage_taken":0,"max_hp_gain":0,"max_hp_loss":0,"event_name":"The Library","floor":19,"gold_loss":0,"cards_obtained":["Regret_ego"]},{"damage_healed":0,"gold_gain":100,"player_choice":"Pray","damage_taken":0,"max_hp_gain":0,"max_hp_loss":0,"event_name":"Golden Shrine","floor":20,"gold_loss":0},{"damage_healed":0,"gold_gain":0,"player_choice":"Bet on Murderer","damage_taken":0,"max_hp_gain":0,"max_hp_loss":0,"event_name":"The Joust","floor":27,"gold_loss":50},{"damage_healed":0,"gold_gain":0,"player_choice":"Fight","damage_taken":0,"max_hp_gain":0,"max_hp_loss":0,"event_name":"Mysterious Sphere","floor":39,"gold_loss":0},{"damage_healed":0,"gold_gain":0,"player_choice":"Paid","damage_taken":0,"relics_obtained":["Red Mask"],"max_hp_gain":0,"max_hp_loss":0,"event_name":"Tomb of Lord Red Mask","floor":42,"gold_loss":86},{"damage_healed":0,"gold_gain":0,"player_choice":"Memory 3","damage_taken":10,"max_hp_gain":0,"max_hp_loss":0,"event_name":"SensoryStone","floor":48,"gold_loss":0}],"is_beta":false,"boss_relics":[{"not_picked":["Snecko Eye","Runic Pyramid"],"picked":"Fusion Hammer"},{"not_picked":["SlaversCollar","Black Star"],"picked":"Cursed Key"}],"items_purged_floors":[31,37,38,47],"is_endless":false,"potions_floor_spawned":[3,5,22],"ascension_level":0}}