{"host":"v4s5k3c6jywmeofl","time":1608522255,"event":{"mods":["Act Like it!","BaseMod","Colored Map","Downfall","Gensokyo","Hallownest","Hermit","Marisa????????","Minty Spire (QoL Compilation)","Quick Restart","Random Character Button","Rare Cards Sparkle","Replay The Spire","StSLib","The Animator","The Bug Knight","The Cursed","The Hierophant","The Servant 0.9.4"],"gold_per_floor":[211,71,88,88,88,104,104,136,147,173,196,196,207,207,207,226,226,226,226],"floor_reached":18,"playtime":902,"items_purged":[],"score":122,"play_id":"6f937cdc-4995-4c3f-9ca8-ee74679c9b75","local_time":"20201220224415","is_ascension_mode":false,"campfire_choices":[{"floor":12,"key":"REST"},{"floor":14,"key":"REST"},{"data":"hermit:Reprieve","floor":17,"key":"SMITH"}],"circlet_count":0,"master_deck":["hermit:Strike_Hermit","hermit:Strike_Hermit","hermit:Strike_Hermit","hermit:Strike_Hermit","hermit:Defend_Hermit","hermit:Defend_Hermit","hermit:Defend_Hermit","hermit:Defend_Hermit","hermit:Snapshot","hermit:Covet","hermit:Roulette","hermit:TakeAim","hermit:Quickdraw","hermit:ItchyTrigger","hermit:TakeAim","hermit:Reprieve+1","hermit:FlashPowder","Pain","hermit:Headshot"],"relics":["hermit:Momento","Bird Faced Urn","Ring of Panic","White Beast Statue","ReplayTheSpireMod:Lightbulb","Gensokyo:LunaticRedEyes"],"acts_visited":["Gensokyo:Gensokyo"],"potions_floor_usage":[10],"damage_taken":[{"damage":0,"enemies":"Gensokyo:3_Fairies","floor":1,"turns":4},{"damage":0,"enemies":"Gensokyo:2_Kodama","floor":3,"turns":4},{"damage":7,"enemies":"Gensokyo:Gryphon","floor":6,"turns":3},{"damage":13,"enemies":"Gensokyo:Mamizou","floor":8,"turns":8},{"damage":9,"enemies":"Gensokyo:5_Fairies","floor":9,"turns":6},{"damage":30,"enemies":"Gensokyo:Aya","floor":10,"turns":6},{"damage":12,"enemies":"Gensokyo:Gryphon_and_Rabbit","floor":13,"turns":6},{"damage":0,"enemies":"Gensokyo:3_Kodama","floor":16,"turns":3},{"damage":81,"enemies":"Gensokyo:Reimu","floor":18,"turns":7}],"seed_played":"334142579443376199","potions_obtained":[{"floor":8,"key":"Explosive Potion"},{"floor":9,"key":"AttackPotion"},{"floor":10,"key":"Milkshake"},{"floor":13,"key":"Toxic Potion"}],"is_trial":false,"path_per_floor":["M","?","M","PTL","PTL","M","?","E","M","E","T","R","M","R","?","M","R","B"],"character_chosen":"HERMIT","items_purchased":[],"campfire_rested":2,"item_purchase_floors":[],"current_hp_per_floor":[75,75,75,75,75,68,68,57,50,24,24,46,40,62,62,72,72,0,0],"gold":226,"neow_bonus":"HUNDRED_GOLD","is_daily":false,"chose_seed":false,"campfire_upgraded":1,"win_rate":0.0,"timestamp":1608522255,"path_taken":["M","?","?","PTL","PTL","M","?","E","M","E","T","R","M","R","?","M","R","BOSS"],"items_purchased_type":[],"build_version":"2020-12-13","purchased_purges":0,"victory":false,"max_hp_per_floor":[75,75,75,75,75,75,75,75,75,75,75,75,75,75,75,75,75,75,75],"card_choices":[{"not_picked":["hermit:Glare","hermit:Coalescence"],"picked":"hermit:Roulette","floor":1},{"not_picked":["hermit:Dive","hermit:CalledShot"],"picked":"hermit:TakeAim","floor":3},{"not_picked":["hermit:Maintenance","hermit:Magnum"],"picked":"hermit:Quickdraw","floor":6},{"not_picked":["hermit:BodyArmor","hermit:Glare"],"picked":"hermit:ItchyTrigger","floor":8},{"not_picked":["hermit:Manifest","hermit:Cheat"],"picked":"hermit:TakeAim","floor":9},{"not_picked":["hermit:Combo","hermit:Midnight"],"picked":"hermit:Reprieve","floor":10},{"not_picked":["hermit:Grudge","hermit:LowProfile"],"picked":"hermit:FlashPowder","floor":13},{"not_picked":["hermit:Combo","hermit:LoneWolf"],"picked":"hermit:Headshot","floor":16}],"player_experience":124696,"relics_obtained":[{"floor":7,"key":"Ring of Panic"},{"floor":8,"key":"White Beast Statue"},{"floor":10,"key":"ReplayTheSpireMod:Lightbulb"}],"event_choices":[],"is_beta":false,"boss_relics":[],"items_purged_floors":[],"is_endless":false,"potions_floor_spawned":[8,9,10,13,16],"killed_by":"Gensokyo:Reimu","ascension_level":0}}