{"host":"vyt5ne9ydo1z9gg1","time":1608530298,"event":{"mods":["BaseMod","Curses Come First","DeckTracker","GifTheSpireLib","Minty Spire (QoL Compilation)","StSLib"],"gold_per_floor":[111,128,145,162,172,200,216,230,230,255,268,268,268,0,0,98,98,72,92,92,110,129,129,129,129],"floor_reached":24,"playtime":1515,"items_purged":["Strike_R"],"score":235,"play_id":"7fb56e76-cf75-4494-860c-ed103596bb8d","local_time":"20201221165818","is_ascension_mode":true,"campfire_choices":[{"floor":13,"key":"REST"},{"floor":15,"key":"REST"},{"floor":23,"key":"REST"}],"circlet_count":0,"master_deck":["Strike_R","Strike_R","Strike_R","Defend_R","Defend_R","Defend_R","Defend_R","Bash","Heavy Blade","Shrug It Off","Evolve","Power Through","Cleave","Flame Barrier","Clothesline","Dark Embrace","Uppercut","Armaments+1","Mayhem","Barricade"],"relics":["Snecko Eye","Bottled Tornado","Paper Frog","Toxic Egg 2","SlaversCollar"],"acts_visited":["Exordium","TheCity"],"potions_floor_usage":[10,10,16,19],"damage_taken":[{"damage":1,"enemies":"Cultist","floor":1,"turns":3},{"damage":2,"enemies":"Jaw Worm","floor":2,"turns":2},{"damage":0,"enemies":"Small Slimes","floor":3,"turns":3},{"damage":6,"enemies":"Looter","floor":4,"turns":2},{"damage":0,"enemies":"2 Fungi Beasts","floor":5,"turns":3},{"damage":17,"enemies":"3 Sentries","floor":6,"turns":7},{"damage":1,"enemies":"Blue Slaver","floor":7,"turns":4},{"damage":14,"enemies":"3 Louse","floor":8,"turns":3},{"damage":26,"enemies":"Gremlin Nob","floor":10,"turns":5},{"damage":5,"enemies":"Looter","floor":11,"turns":4},{"damage":5,"enemies":"Hexaghost","floor":16,"turns":10},{"damage":35,"enemies":"2 Thieves","floor":18,"turns":5},{"damage":14,"enemies":"Shell Parasite","floor":19,"turns":3},{"damage":28,"enemies":"Snake Plant","floor":21,"turns":4},{"damage":0,"enemies":"Sentry and Sphere","floor":22,"turns":6},{"damage":30,"enemies":"Shelled Parasite and Fungi","floor":24,"turns":3}],"seed_played":"5079069783801529696","potions_obtained":[{"floor":1,"key":"Fire Potion"},{"floor":7,"key":"SneckoOil"},{"floor":8,"key":"FearPotion"},{"floor":10,"key":"Weak Potion"},{"floor":22,"key":"SteroidPotion"}],"is_trial":false,"path_per_floor":["M","M","M","M","M","E","M","M","T","E","M","?","R","$","R","B",null,"M","M","$","M","M","R","M"],"character_chosen":"IRONCLAD","items_purchased":["Mayhem"],"campfire_rested":3,"item_purchase_floors":[14],"current_hp_per_floor":[79,77,77,71,71,54,53,39,39,13,8,8,32,32,56,51,80,45,31,31,3,3,27,0,0],"gold":129,"neow_bonus":"BOSS_RELIC","is_daily":false,"chose_seed":false,"campfire_upgraded":0,"win_rate":0.0,"timestamp":1608530298,"path_taken":["M","M","M","?","M","E","M","M","T","E","M","?","R","$","R","BOSS","M","M","?","M","M","R","M"],"items_purchased_type":["Card"],"build_version":"2020-12-13","purchased_purges":1,"victory":false,"max_hp_per_floor":[80,80,80,80,80,80,80,80,80,80,80,80,80,80,80,80,80,80,80,80,80,80,80,80,80],"card_choices":[{"not_picked":["Pommel Strike","Anger"],"picked":"Heavy Blade","floor":1},{"not_picked":["True Grit","Dual Wield"],"picked":"Shrug It Off","floor":2},{"not_picked":["Impervious","Twin Strike"],"picked":"Evolve","floor":3},{"not_picked":["Dropkick","Metallicize"],"picked":"Power Through","floor":4},{"not_picked":["Pommel Strike","Intimidate"],"picked":"Cleave","floor":5},{"not_picked":["Metallicize","Combust"],"picked":"Flame Barrier","floor":6},{"not_picked":["Disarm","Flex"],"picked":"Clothesline","floor":7},{"not_picked":["Pommel Strike","Headbutt"],"picked":"Dark Embrace","floor":8},{"not_picked":["Pommel Strike","Spot Weakness+1"],"picked":"Uppercut","floor":10},{"not_picked":["Clothesline","Twin Strike"],"picked":"Armaments+1","floor":11},{"not_picked":["Bludgeon","Brutality"],"picked":"Barricade","floor":16},{"not_picked":["Perfected Strike","Iron Wave+1","Heavy Blade"],"picked":"SKIP","floor":18},{"not_picked":["Anger","Clash","Perfected Strike+1"],"picked":"SKIP","floor":19},{"not_picked":["Rage+1","Sword Boomerang","Perfected Strike"],"picked":"SKIP","floor":21},{"not_picked":["Perfected Strike","Anger","Flex+1"],"picked":"SKIP","floor":22}],"player_experience":91370,"relics_obtained":[{"floor":6,"key":"Bottled Tornado"},{"floor":9,"key":"Paper Frog"},{"floor":10,"key":"Toxic Egg 2"}],"event_choices":[{"cards_removed":["Strike_R"],"damage_healed":0,"gold_gain":0,"player_choice":"Purged","damage_taken":0,"max_hp_gain":0,"max_hp_loss":0,"event_name":"Purifier","floor":12,"gold_loss":0}],"is_beta":false,"boss_relics":[{"not_picked":["Runic Pyramid","Busted Crown"],"picked":"SlaversCollar"}],"items_purged_floors":[14],"is_endless":false,"potions_floor_spawned":[1,7,8,10,22],"killed_by":"Shelled Parasite and Fungi","ascension_level":2}}