{"host":"augq31c17g2ieuye","time":1608576545,"event":{"mods":["AchievementEnabler","Aspiration","BaseMod","Better Altar","Better Match","Better Note","Better Sensory Stone","Better Skull","Better Third Choice","Better Vampires","BetterRewards","Card Forge","Displayed Cursed Tome","Downfall","Energized Spire","GifTheSpireLib","Gold Saver","Hubris","Minty Spire (QoL Compilation)","Replay The Spire","Spicy Shops","StSLib","Stuff the Spire","The Necromancer","The Servant 0.9.4"],"gold_per_floor":[1286,1297,1313,1313,1313,1344,1374,1408,1408,1443,1461,1479,1479,1445,1445,1550,1559,1583,1608,1617,1637,1637,1665,1665,1699,1745,1745,1745,1771,1783,1799,1799,1897,1897,1915,1942,1956,1982,1836,1876,1876,1876,1876,1876,1916,1916,1939,1972,1972,1992,1992,1992,1841,1897,1927],"floor_reached":56,"playtime":2140,"items_purged":["Slay_Living+1"],"score":1750,"play_id":"4964497f-be07-42ed-bbee-90390dcb070c","local_time":"20201221194905","is_ascension_mode":true,"campfire_choices":[{"floor":24,"key":"RECALL"},{"data":"Strike_R+5","floor":32,"key":"SMITH"},{"data":"Strike_R+6","floor":41,"key":"SMITH"},{"data":"Strike_R+7","floor":44,"key":"SMITH"},{"data":"Strike_R+8","floor":46,"key":"SMITH"},{"data":"Strike_R+9","floor":49,"key":"SMITH"},{"data":"Strike_R+10","floor":52,"key":"SMITH"}],"circlet_count":0,"master_deck":["Slay_Living+1","Strike_R+11","Strike_R+8","Strike_R+8","Defend_R+8","Defend_R+8","Defend_R+8","Defend_R+8","Bash+1","expansioncontent:DarkVoid+1","Dropkick+1","Double Tap+1","Inflame+1","CurseOfTheBell","Guardian:DonusPower+1"],"relics":["Burning Blood","Hammer of Thor","Seething Fire","Anvil of the Gods","Bag of Marbles","Tiny Chest","ReplayTheSpireMod:Lightbulb","aspiration:ArtOfWarUpgrade","Juzu Bracelet","Odd Mushroom","CeramicFish","Mercury Hourglass","StuffTheSpire:DarkSteelAnvil","Calling Bell","Dream Catcher","Replay:WaspNest","aspiration:HatOfInfinitePower","Bag of Preparation","Simple Rune","aspiration:FetidBarrel","Lantern","hubris:ToyBattleship","energizedSpire:DeadBattery","War Paint","Replay:Bandana","aspiration:Nostalgia","sneckomod:SneckoSoul","Gambling Chip","Sundial","Gremlin Food","King of Hearts","hubris:DisguiseKit","Whetstone","Bottled Tornado"],"acts_visited":["Exordium","TheCity","TheBeyond","TheEnding"],"potions_floor_usage":[6,10,10,18,55,55,55],"damage_taken":[{"damage":0,"enemies":"Cultist","floor":1,"turns":3},{"damage":0,"enemies":"Small Slimes","floor":2,"turns":2},{"damage":4,"enemies":"2 Louse","floor":3,"turns":2},{"damage":2,"enemies":"Gremlin Nob","floor":6,"turns":3},{"damage":1,"enemies":"The Mushroom Lair","floor":7,"turns":2},{"damage":7,"enemies":"3 Sentries","floor":8,"turns":6},{"damage":7,"enemies":"Replay:BlueRogue","floor":10,"turns":5},{"damage":11,"enemies":"Exordium Thugs","floor":11,"turns":3},{"damage":0,"enemies":"Exordium Wildlife","floor":12,"turns":2},{"damage":6,"enemies":"Hexaghost","floor":16,"turns":6},{"damage":0,"enemies":"3 Byrds","floor":18,"turns":4},{"damage":4,"enemies":"Chosen","floor":21,"turns":3},{"damage":5,"enemies":"Book of Stabbing","floor":23,"turns":5},{"damage":0,"enemies":"Slavers","floor":25,"turns":3},{"damage":0,"enemies":"Book of Stabbing","floor":29,"turns":3},{"damage":0,"enemies":"Shelled Parasite and Fungi","floor":30,"turns":3},{"damage":0,"enemies":"3 Cultists","floor":31,"turns":2},{"damage":14,"enemies":"Champ","floor":33,"turns":6},{"damage":0,"enemies":"3 Shapes","floor":35,"turns":1},{"damage":0,"enemies":"3 Darklings","floor":37,"turns":3},{"damage":0,"enemies":"R_Hoarder","floor":40,"turns":4},{"damage":0,"enemies":"Reptomancer","floor":45,"turns":2},{"damage":0,"enemies":"Writhing Mass","floor":47,"turns":1},{"damage":0,"enemies":"Nemesis","floor":48,"turns":1},{"damage":8,"enemies":"Replay:Hell Engine","floor":50,"turns":3},{"damage":0,"enemies":"Shield and Spear","floor":54,"turns":3},{"damage":41,"enemies":"The Heart","floor":55,"turns":5}],"seed_played":"-5668702991275888698","potions_obtained":[{"floor":3,"key":"Block Potion"},{"floor":6,"key":"PowerPotion"},{"floor":8,"key":"PowerPotion"},{"floor":10,"key":"Venom Potion"},{"floor":16,"key":"ColorlessPotion"},{"floor":30,"key":"GamblersBrew"},{"floor":31,"key":"Dexterity Potion"},{"floor":35,"key":"LifebloodPotion"}],"is_trial":false,"path_per_floor":["M","M","M","?","?","E","?","E","T","E","M","M","T","?","R","B",null,"M","T","?","M","$","E","R","E","T","?","R","E","M","M","R","B",null,"M","T","M","T","$","E","R","T","T","R","E","R","M","E","R","B",null,"R","$","E","B",null],"character_chosen":"IRONCLAD","items_purchased":["expansioncontent:DarkVoid","aspiration:Nostalgia","Whetstone"],"campfire_rested":0,"item_purchase_floors":[0,39,53],"current_hp_per_floor":[80,80,80,80,22,26,31,30,30,29,24,30,30,30,30,30,80,80,80,80,80,80,80,80,80,80,80,80,80,80,80,80,72,80,80,80,80,80,80,80,80,80,80,80,80,80,80,80,80,78,80,80,80,80,45],"gold":1927,"neow_bonus":"","is_daily":false,"chose_seed":false,"campfire_upgraded":6,"win_rate":0.0,"timestamp":1608576545,"path_taken":["M","?","M","?","?","E","?","E","T","E","M","M","?","?","R","BOSS","M","?","?","M","$","E","R","E","T","?","R","E","M","M","R","BOSS","M","?","M","?","$","E","R","?","T","R","E","R","M","E","R","BOSS","R","$","E","BOSS"],"items_purchased_type":["Card","Relic","Relic"],"build_version":"2020-12-13","purchased_purges":1,"victory":true,"max_hp_per_floor":[80,80,80,80,80,80,80,80,80,80,80,80,80,80,80,80,80,80,80,80,80,80,80,80,80,80,80,80,80,80,80,80,80,80,80,80,80,80,80,80,80,80,80,80,80,80,80,80,80,80,80,80,80,80,80],"card_choices":[{"not_picked":["Shockwave","Twin Strike"],"picked":"Dropkick","floor":1},{"not_picked":["Combust","Body Slam"],"picked":"Metallicize","floor":2},{"not_picked":["StuffTheSpire:RockThrow","True Grit","Heavy Blade"],"picked":"SKIP","floor":3},{"not_picked":["Limit Break","Bloodletting"],"picked":"Clothesline","floor":6},{"not_picked":["StuffTheSpire:Slingshot","Power Through"],"picked":"Double Tap","floor":8},{"not_picked":["Headbutt","Dual Wield"],"picked":"Inflame","floor":10},{"not_picked":["Rage","Headbutt","Thunderclap"],"picked":"SKIP","floor":11},{"not_picked":["Disarm","Cleave","Thunderclap"],"picked":"SKIP","floor":12},{"not_picked":["StuffTheSpire:TitanForm","Fiend Fire"],"picked":"Juggernaut","floor":16},{"not_picked":["ReplayTheSpireMod:Muscle Training","Hemokinesis"],"picked":"ReplayTheSpireMod:Stacked","floor":18},{"not_picked":["Defy Death","Heavy Blade","Armaments+1"],"picked":"SKIP","floor":21},{"not_picked":["Limit Break","Dual Wield","Searing Blow"],"picked":"SKIP","floor":23},{"not_picked":["ReplayTheSpireMod:Stacked+1","Abandon"],"picked":"Iron Wave+1","floor":25},{"not_picked":["Replay:Many Hands","Combust","Run Through"],"picked":"SKIP","floor":29},{"not_picked":["Replay:Undeath\u0027s Touch","Warcry","Infernal Blade"],"picked":"SKIP","floor":30},{"not_picked":["Armaments","Anger+1","Thunderclap"],"picked":"SKIP","floor":31},{"not_picked":["Thunderclap","Entrench","Sword Boomerang"],"picked":"SKIP","floor":35},{"not_picked":["Pummel+1","Battle Trance","StuffTheSpire:RockThrow+1"],"picked":"SKIP","floor":37},{"not_picked":["Dark Embrace","Flame Barrier","StuffTheSpire:Pyroclast"],"picked":"SKIP","floor":40},{"not_picked":["ReplayTheSpireMod:Limb From Limb","Defy Death+1","Body Slam+1"],"picked":"SKIP","floor":45},{"not_picked":["Anger+1","Body Slam","ReplayTheSpireMod:Corrosion Curse+1"],"picked":"SKIP","floor":47},{"not_picked":["Shrug It Off","Perfected Strike","Sword Boomerang"],"picked":"SKIP","floor":48},{"not_picked":["Dropkick","hubris:StunningStrike","Headbutt+1"],"picked":"Guardian:DonusPower","floor":54}],"player_experience":254159,"relics_obtained":[{"floor":6,"key":"Juzu Bracelet"},{"floor":7,"key":"Odd Mushroom"},{"floor":8,"key":"CeramicFish"},{"floor":10,"key":"Mercury Hourglass"},{"floor":13,"key":"StuffTheSpire:DarkSteelAnvil"},{"floor":17,"key":"Dream Catcher"},{"floor":17,"key":"Replay:WaspNest"},{"floor":17,"key":"aspiration:HatOfInfinitePower"},{"floor":19,"key":"Bag of Preparation"},{"floor":23,"key":"Simple Rune"},{"floor":25,"key":"aspiration:FetidBarrel"},{"floor":26,"key":"Lantern"},{"floor":29,"key":"hubris:ToyBattleship"},{"floor":36,"key":"War Paint"},{"floor":38,"key":"Replay:Bandana"},{"floor":40,"key":"Gambling Chip"},{"floor":42,"key":"Sundial"},{"floor":43,"key":"Gremlin Food"},{"floor":45,"key":"King of Hearts"},{"floor":48,"key":"hubris:DisguiseKit"},{"floor":54,"key":"Bottled Tornado"}],"event_choices":[{"damage_healed":0,"gold_gain":0,"player_choice":"RE RE RE ","damage_taken":64,"relics_obtained":["Tiny Chest","ReplayTheSpireMod:Lightbulb","Art of War"],"max_hp_gain":0,"max_hp_loss":0,"event_name":"betterSkull:BetterSkull","floor":5,"gold_loss":0,"cards_upgraded":[]},{"damage_healed":0,"gold_gain":0,"player_choice":"Fought Mushrooms","damage_taken":0,"max_hp_gain":0,"max_hp_loss":0,"event_name":"Mushrooms","floor":7,"gold_loss":0},{"damage_healed":0,"gold_gain":0,"player_choice":"Left","damage_taken":0,"max_hp_gain":0,"max_hp_loss":0,"event_name":"betterThird:BetterGoop","floor":14,"gold_loss":34},{"damage_healed":0,"gold_gain":0,"cards_transformed":["ReplayTheSpireMod:Stacked"],"player_choice":"Transformed","damage_taken":0,"max_hp_gain":0,"max_hp_loss":0,"event_name":"Transmorgrifier","floor":20,"gold_loss":0,"cards_obtained":["Burning Pact"]},{"damage_healed":0,"gold_gain":0,"player_choice":"Ignored","damage_taken":0,"max_hp_gain":0,"max_hp_loss":0,"event_name":"betterNote:BetterNote","floor":27,"gold_loss":0,"cards_obtained":["Summon_Vampire_Lady"]}],"is_beta":false,"boss_relics":[{"not_picked":["energizedSpire:StickyHand","aspiration:DefectSkillbook"],"picked":"Calling Bell"},{"not_picked":["energizedSpire:HugeHouse","aspiration:FutureDiary"],"picked":"energizedSpire:DeadBattery"}],"items_purged_floors":[0],"is_endless":false,"potions_floor_spawned":[3,6,8,10,16,30,31,33,35,40],"ascension_level":2}}