{"host":"u1o8dsgp2w96aev3","time":1608571116,"event":{"mods":["Act Like it!","BaseMod","Colored Powertips","Minty Spire (QoL Compilation)","Replay The Spire","StSLib"],"gold_per_floor":[109,119,139,139,155,187,187,200,224,236,250,303,316,327,327,327,327],"floor_reached":16,"playtime":709,"items_purged":[],"score":108,"play_id":"a2ba629a-4a90-49ea-80de-0334ea89407b","local_time":"20201222011836","is_ascension_mode":false,"campfire_choices":[{"data":"Uppercut","floor":7.0,"key":"SMITH"},{"data":"Seeing Red","floor":15.0,"key":"SMITH"}],"circlet_count":0,"master_deck":["Strike_R","Strike_R","Strike_R","Strike_R","Strike_R","Defend_R","Defend_R","Defend_R","Defend_R","Bash","True Grit+1","Power Through","Wild Strike","Shrug It Off","Uppercut+1","Seeing Red+1","Flame Barrier"],"relics":["Burning Blood","Ancient Tea Set","Orichalcum","Toy Ornithopter"],"acts_visited":["Exordium"],"potions_floor_usage":[16,16],"damage_taken":[{"damage":2.0,"enemies":"2 Louse","floor":1.0,"turns":3.0},{"damage":6.0,"enemies":"Cultist","floor":2.0,"turns":4.0},{"damage":6.0,"enemies":"Small Slimes","floor":3.0,"turns":6.0},{"damage":0.0,"enemies":"3 Louse","floor":5.0,"turns":5.0},{"damage":37.0,"enemies":"Lagavulin","floor":6.0,"turns":6.0},{"damage":0.0,"enemies":"2 Fungi Beasts","floor":8.0,"turns":4.0},{"damage":0.0,"enemies":"Exordium Wildlife","floor":10.0,"turns":3.0},{"damage":3.0,"enemies":"Red Slaver","floor":11.0,"turns":4.0},{"damage":1.0,"enemies":"Looter","floor":13.0,"turns":3.0},{"damage":1.0,"enemies":"3 Louse","floor":14.0,"turns":3.0},{"damage":81,"enemies":"Hexaghost","floor":16,"turns":18}],"seed_played":"1221531904843434551","potions_obtained":[{"floor":3.0,"key":"SkillPotion"},{"floor":5.0,"key":"Strength Potion"},{"floor":8.0,"key":"Dexterity Potion"},{"floor":10.0,"key":"Milkshake"},{"floor":11.0,"key":"BlessingOfTheForge"},{"floor":13.0,"key":"Fruit Juice"}],"is_trial":false,"path_per_floor":["M","M","M","?","M","E","R","M","T","M","M","T","M","M","R","B"],"character_chosen":"IRONCLAD","items_purchased":[],"campfire_rested":0,"item_purchase_floors":[],"current_hp_per_floor":[88,88,88,88,88,57,57,63,63,69,72,72,87,92,92,12,12],"gold":327,"neow_bonus":"TEN_PERCENT_HP_BONUS","is_daily":false,"chose_seed":false,"campfire_upgraded":2,"win_rate":0.0,"timestamp":1608571116,"path_taken":["M","M","M","?","?","E","R","M","T","?","M","?","M","M","R","BOSS"],"items_purchased_type":[],"build_version":"2020-12-13","purchased_purges":0,"victory":false,"max_hp_per_floor":[88,88,88,88,88,88,88,88,88,88,88,88,93,93,93,93,93],"card_choices":[{"not_picked":["ReplayTheSpireMod:Muscle Training","Fire Breathing"],"picked":"True Grit","floor":1.0},{"not_picked":["Perfected Strike","Cleave"],"picked":"Power Through","floor":2.0},{"not_picked":["Entrench","Massacre"],"picked":"Wild Strike","floor":3.0},{"not_picked":["Abandon","Body Slam"],"picked":"Shrug It Off","floor":5.0},{"not_picked":["ReplayTheSpireMod:Corrosion Curse","Exhume"],"picked":"Uppercut","floor":6.0},{"not_picked":["Clash","Defy Death","Headbutt"],"picked":"SKIP","floor":8.0},{"not_picked":["Clash","Defy Death","Headbutt"],"picked":"SKIP","floor":8.0},{"not_picked":["Pummel","Whirlwind"],"picked":"Seeing Red","floor":10.0},{"not_picked":["Combust","Clothesline"],"picked":"Flame Barrier","floor":11.0},{"not_picked":["Iron Wave","Battle Trance","Hemokinesis"],"picked":"SKIP","floor":13.0},{"not_picked":["Clothesline","Blood for Blood","Seeing Red"],"picked":"SKIP","floor":14.0}],"player_experience":281022,"relics_obtained":[{"floor":6.0,"key":"Ancient Tea Set"},{"floor":9.0,"key":"Orichalcum"},{"floor":12.0,"key":"Toy Ornithopter"}],"event_choices":[{"damage_healed":0.0,"max_hp_gain":0.0,"max_hp_loss":0.0,"gold_gain":0.0,"event_name":"Upgrade Shrine","player_choice":"Upgraded","floor":4.0,"gold_loss":0.0,"damage_taken":0.0,"cards_upgraded":["True Grit"]}],"is_beta":false,"boss_relics":[],"items_purged_floors":[],"is_endless":false,"potions_floor_spawned":[3,5,8,10,11,13],"killed_by":"Hexaghost","ascension_level":0}}