{"host":"j06fkfseroga8i8e","time":1608587776,"event":{"mods":["BaseMod","Bestiary","Colored Map","Colored Powertips","Minty Spire (QoL Compilation)","Relic Stats","Slay the Relics Exporter","StSLib"],"gold_per_floor":[114,214,230,230,95,95,95,138,138,157,191,67,80,105,105,224,224,237,42,60,74,74,74,74],"floor_reached":23,"playtime":449,"items_purged":["Strike_G","Strike_G"],"score":362,"play_id":"fec79cb4-a052-4dad-87be-cb0c0d4e3c35","local_time":"20201221165616","is_ascension_mode":true,"campfire_choices":[{"data":"Blade Dance","floor":6,"key":"SMITH"},{"floor":15,"key":"REST"}],"circlet_count":0,"master_deck":["AscendersBane","Strike_G","Strike_G","Strike_G","Defend_G","Defend_G","Defend_G","Defend_G","Defend_G","Survivor","Neutralize","Quick Slash","Blade Dance+1","Blade Dance","Noxious Fumes","Blade Dance","Accuracy","Leg Sweep","Finisher","Corpse Explosion","Glass Knife","Footwork","Cloak And Dagger","Accuracy"],"relics":["Ring of the Snake","NeowsBlessing","Smiling Mask","Golden Idol","Regal Pillow","Singing Bowl","Bottled Tornado","WristBlade"],"acts_visited":["Exordium","TheCity"],"potions_floor_usage":[18,18],"damage_taken":[{"damage":0,"enemies":"2 Louse","floor":1,"turns":1},{"damage":0,"enemies":"Cultist","floor":3,"turns":1},{"damage":0,"enemies":"Gremlin Nob","floor":8,"turns":1},{"damage":2,"enemies":"Small Slimes","floor":10,"turns":2},{"damage":12,"enemies":"3 Sentries","floor":11,"turns":4},{"damage":10,"enemies":"Exordium Thugs","floor":13,"turns":3},{"damage":3,"enemies":"Looter","floor":14,"turns":2},{"damage":24,"enemies":"Slime Boss","floor":16,"turns":7},{"damage":12,"enemies":"3 Byrds","floor":18,"turns":2},{"damage":14,"enemies":"Shell Parasite","floor":20,"turns":2},{"damage":24,"enemies":"Snake Plant","floor":21,"turns":2},{"damage":15,"enemies":"Slavers","floor":23,"turns":1}],"seed_played":"-716326798712073452","potions_obtained":[{"floor":1,"key":"LiquidBronze"},{"floor":8,"key":"LiquidBronze"},{"floor":16,"key":"LiquidMemories"}],"is_trial":false,"path_per_floor":["M","?","M","?","$","R","?","E","T","M","E","$","M","M","R","B",null,"M","$","M","M","?","E"],"character_chosen":"THE_SILENT","items_purchased":["Blade Dance","Noxious Fumes","Finisher","Glass Knife","Footwork","Cloak And Dagger"],"campfire_rested":1,"item_purchase_floors":[5,5,12,19,19,19],"current_hp_per_floor":[63,63,63,45,45,45,45,45,45,43,31,31,23,22,57,33,60,50,50,36,14,14,0,0],"gold":74,"neow_bonus":"THREE_ENEMY_KILL","is_daily":false,"chose_seed":false,"campfire_upgraded":1,"win_rate":0.0,"timestamp":1608587776,"path_taken":["M","?","?","?","?","R","?","E","T","M","E","$","M","M","R","BOSS","M","$","M","M","?","E"],"items_purchased_type":["Card","Card","Card","Card","Card","Card"],"build_version":"2020-12-13","purchased_purges":2,"victory":false,"max_hp_per_floor":[70,70,70,70,70,70,65,65,65,65,65,65,67,69,69,69,69,71,71,71,73,73,73,73],"relic_stats":{"Regal Pillow":15,"Singing Bowl":8,"counters":[12,28],"Golden Idol":62,"Smiling Mask":75,"obtain_stats":[{"Regal Pillow":8,"NeowsBlessing":0,"Singing Bowl":9,"WristBlade":17,"Golden Idol":7,"Bottled Tornado":11,"Smiling Mask":4,"Ring of the Snake":0},{"Regal Pillow":3,"NeowsBlessing":0,"Singing Bowl":3,"WristBlade":8,"Golden Idol":2,"Bottled Tornado":5,"Smiling Mask":2,"Ring of the Snake":0},{"Regal Pillow":3,"NeowsBlessing":0,"Singing Bowl":3,"WristBlade":21,"Golden Idol":2,"Bottled Tornado":9,"Smiling Mask":2,"Ring of the Snake":0}],"Ring of the Snake":[24]},"card_choices":[{"not_picked":["Caltrops","Flying Knee"],"picked":"Quick Slash","floor":1},{"not_picked":["Poisoned Stab","Dagger Throw"],"picked":"Blade Dance","floor":3},{"not_picked":["Acrobatics","Poisoned Stab"],"picked":"Blade Dance","floor":8},{"not_picked":["Underhanded Strike","Deadly Poison"],"picked":"Accuracy","floor":10},{"not_picked":["PiercingWail","Venomology"],"picked":"Leg Sweep","floor":11},{"not_picked":["Bouncing Flask","Slice","Riddle With Holes"],"picked":"Singing Bowl","floor":13},{"not_picked":["Deadly Poison","Leg Sweep","Riddle With Holes"],"picked":"Singing Bowl","floor":14},{"not_picked":["Venomology","Malaise"],"picked":"Corpse Explosion","floor":16},{"not_picked":["Poisoned Stab","Slice","Acrobatics"],"picked":"Singing Bowl","floor":18},{"not_picked":["PiercingWail","Sucker Punch"],"picked":"Accuracy","floor":20},{"not_picked":["Concentrate","Well Laid Plans","PiercingWail+1"],"picked":"Singing Bowl","floor":21}],"player_experience":539408,"relics_obtained":[{"floor":8,"key":"Regal Pillow"},{"floor":9,"key":"Singing Bowl"},{"floor":11,"key":"Bottled Tornado"}],"event_choices":[{"damage_healed":0,"gold_gain":100,"player_choice":"Pray","damage_taken":0,"max_hp_gain":0,"max_hp_loss":0,"event_name":"Golden Shrine","floor":2,"gold_loss":0},{"damage_healed":0,"gold_gain":0,"player_choice":"Success","damage_taken":18,"relics_obtained":["Smiling Mask"],"max_hp_gain":0,"max_hp_loss":0,"event_name":"Scrap Ooze","floor":4,"gold_loss":0},{"damage_healed":0,"gold_gain":0,"player_choice":"Lose Max HP","damage_taken":0,"relics_obtained":["Golden Idol"],"max_hp_gain":0,"max_hp_loss":5,"event_name":"Golden Idol","floor":7,"gold_loss":0}],"is_beta":false,"boss_relics":[{"not_picked":["Empty Cage","Ectoplasm"],"picked":"WristBlade"}],"items_purged_floors":[5,12],"is_endless":false,"potions_floor_spawned":[1,8,14,16],"killed_by":"Slavers","ascension_level":12}}