{"host":"i0avyit1s6jb1siw","time":1608561377,"event":{"mods":["BaseMod","DeckTracker","Dota2Spire","Highlight Path","Minty Spire (QoL Compilation)","Quick Restart","Replay The Spire","StSLib","SuperFastMode"],"gold_per_floor":[112,112,129,129,148,179,190,190,190,190,190,190],"floor_reached":11,"playtime":148,"items_purged":[],"score":146,"play_id":"602c25be-6526-47a6-bb28-7bc1c0d44759","local_time":"20201221153617","is_ascension_mode":true,"campfire_choices":[{"data":"Bash","floor":8,"key":"SMITH"},{"data":"Pummel","floor":10,"key":"SMITH"}],"circlet_count":0,"master_deck":["AscendersBane","Strike_R","Strike_R","Strike_R","Strike_R","Strike_R","Defend_R","Defend_R","Defend_R","Defend_R","Bash+1","Anger","Pummel+1"],"relics":["Burning Blood","NeowsBlessing","Champion Belt","Matryoshka","Orichalcum"],"acts_visited":["Exordium"],"potions_floor_usage":[11],"damage_taken":[{"damage":0,"enemies":"2 Louse","floor":1,"turns":1},{"damage":0,"enemies":"Cultist","floor":3,"turns":1},{"damage":0,"enemies":"Jaw Worm","floor":5,"turns":1},{"damage":56,"enemies":"Gremlin Nob","floor":6,"turns":6},{"damage":3,"enemies":"Exordium Wildlife","floor":7,"turns":3},{"damage":28,"enemies":"Lagavulin","floor":11,"turns":5}],"seed_played":"-7332713862668681466","potions_obtained":[{"floor":3,"key":"Reflective Coating"},{"floor":6,"key":"Energy Potion"}],"is_trial":false,"path_per_floor":["M","?","M","?","M","E","M","R","T","R","E"],"character_chosen":"IRONCLAD","items_purchased":[],"campfire_rested":0,"item_purchase_floors":[],"current_hp_per_floor":[74,74,75,75,75,25,28,28,28,28,0,0],"gold":190,"neow_bonus":"THREE_ENEMY_KILL","is_daily":false,"chose_seed":false,"campfire_upgraded":2,"win_rate":0.0,"timestamp":1608561377,"path_taken":["M","?","M","?","?","E","M","R","T","R","E"],"items_purchased_type":[],"build_version":"2020-12-13","purchased_purges":0,"victory":false,"max_hp_per_floor":[75,75,75,75,75,75,75,75,75,75,75,75],"card_choices":[{"not_picked":["Replay:Undeath\u0027s Touch","Anger","Entrench"],"picked":"SKIP","floor":1},{"not_picked":["Replay:Undeath\u0027s Touch","Anger","Entrench"],"picked":"SKIP","floor":1},{"not_picked":["ReplayReversal","Clash","Warcry"],"picked":"SKIP","floor":3},{"not_picked":["True Grit","ReplayTheSpireMod:Strike From Hell","Rupture"],"picked":"SKIP","floor":5},{"not_picked":["Twin Strike","Run Through"],"picked":"Anger","floor":6},{"not_picked":["Massacre","Twin Strike"],"picked":"Pummel","floor":7}],"player_experience":2091978,"relics_obtained":[{"floor":6,"key":"Matryoshka"},{"floor":9,"key":"Orichalcum"}],"event_choices":[{"damage_healed":0,"gold_gain":0,"player_choice":"Gave Potion","damage_taken":0,"relics_obtained":["Champion Belt"],"max_hp_gain":0,"max_hp_loss":0,"event_name":"WeMeetAgain","floor":4,"gold_loss":0}],"is_beta":false,"boss_relics":[],"items_purged_floors":[],"is_endless":false,"potions_floor_spawned":[3,6],"killed_by":"Lagavulin","ascension_level":20}}