{"host":"9jbduwjxg0e72hbg","time":1608518179,"event":{"mods":["AchievementEnabler","Act Like it!","Aspiration","BaseMod","Better Match","Better Skull","Better Third Choice","BetterRewards","Conspire","Downfall","Elementarium","Energized Spire","Gensokyo","GifTheSpireLib","Gold Saver","GungeonMod","Hallownest","Hubris","Infinite Spire","Jedi Mod","Marisa????????","Menagerie","Minty Spire (QoL Compilation)","Pale of the Ancients","Replay The Spire","SCP261 Mod","Shop Mod","Spicy Shops","StSLib","Stuff the Spire","The Animator","The Blue Laboratory","The Gatherer","Wandering Minibosses","vexMod"],"gold_per_floor":[21876,21892,20876,20896,20915,21079,21079,21529,21529,21669,21669,20906,21156,21268,21268,21710,21710,22022,22022,22094,21658,21678,21802,21954,22216,22216,22216],"floor_reached":25,"playtime":7241,"items_purged":["animator:Boros+1","hexamod:Strike","hexamod:Strike","hexamod:Defend","hexamod:Defend","hexamod:Defend","hexamod:Strike","hexamod:Defend","hexamod:Strike","Doubt","hubris:Disease","hexamod:Hexaguard","infinitespire:Pacifist","Shame"],"score":745,"play_id":"8b7faddf-b9c1-4149-975a-da2c4bea3382","local_time":"20201220183619","is_ascension_mode":true,"campfire_choices":[{"data":"Writhe","floor":15.0,"key":"PURGE"}],"circlet_count":0,"master_deck":["animator:Boros+1","hexamod:Sear","hexamod:Float","hexamod:ThirdSeal","hexamod:PhantomFireball","hexamod:GhostOfSpirePast","hexamod:SpectralSpark","hexamod:RainOfEmbers+1","hexamod:Incineration","hexamod:FourthSeal","hubris:EnhanceAbility","hexamod:SoulSteal","hexamod:Firestarter","hexamod:PhantomFireball+1","hexamod:ExtraCrispy+1","hexamod:Incineration","hexamod:Firestarter","hexamod:BurningTouch","hexamod:FirstSeal","hexamod:Incineration","Sickly","hexamod:GhostOfSpirePast","hexamod:GhostOfSpirePast","hexamod:SoulSteal","hexamod:GhostflameInferno","hexamod:Firestarter+1","hexamod:SecondSeal","hexamod:VolcanoVisage","hexamod:HexaLevel","hexamod:HeatCrush","hexamod:SecondSeal","animator:KrulTepes","hexamod:WildfireWeapon","hexamod:FifthSeal","hexamod:SecondSeal","ReplayTheSpireMod:Brewmster","Amnesia","hexamod:ExtraCrispy","hexamod:SearingWound","hexamod:ExtraCrispy","hexamod:NightmareStrike","hexamod:RadiantFlame","Delirium","hexamod:Haunt+1","hexamod:ExtraCrispy","hexamod:SpectralSpark","Writhe","animator:PinaCoLada","hexamod:SecondSeal","animator:Curse_Nutcracker","animator:KoishiKomeiji","hexamod:WildfireWeapon"],"relics":["DemoMod:LamentConfigurum","ReplayTheSpireMod:Ring of Challenge","ReplayTheSpireMod:Ring of Collecting","ReplayTheSpireMod:Ring of Exchange","Ring of Chaos","MerchantsRug","Membership Card","energizedSpire:OgreHead","hubris:EmptyBottle","hexamod:MatchstickCase","Girya","Question Card","hubris:DisguiseKit","Ginger","energizedSpire:CursedPentagram","infinitespire:EmpoweringShard","StuffTheSpire:Kangaroo","Coffee Dripper","DemoMod:OrangeGuonStone","jedi:paperlyon","hubris:MobiusCoin","aspiration:RunicSpoon","Question Card","Gensokyo:PortableGap","vexMod:Spyglass","conspire:RoyalGoblet","StuffTheSpire:TintedRock","energizedSpire:OgreHead","DemoMod:GnawedKey","hubris:ToyBattleship","Ring of Fangs","DemoMod:PartiallyEatenCheese","jedi:battlestandard","hubris:Zylophone","StuffTheSpire:Nightcore","Sling","Whetstone","Mummified Hand","Replay:Baseball","MawBank","DemoMod:JetPack","FossilizedHelix"],"acts_visited":["Exordium","Menagerie:Menagerie"],"potions_floor_usage":[24,24],"damage_taken":[{"damage":1.0,"enemies":"Menagerie:MonstrousExperiment","floor":1.0,"turns":2.0},{"damage":0.0,"enemies":"Menagerie:WhisperingWraith","floor":2.0,"turns":1.0},{"damage":0.0,"enemies":"Menagerie:2_RABBITS","floor":4.0,"turns":2.0},{"damage":0.0,"enemies":"Menagerie:BEAST_MAGE_AND_PROWLING_AMALGAM","floor":5.0,"turns":3.0},{"damage":6.0,"enemies":"Menagerie:MaskedSummoner","floor":6.0,"turns":3.0},{"damage":42.0,"enemies":"Menagerie:VoidReaper","floor":8.0,"turns":4.0},{"damage":24.0,"enemies":"Menagerie:Hydra","floor":10.0,"turns":3.0},{"damage":0.0,"enemies":"Menagerie:MaskedSummoner","floor":11.0,"turns":1.0},{"damage":6.0,"enemies":"Menagerie:Hydra","floor":14.0,"turns":2.0},{"damage":65.0,"enemies":"Menagerie:AVATARS","floor":16.0,"turns":3.0},{"damage":0.0,"enemies":"Elementarium:VoidCorruption","floor":18.0,"turns":6.0},{"damage":9.0,"enemies":"Elementarium:2_ELEMENTALS","floor":20.0,"turns":2.0},{"damage":0,"enemies":"Elementarium:Hydrostalker","floor":22,"turns":1},{"damage":11,"enemies":"Elementarium:FIRE_NOBILITY","floor":23,"turns":2},{"damage":26,"enemies":"Elementarium:WarGolem","floor":24,"turns":3},{"damage":29,"enemies":"Nightmare","floor":25,"turns":4}],"seed_played":"-7663516419019039651","potions_obtained":[{"floor":2.0,"key":"blueLaboratory:StoneskinPotion"},{"floor":5.0,"key":"SkillPotion"},{"floor":5.0,"key":"SCP261:BarrettColaPotion"},{"floor":6.0,"key":"infinitespire:BlackPotion"},{"floor":10.0,"key":"DuplicationPotion"},{"floor":16.0,"key":"ColorlessPotion"},{"floor":18.0,"key":"blueLaboratory:HorrorPotion"},{"floor":18.0,"key":"Cursed Concoction"}],"is_trial":false,"path_per_floor":["M","M","$","M","M","E","?","E","T","E","E","$","M","E","R","B",null,"M","?","M","$","M","E","E","NM"],"character_chosen":"THE_SPIRIT","items_purchased":["hexamod:ThirdSeal","MerchantsRug","Membership Card","vexMod:MysteryBossChallenge","hexamod:PhantomFireball","hubris:EmptyBottle","hexamod:MatchstickCase","Girya","hexamod:GhostOfSpirePast","Question Card","hubris:DisguiseKit","Ginger","energizedSpire:CursedPentagram","hexamod:SpectralSpark","infinitespire:EmpoweringShard","hexamod:RainOfEmbers","hexamod:Incineration","StuffTheSpire:Kangaroo","hexamod:FourthSeal","Coffee Dripper","hubris:EnhanceAbility","hexamod:SoulSteal","hexamod:Firestarter","hexamod:PhantomFireball+1","DemoMod:OrangeGuonStone","hexamod:ExtraCrispy","hexamod:Incineration","hexamod:Firestarter","jedi:paperlyon","hubris:MobiusCoin","aspiration:RunicSpoon","Question Card","hexamod:BurningTouch","conspire:RoyalGoblet","StuffTheSpire:TintedRock","energizedSpire:OgreHead","hexamod:GhostOfSpirePast","DemoMod:GnawedKey","ReplayTheSpireMod:Brewmster","hexamod:ExtraCrispy","jedi:battlestandard","Mummified Hand","hexamod:ExtraCrispy","hexamod:SpectralSpark","Replay:Baseball"],"campfire_rested":0,"item_purchase_floors":[0,0,0,0,0,0,0,0,0,0,0,0,0,0,0,0,0,0,0,0,0,0,0,0,0,0,0,0,0,0,0,0,0,3,3,3,3,3,12,12,12,21,21,21,21],"current_hp_per_floor":[69,69,69,69,70,64,59,33,33,16,16,16,16,10,10,6,58,58,58,49,49,49,55,29,0,0,0],"gold":22216,"neow_bonus":"","is_daily":false,"chose_seed":false,"campfire_upgraded":0,"win_rate":0.0,"timestamp":1608518179,"path_taken":["M","M","?","?","?","E","?","E","T","E","E","?","?","E","R","BOSS","M","?","M","$","M","E","E","NM"],"items_purchased_type":["Card","Relic","Relic","Relic","Card","Relic","Relic","Relic","Card","Relic","Relic","Relic","Relic","Card","Relic","Card","Card","Relic","Card","Relic","Card","Card","Card","Card","Relic","Card","Card","Card","Relic","Relic","Relic","Relic","Card","Relic","Relic","Relic","Card","Relic","Card","Card","Relic","Relic","Card","Card","Relic"],"build_version":"2020-12-13","purchased_purges":14,"victory":false,"max_hp_per_floor":[70,70,70,70,70,67,64,64,64,61,61,58,58,58,58,58,58,58,58,58,58,58,55,52,52,52,52],"card_choices":[{"not_picked":["hexamod:HeatMetal","hexamod:EtherealExpedition","hexamod:RecurringNightmare","hexamod:ApocalypseNow","animator:Emonzaemon"],"picked":"hexamod:Hexaguard","floor":1.0},{"not_picked":["hexamod:InspiringFlames","hexamod:HauntingEcho","hexamod:RainOfEmbers","hexamod:RecurringNightmare","animator:LizardPriest"],"picked":"hexamod:FirstSeal","floor":1.0},{"not_picked":["hexamod:ChargedBarrage","hexamod:BurningTouch","hexamod:Again","hexamod:GhostShield","hexamod:SwordOfDarkness","animator:Aqua"],"picked":"SKIP","floor":1.0},{"not_picked":["hexamod:BurningTouch","hexamod:Firestarter","hexamod:PhantomFireball","hexamod:BacktrackSmack","animator:Arpeggio"],"picked":"hexamod:Incineration","floor":2.0},{"not_picked":["hexamod:Hexaguard","hexamod:UnlimitedPower","hexamod:NightmareGuise","hexamod:BurningTouch","animator:Tet"],"picked":"hexamod:SoulSteal","floor":4.0},{"not_picked":["hexamod:FastForward","hexamod:HauntingEcho","hexamod:FlamesFromBeyond","hexamod:SpectralAdrenaline","hexamod:AdvancingGuard","animator:Chung"],"picked":"SKIP","floor":4.0},{"not_picked":["hexamod:SwordOfDarkness","hexamod:RetreatToShadows","hexamod:StepThrough","hexamod:GhostLash","hexamod:GhostShield","animator:ShizuruNakatsu"],"picked":"SKIP","floor":4.0},{"not_picked":["hexamod:FastForward","hexamod:FourthSeal","hexamod:BurningTouch","hexamod:SoulSteal","animator:Guy"],"picked":"hexamod:GhostflameInferno","floor":5.0},{"not_picked":["hexamod:NightmareStrike","hexamod:Rewind","hexamod:SkipABeat","hexamod:Hexaguard","animator:TohkaYatogami"],"picked":"hexamod:Firestarter","floor":5.0},{"not_picked":["hexamod:BurningTouch","hexamod:GhostShield","hexamod:FastForward","hexamod:CatchUp","animator:Tet"],"picked":"hexamod:SecondSeal","floor":5.0},{"not_picked":["hexamod:PowerFromBeyond","hexamod:ShieldOfDarkness","hexamod:Incineration","hexamod:Haunt","hexamod:BurningTouch","animator:ReimuHakurei"],"picked":"SKIP","floor":5.0},{"not_picked":["hexamod:HeatShield","hexamod:NightmareStrike","hexamod:EmpoweredFlame","hexamod:GhostLash","animator:ShinjiMatou"],"picked":"hexamod:VolcanoVisage","floor":6.0},{"not_picked":["hexamod:HeatMetal","hexamod:FlamesFromBeyond","hexamod:SpectralAdrenaline","hexamod:BacktrackSmack","animator:Viivi"],"picked":"hexamod:HexaLevel","floor":6.0},{"not_picked":["hexamod:SpectersWail","hexamod:InspiringFlames","hexamod:NecessarySacrifice","hexamod:BacktrackSmack","animator:Add"],"picked":"hexamod:HeatCrush","floor":6.0},{"not_picked":["hexamod:ThermalTransfer","hexamod:PhantomFireball","hexamod:NightmareStrike","hexamod:RetreatToShadows","animator:Caster"],"picked":"hexamod:SecondSeal","floor":6.0},{"not_picked":["hexamod:BurningTouch","hexamod:HeatCrush","hexamod:SpectersWail","hexamod:SoulSteal","hexamod:NightmareGuise","animator:Kyubey"],"picked":"SKIP","floor":6.0},{"not_picked":["hexamod:ThermalTransfer","hexamod:BacktrackSmack","hexamod:Rewind","hexamod:NightmareGuise","hexamod:SuperheatedStrike","animator:YachiyoNanami"],"picked":"SKIP","floor":6.0},{"not_picked":["hexamod:BurningTouch","hexamod:EmpoweredFlame","hexamod:RainOfEmbers","hexamod:GhostShield","hexamod:GhostOfSpireFuture"],"picked":"animator:KrulTepes","floor":8.0},{"not_picked":["hexamod:StepThrough","hexamod:SwordOfDarkness","hexamod:GhostLash","hexamod:GhostOfSpireFuture","animator:HidekiHinata"],"picked":"hexamod:WildfireWeapon","floor":8.0},{"not_picked":["hexamod:ShieldOfDarkness","hexamod:EmpoweredFlame","hexamod:GhostShield","hexamod:SearingWound","animator:Lu"],"picked":"hexamod:FifthSeal","floor":8.0},{"not_picked":["hexamod:ChargedBarrage","hexamod:SwordOfDarkness","hexamod:GhostShield","hexamod:FirstSeal","hexamod:GhostLash","animator:Spearman"],"picked":"SKIP","floor":8.0},{"not_picked":["hexamod:SkipABeat","hexamod:RecurringNightmare","hexamod:NightmareGuise","hexamod:AdvancingGuard","animator:Gillette"],"picked":"hexamod:SecondSeal","floor":10.0},{"not_picked":["hexamod:GhostflameBarrier","hexamod:ThermalTransfer","hexamod:GiftsFromTheDead","hexamod:NightmareGuise","hexamod:RainOfEmbers","animator:DolaRiku"],"picked":"SKIP","floor":14.0},{"not_picked":["hexamod:TimeOfNeed","hexamod:CrushingStance","hexamod:UnlimitedPower","hexamod:TurnItUp","animator:Kanaria"],"picked":"hexamod:SearingWound","floor":16.0},{"not_picked":["hexamod:Firestarter","hexamod:GhostLash","hexamod:TimeWarp","hexamod:ChargedBarrage+1","animator:JunSakurada"],"picked":"hexamod:ExtraCrispy","floor":18.0},{"not_picked":["hexamod:GhostShield","hexamod:ShieldOfDarkness","hexamod:FlamesFromBeyond+1","hexamod:GhostflameBarrier","animator:TukaLunaMarceau"],"picked":"hexamod:NightmareStrike","floor":20.0},{"not_picked":["hexamod:Firestarter","hexamod:ThermalTransfer","hexamod:CrushingStance","hexamod:GhostOfSpireFuture","animator:CrowleyEusford"],"picked":"hexamod:RadiantFlame","floor":20.0},{"not_picked":["hexamod:Incineration","hexamod:HeatCrush+1","hexamod:ThermalTransfer","hexamod:BacktrackSmack+1","animator:YunYun"],"picked":"hexamod:Haunt+1","floor":20.0},{"not_picked":["hexamod:PowerFromBeyond","hexamod:EmpoweredFlame","hexamod:AdvancingGuard+1","hexamod:Incineration","hexamod:GhostShield","animator:KyokoSakura"],"picked":"SKIP","floor":20.0},{"not_picked":["hexamod:ThirdSeal","hexamod:HeatCrush","hexamod:NightmareStrike+1","hexamod:GhostLash","hexamod:ThermalTransfer+1","animator:Shirosaki"],"picked":"SKIP","floor":22},{"not_picked":["hexamod:Toasty","hexamod:HauntingEcho+1","hexamod:PhantomFireball","hexamod:Hexaguard","hexamod:Incineration","animator:LeleiLaLalena"],"picked":"SKIP","floor":23},{"not_picked":["hexamod:GhostShield+1","hexamod:ThermalTransfer","hexamod:HeatCrush","hexamod:RecurringNightmare","hexamod:AdvancingGuard"],"picked":"animator:PinaCoLada","floor":24},{"not_picked":["hexamod:GhostflameInferno","hexamod:BacktrackSmack","hexamod:NightmareGuise","hexamod:SwordOfDarkness","animator:Fredrika"],"picked":"hexamod:SecondSeal","floor":24},{"not_picked":["hexamod:SoulSteal","hexamod:FastForward","hexamod:ShieldOfDarkness","hexamod:BurningTouch","hexamod:HauntingEcho"],"picked":"animator:KoishiKomeiji","floor":24},{"not_picked":["hexamod:Haunt","hexamod:NightmareGuise","hexamod:HeatShield","hexamod:BurningTouch","animator:OrikoMikuni"],"picked":"hexamod:WildfireWeapon","floor":24}],"player_experience":867224,"relics_obtained":[{"floor":8.0,"key":"hubris:ToyBattleship"},{"floor":9.0,"key":"Ring of Fangs"},{"floor":9.0,"key":"DemoMod:PartiallyEatenCheese"},{"floor":14.0,"key":"StuffTheSpire:Nightcore"},{"floor":18.0,"key":"Whetstone"},{"floor":23,"key":"MawBank"},{"floor":24,"key":"DemoMod:JetPack"}],"event_choices":[{"damage_healed":0.0,"max_hp_gain":0.0,"max_hp_loss":5.0,"gold_gain":0.0,"event_name":"Menagerie:HarrowingRitual","player_choice":"Accept","floor":7.0,"gold_loss":0.0,"damage_taken":0.0,"cards_upgraded":["hexamod:ExtraCrispy"]},{"damage_healed":0.0,"max_hp_gain":0.0,"max_hp_loss":0.0,"gold_gain":0.0,"event_name":"conspire:Investor","player_choice":"Leave","floor":19.0,"gold_loss":0.0,"damage_taken":0.0}],"is_beta":false,"boss_relics":[{"not_picked":["hubris:Stopwatch","DollysMirror"],"picked":"Sling"}],"items_purged_floors":[0,0,0,0,0,0,0,0,0,0,0,3,12,21],"is_endless":false,"potions_floor_spawned":[2,11,16,22,23],"killed_by":"Nightmare","ascension_level":1}}