{"host":"qhn6g0owdgjb77rz","time":1608551919,"event":{"mods":["BaseMod","BetterRewards","Colored Map","Minty Spire (QoL Compilation)","Relic Sorter","StSLib","The Construct"],"gold_per_floor":[112,125,50,66,13,13,48,48,97,126,126,137,168,188,188,263,263,273,198,198,198,198,233,233,1,25,25,44,44,44,69,69,141,141,152,164,164,164],"floor_reached":37,"playtime":2803,"items_purged":["construct:Strike_Gold"],"score":979,"play_id":"4219845d-e1eb-4f1a-acb7-4b34615da6bc","local_time":"20201221205839","is_ascension_mode":true,"campfire_choices":[{"data":"construct:Stasis","floor":6.0,"key":"SMITH"},{"data":"construct:Stasis+1","floor":8.0,"key":"SMITH"},{"data":"construct:Stasis","floor":15,"key":"SMITH"},{"data":"construct:Stasis+1","floor":24,"key":"SMITH"},{"data":"construct:BatteryCore","floor":27,"key":"SMITH"},{"data":"construct:BatteryCore+1","floor":30,"key":"SMITH"},{"data":"construct:BatteryCore","floor":32,"key":"SMITH"}],"circlet_count":0,"master_deck":["AscendersBane","construct:Strike_Gold","construct:Strike_Gold","construct:Strike_Gold","construct:Strike_Gold","construct:Defend_Gold","construct:Defend_Gold","construct:Defend_Gold","construct:Defend_Gold","construct:AttackMode","construct:DefenseMode","construct:BatteryCore+1","construct:Stasis+2","construct:Versatility","construct:Backfire","construct:Stasis+2","construct:VentSteam","construct:BatteryCore+2","construct:MetalShell","construct:Stasis+2","construct:Hazardproof","construct:Boost"],"relics":["construct:ClockworkPhoenix","CultistMask","Anchor","Blood Vial","HandDrill","construct:PurpleEmber","Ice Cream","Juzu Bracelet","Omamori","Potion Belt","Ancient Tea Set","Bronze Scales","construct:WeddingRing","TungstenRod","DollysMirror","Strawberry","Red Mask","Calling Bell","Orichalcum","Ornamental Fan","Du-Vu Doll"],"acts_visited":["Exordium","TheCity","TheBeyond"],"potions_floor_usage":[33],"damage_taken":[{"damage":1.0,"enemies":"Cultist","floor":1.0,"turns":4.0},{"damage":1.0,"enemies":"Jaw Worm","floor":2.0,"turns":4.0},{"damage":0.0,"enemies":"Small Slimes","floor":4.0,"turns":6.0},{"damage":8.0,"enemies":"Lagavulin","floor":7.0,"turns":7.0},{"damage":0.0,"enemies":"Gremlin Nob","floor":10.0,"turns":2.0},{"damage":10.0,"enemies":"Exordium Thugs","floor":12.0,"turns":5.0},{"damage":11.0,"enemies":"Lagavulin","floor":13.0,"turns":4.0},{"damage":0,"enemies":"3 Louse","floor":14,"turns":3},{"damage":37,"enemies":"Hexaghost","floor":16,"turns":8},{"damage":23,"enemies":"Spheric Guardian","floor":18,"turns":6},{"damage":59,"enemies":"Book of Stabbing","floor":23,"turns":6},{"damage":0,"enemies":"Shell Parasite","floor":28,"turns":6},{"damage":5,"enemies":"Masked Bandits","floor":31,"turns":6},{"damage":17,"enemies":"Automaton","floor":33,"turns":13},{"damage":12,"enemies":"3 Shapes","floor":35,"turns":9},{"damage":14,"enemies":"3 Darklings","floor":36,"turns":8},{"damage":67,"enemies":"Transient","floor":37,"turns":4}],"seed_played":"-943830288434240607","potions_obtained":[{"floor":1.0,"key":"Fire Potion"},{"floor":2.0,"key":"Swift Potion"},{"floor":10.0,"key":"Ancient Potion"},{"floor":14,"key":"Explosive Potion"},{"floor":23,"key":"SneckoOil"},{"floor":31,"key":"CultistPotion"}],"is_trial":false,"path_per_floor":["M","M","$","M","$","R","E","R","T","E","?","M","E","M","R","B",null,"M","?","?","$","?","E","R","$","T","R","M","$","R","?","R","B",null,"M","M","M"],"character_chosen":"THE_CONSTRUCT_MOD","items_purchased":["construct:BatteryCore","Blood Vial","HandDrill","construct:PurpleEmber","construct:Backfire","construct:MetalShell","DollysMirror"],"campfire_rested":0,"item_purchase_floors":[0,0,0,0,5,25,25],"current_hp_per_floor":[70,71,71,73,73,73,67,67,67,69,69,61,52,54,54,19,69,48,48,95,95,76,19,19,19,26,26,28,28,28,25,25,10,83,73,61,0,0],"gold":164,"neow_bonus":"","is_daily":false,"chose_seed":false,"campfire_upgraded":7,"win_rate":0.0,"timestamp":1608551919,"path_taken":["M","M","$","M","?","R","E","R","T","E","?","M","E","M","R","BOSS","M","?","?","?","?","E","R","$","T","R","M","?","R","?","R","BOSS","M","M","M"],"items_purchased_type":["Card","Relic","Relic","Relic","Card","Card","Relic"],"build_version":"2020-12-13","purchased_purges":1,"victory":false,"max_hp_per_floor":[85,85,85,85,85,85,85,85,85,85,85,85,85,85,85,85,85,85,85,95,95,100,100,100,100,107,107,107,107,107,107,107,107,107,107,107,107,107],"card_choices":[{"not_picked":["construct:SyphonStrike","construct:Chainstrike"],"picked":"construct:Stasis","floor":1.0},{"not_picked":["construct:Reinforce","construct:HeavyBolt"],"picked":"construct:Versatility","floor":2.0},{"not_picked":["construct:Dampening","construct:ReactiveShield","construct:FierceBash"],"picked":"SKIP","floor":4.0},{"not_picked":["construct:ShiftStrike","construct:CripplingShot"],"picked":"construct:ShieldBurst","floor":7.0},{"not_picked":["construct:ShiftStrike","construct:PointDefense"],"picked":"construct:Stasis","floor":10.0},{"not_picked":["construct:Missile","construct:FierceBash","construct:QuickAttack"],"picked":"SKIP","floor":12.0},{"not_picked":["construct:HeavyBolt","construct:GoldenBullet"],"picked":"construct:VentSteam","floor":13.0},{"not_picked":["construct:Forcefield","construct:ShiftStrike","construct:UnbalancingBlast"],"picked":"SKIP","floor":14},{"not_picked":["construct:GatlingGun","construct:Multistage"],"picked":"construct:BatteryCore","floor":16},{"not_picked":["construct:PointDefense+1","construct:ForceCore","construct:Autoturret"],"picked":"SKIP","floor":18},{"not_picked":["construct:SyphonStrike","construct:HeavyBolt","construct:SuppressiveFire"],"picked":"SKIP","floor":23},{"not_picked":["construct:ClusterMines","construct:HeavyBolt","construct:PointDefense"],"picked":"SKIP","floor":28},{"not_picked":["construct:HardReboot+1","construct:VentSteam"],"picked":"construct:Hazardproof","floor":35},{"not_picked":["construct:FlakBarrage","construct:Impenetrable+1"],"picked":"construct:Boost","floor":36}],"player_experience":552074,"relics_obtained":[{"floor":7.0,"key":"Juzu Bracelet"},{"floor":9.0,"key":"Omamori"},{"floor":10.0,"key":"Potion Belt"},{"floor":13.0,"key":"Bronze Scales"},{"floor":23,"key":"TungstenRod"},{"floor":26,"key":"Strawberry"},{"floor":31,"key":"Red Mask"},{"floor":34,"key":"Orichalcum"},{"floor":34,"key":"Ornamental Fan"},{"floor":34,"key":"Du-Vu Doll"}],"event_choices":[{"damage_healed":0.0,"max_hp_gain":0.0,"max_hp_loss":0.0,"gold_gain":0.0,"event_name":"WeMeetAgain","player_choice":"Gave Potion","floor":11.0,"gold_loss":0.0,"damage_taken":0.0,"relics_obtained":["Ancient Tea Set"]},{"cards_removed":["construct:Defend_Gold"],"damage_healed":0,"gold_gain":0,"player_choice":"Gave Gold","damage_taken":0,"max_hp_gain":0,"max_hp_loss":0,"event_name":"Beggar","floor":19,"gold_loss":75},{"cards_removed":["construct:ShieldBurst"],"damage_healed":37,"gold_gain":0,"player_choice":"Offered Rare","damage_taken":0,"max_hp_gain":10,"max_hp_loss":0,"event_name":"Bonfire Elementals","floor":20,"gold_loss":0},{"damage_healed":0,"gold_gain":0,"player_choice":"Shed Blood","damage_taken":24,"max_hp_gain":5,"max_hp_loss":0,"event_name":"Forgotten Altar","floor":22,"gold_loss":0},{"damage_healed":0,"gold_gain":0,"player_choice":"Fought Bandits","damage_taken":0,"max_hp_gain":0,"max_hp_loss":0,"event_name":"Masked Bandits","floor":31,"gold_loss":0}],"is_beta":false,"boss_relics":[{"not_picked":["Tiny House","SlaversCollar"],"picked":"construct:WeddingRing"},{"not_picked":["Pandora\u0027s Box","construct:ClawGrip"],"picked":"Calling Bell"}],"items_purged_floors":[3],"is_endless":false,"potions_floor_spawned":[1,2,7,10,14,23,31],"killed_by":"Transient","ascension_level":13}}