{"host":"7xrfhfoo16q2v8hj","time":1608536956,"event":{"mods":["BaseMod","Colored Map","DeckTracker","Highlight Path","Minty Spire (QoL Compilation)","StSLib","SuperFastMode"],"gold_per_floor":[113,113,131,145,177,210,210,210,237,312,346,346,346,356,356,453,453,443,443,443,457,417,445,445,472,521,521,521],"floor_reached":27,"playtime":818,"items_purged":[],"score":298,"play_id":"9dcf6d3e-4676-433a-8970-05dfbaf88cf6","local_time":"20201221014916","is_ascension_mode":true,"campfire_choices":[{"data":"Spot Weakness","floor":7,"key":"SMITH"},{"floor":13,"key":"REST"},{"data":"Shockwave","floor":15,"key":"SMITH"},{"floor":24,"key":"REST"}],"circlet_count":0,"master_deck":["Strike_R","Strike_R","Strike_R","Strike_R","Strike_R","Defend_R","Defend_R","Defend_R","Defend_R","Bash+1","Heavy Blade","Body Slam","Thunderclap","Spot Weakness+1","Heavy Blade","Shockwave+1","Parasite","Pommel Strike","Evolve","Juggernaut","Cleave+1","Rage+1","Sentinel+1","Entrench+1"],"relics":["Burning Blood","Smiling Mask","Tiny Chest","Oddly Smooth Stone","Bag of Marbles","Black Star","MutagenicStrength","Toxic Egg 2","Sundial","Torii","Nunchaku","Bottled Tornado","MealTicket"],"acts_visited":["Exordium","TheCity"],"potions_floor_usage":[5,6,16,16,23,23,27],"damage_taken":[{"damage":7,"enemies":"Jaw Worm","floor":1,"turns":4},{"damage":0,"enemies":"Cultist","floor":3,"turns":3},{"damage":8,"enemies":"2 Louse","floor":4,"turns":2},{"damage":11,"enemies":"Blue Slaver","floor":5,"turns":3},{"damage":26,"enemies":"Gremlin Nob","floor":6,"turns":4},{"damage":41,"enemies":"3 Sentries","floor":11,"turns":6},{"damage":10,"enemies":"Large Slime","floor":14,"turns":6},{"damage":54,"enemies":"The Guardian","floor":16,"turns":9},{"damage":33,"enemies":"2 Thieves","floor":18,"turns":4},{"damage":44,"enemies":"Shell Parasite","floor":21,"turns":5},{"damage":18,"enemies":"Gremlin Leader","floor":23,"turns":5},{"damage":49,"enemies":"Slavers","floor":25,"turns":5},{"damage":30,"enemies":"Centurion and Healer","floor":27,"turns":2}],"seed_played":"-5954365184324279074","potions_obtained":[{"floor":1,"key":"ColorlessPotion"},{"floor":4,"key":"Weak Potion"},{"floor":11,"key":"BloodPotion"},{"floor":14,"key":"Strength Potion"},{"floor":22,"key":"DuplicationPotion"},{"floor":22,"key":"Regen Potion"},{"floor":22,"key":"FairyPotion"},{"floor":25,"key":"Dexterity Potion"}],"is_trial":false,"path_per_floor":["M","?","M","M","M","E","R","?","T","?","E","T","R","M","R","B",null,"M","?","T","M","?","E","R","E","T","M"],"character_chosen":"IRONCLAD","items_purchased":[],"campfire_rested":2,"item_purchase_floors":[],"current_hp_per_floor":[79,79,80,78,73,53,53,73,73,62,27,27,51,47,47,15,80,53,53,53,15,15,17,41,23,23,0,0],"gold":521,"neow_bonus":"THREE_CARDS","is_daily":false,"chose_seed":false,"campfire_upgraded":2,"win_rate":0.0,"timestamp":1608536956,"path_taken":["M","?","M","?","M","E","R","?","T","?","E","?","R","M","R","BOSS","M","?","?","M","?","E","R","E","T","?"],"items_purchased_type":[],"build_version":"2020-12-13","purchased_purges":0,"victory":false,"max_hp_per_floor":[80,80,80,80,80,80,80,80,80,80,80,80,80,80,80,80,80,80,80,80,80,80,80,80,80,80,80,80],"card_choices":[{"not_picked":["Anger","Clothesline"],"picked":"Heavy Blade","floor":0},{"not_picked":["Combust","Clash"],"picked":"Body Slam","floor":1},{"not_picked":["Clothesline","Power Through"],"picked":"Thunderclap","floor":3},{"not_picked":["Headbutt","Heavy Blade"],"picked":"Spot Weakness","floor":4},{"not_picked":["Exhume","Infernal Blade"],"picked":"Heavy Blade","floor":5},{"not_picked":["Rampage","Perfected Strike"],"picked":"Shockwave","floor":6},{"not_picked":["Ghostly Armor","Wild Strike"],"picked":"Pommel Strike","floor":11},{"not_picked":["Blood for Blood","Dual Wield"],"picked":"Evolve","floor":14},{"not_picked":["Bludgeon","Demon Form"],"picked":"Juggernaut","floor":16},{"not_picked":["Metallicize","Searing Blow+1"],"picked":"Cleave+1","floor":18},{"not_picked":["Combust","True Grit+1"],"picked":"Rage+1","floor":21},{"not_picked":["Clash","Anger"],"picked":"Sentinel+1","floor":23},{"not_picked":["Feel No Pain","Thunderclap+1"],"picked":"Entrench+1","floor":25}],"player_experience":537793,"relics_obtained":[{"floor":6,"key":"Smiling Mask"},{"floor":9,"key":"Tiny Chest"},{"floor":11,"key":"Oddly Smooth Stone"},{"floor":12,"key":"Bag of Marbles"},{"floor":20,"key":"Toxic Egg 2"},{"floor":23,"key":"Sundial"},{"floor":23,"key":"Torii"},{"floor":25,"key":"Nunchaku"},{"floor":25,"key":"Bottled Tornado"},{"floor":26,"key":"MealTicket"}],"event_choices":[{"damage_healed":0,"gold_gain":0,"player_choice":"Forge","damage_taken":0,"max_hp_gain":0,"max_hp_loss":0,"event_name":"Accursed Blacksmith","floor":2,"gold_loss":0,"cards_upgraded":["Bash"]},{"damage_healed":20,"gold_gain":0,"player_choice":"Healed and dodged fight","damage_taken":0,"max_hp_gain":0,"max_hp_loss":0,"event_name":"Mushrooms","floor":8,"gold_loss":0,"cards_obtained":["Parasite"]},{"damage_healed":0,"gold_gain":75,"player_choice":"Gather Gold","damage_taken":11,"max_hp_gain":0,"max_hp_loss":0,"event_name":"World of Goop","floor":10,"gold_loss":0},{"damage_healed":0,"gold_gain":0,"player_choice":"Inject Mutagens","damage_taken":0,"relics_obtained":["MutagenicStrength"],"max_hp_gain":0,"max_hp_loss":0,"event_name":"Drug Dealer","floor":19,"gold_loss":0},{"damage_healed":0,"gold_gain":0,"player_choice":"Bought 3 Potions","damage_taken":0,"max_hp_gain":0,"max_hp_loss":0,"event_name":"The Woman in Blue","floor":22,"gold_loss":0}],"is_beta":false,"boss_relics":[{"not_picked":["Empty Cage","Tiny House"],"picked":"Black Star"}],"items_purged_floors":[],"is_endless":false,"potions_floor_spawned":[1,4,11,14,25],"killed_by":"Centurion and Healer","ascension_level":3}}