{"host":"syse7109pvnv9ewm","time":1608575920,"event":{"mods":["Act Like it!","Aspiration","BaseMod","Beaked The Cultist","Better Altar","Better Match","Better Note","Better Sensory Stone","Better Skull","Better Third Choice","CCEM","Challenge The Spire","Colored Map","Conspire","Dio Mod","Elementarium","Energized Spire","Halation","Hallownest","Highlight Path","Hubris","Infinite Spire","Mad Scientist","Menagerie","Minty Spire (QoL Compilation)","Replay The Spire","Retaliation","Spicy Shops","StSLib","The Blue Laboratory","The Bug Knight","The Cursed","The Death Knight","The Disciple","The Factory","The Jungle","Thieving Mod"],"gold_per_floor":[110,127,142,45,10,10,30,30,82,82,100,116,143,143,143,143,143],"floor_reached":16,"playtime":829,"items_purged":["Strike_Br"],"score":92,"play_id":"64945692-52af-40ed-a48d-82541f36dc00","local_time":"20201221193840","is_ascension_mode":false,"campfire_choices":[{"data":"AlternateTimeline","floor":6,"key":"SMITH"},{"data":"AlternateTimeline","floor":8,"key":"SMITH"},{"floor":15,"key":"REST"}],"circlet_count":0,"master_deck":["Strike_Br","Strike_Br","Strike_Br","Defend_Br","Defend_Br","Defend_Br","Defend_Br","SecondHand","PatternShift","AlternateTimeline+1","BiteCommand","ReapSow","AlternateTimeline+1","HandsUpC","ReapSow","LockedBlood"],"relics":["Chronometer","MealTicket","Odd Mushroom","hubris:Teleporter"],"acts_visited":["Exordium"],"potions_floor_usage":[16,16,16],"damage_taken":[{"damage":0,"enemies":"Cultist","floor":1,"turns":4},{"damage":2,"enemies":"2 Louse","floor":2,"turns":4},{"damage":5,"enemies":"Small Slimes","floor":3,"turns":4},{"damage":3,"enemies":"2 Fungi Beasts","floor":7,"turns":3},{"damage":7,"enemies":"Large Slime","floor":11,"turns":4},{"damage":10,"enemies":"Red Slaver","floor":12,"turns":5},{"damage":23,"enemies":"The Mushroom Lair","floor":13,"turns":3},{"damage":56,"enemies":"Hexaghost","floor":16,"turns":12}],"seed_played":"-5109400157355342284","potions_obtained":[{"floor":3,"key":"blueLaboratory:BubblePotion"},{"floor":7,"key":"blueLaboratory:FrostheartPotion"},{"floor":11,"key":"blueLaboratory:BottledHope"}],"is_trial":false,"path_per_floor":["M","M","M","$","?","R","M","R","T","$","M","M","?","?","R","B"],"character_chosen":"CHRONO_CLASS","items_purchased":["HandsUpC"],"campfire_rested":1,"item_purchase_floors":[4],"current_hp_per_floor":[65,63,58,58,65,65,62,62,62,65,58,48,29,29,48,0,0],"gold":143,"neow_bonus":"THREE_CARDS","is_daily":false,"chose_seed":false,"campfire_upgraded":2,"win_rate":0.0,"timestamp":1608575920,"path_taken":["M","?","M","$","?","R","M","R","T","$","M","M","?","?","R","BOSS"],"items_purchased_type":["Card"],"build_version":"2020-12-13","purchased_purges":1,"victory":false,"max_hp_per_floor":[65,65,65,65,65,65,65,65,65,65,65,65,65,65,65,65,65],"card_choices":[{"not_picked":["Parity","Stagnate"],"picked":"AlternateTimeline","floor":0},{"not_picked":["PrimeTime","Tempo"],"picked":"BiteCommand","floor":1},{"not_picked":["BeatsPerMinute","Tempo"],"picked":"ReapSow","floor":2},{"not_picked":["CrunchTime","Tempo"],"picked":"AlternateTimeline","floor":3},{"not_picked":["HandsUpB","Pendulum"],"picked":"ReapSow","floor":7},{"not_picked":["WatchCommand","LockedTurtyl","BiteCommand"],"picked":"SKIP","floor":11},{"not_picked":["EscortCommand","LockedAnchor"],"picked":"LockedBlood","floor":12}],"player_experience":164442,"relics_obtained":[{"floor":9,"key":"MealTicket"},{"floor":13,"key":"Odd Mushroom"},{"floor":14,"key":"hubris:Teleporter"}],"event_choices":[{"damage_healed":16,"gold_gain":0,"player_choice":"Healed","damage_taken":0,"max_hp_gain":0,"max_hp_loss":0,"event_name":"The Cleric","floor":5,"gold_loss":35},{"damage_healed":0,"gold_gain":0,"player_choice":"Fought Mushrooms","damage_taken":0,"max_hp_gain":0,"max_hp_loss":0,"event_name":"Mushrooms","floor":13,"gold_loss":0}],"is_beta":false,"boss_relics":[],"items_purged_floors":[4],"is_endless":false,"potions_floor_spawned":[3,7,11],"killed_by":"Hexaghost","ascension_level":0}}