{"host":"o3b7ow6d1xe49css","time":1608511868,"event":{"mods":["Act Like it!","Aspiration","BaseMod","Bestiary","Better Altar","Better Match","Better Note","Better Sensory Stone","Better Skull","Better Third Choice","Colored Powertips","Conspire","Energized Spire","Force Act Four","GifTheSpireLib","Halation","Hermit","Hubris","Infinite Spire","Lobotomy","Minty Spire (QoL Compilation)","Quick Restart","Replay The Spire","Spicy Shops","Spikes Relics","StSLib","Stuff the Spire","The Blue Laboratory","Wandering Minibosses","vexMod"],"gold_per_floor":[112,129,142,142,158,188,188,223,250,284,34,64,64,87,87,186,186,138,158,168,168,168,168,183,208,208,208,208,233,260,34,34,124,124,135,150,150,6,6,6,1,1,27,61,71,104,104,130,130,237,237,237,11,39,178],"floor_reached":56,"playtime":3060,"items_purged":["Dodge and Roll","Strike_R"],"score":1938,"play_id":"343e12be-8c40-4688-8be1-8e95b6982c13","local_time":"20201220155108","daily_mods":["Heirloom","Flight","Elite Swarm"],"is_ascension_mode":true,"campfire_choices":[{"data":"BarbarianYell","floor":7,"key":"SMITH"},{"data":"Bash","floor":15,"key":"SMITH"},{"data":"infinitespire:NeuralNetwork","floor":23,"key":"SMITH"},{"floor":27,"key":"REST"},{"data":"Offering","floor":32,"key":"SMITH"},{"floor":40,"key":"RECALL"},{"data":"Offering","floor":47,"key":"SMITH"},{"data":"Limit Break","floor":49,"key":"SMITH"},{"data":"hubris:Fate","floor":52,"key":"SMITH"}],"circlet_count":0,"master_deck":["Apo_SoulSlash","Apo_Charge","Apo_Charge","Apo_Charge","Apo_Charge","Apo_Beam","Apo_Beam","Apo_Beam","Apo_Execute","Apo_Slash","Apo_Slash","Apo_SoulSlash","MeltingLove","Limit Break+1","LittlePrince","Offering+1","BlueStar","hubris:Fate+1","BlackArmy","WhiteNight"],"relics":["Cracked Core","Ring of Chaos","Turnip","CogitoBucket","infinitespire:Cubic Diamond","hubris:FunFungus","Toy Ornithopter","infinitespire:Beetle Shell","Singing Bowl","infinitespire:Bottled Soul","Regal Pillow","aspiration:SecretTechniqueScroll","BackwardClock","Empty Cage","StuffTheSpire:SapphireSignet","halation:PromiseList","aspiration:FrozenJewel","StuffTheSpire:BottledEssence","StuffTheSpire:Nightcore","StuffTheSpire:Mouthbags","Sling","vexMod:TanglingVine","ChangeAnything","OrangePellets","ReplayTheSpireMod:Shallot","Bronze Scales","Lantern","Letter Opener","halation:IllGainedPizza","energizedSpire:NeverEndingSparkler","Ring of Chaos","Red Skull"],"acts_visited":["Exordium","TheCity","TheBeyond","Exordium","TheEnding"],"potions_floor_usage":[6,6,12,20,29,44,46,55,55,55],"damage_taken":[{"damage":0,"enemies":"Small Slimes","floor":1,"turns":4},{"damage":7,"enemies":"2 Louse","floor":2,"turns":4},{"damage":7,"enemies":"Jaw Worm","floor":3,"turns":6},{"damage":10,"enemies":"Exordium Wildlife","floor":5,"turns":4},{"damage":9,"enemies":"3 Sentries","floor":6,"turns":5},{"damage":55,"enemies":"Lagavulin","floor":8,"turns":7},{"damage":12,"enemies":"3 Sentries","floor":10,"turns":4},{"damage":5,"enemies":"Replay:BlueRogue","floor":12,"turns":3},{"damage":0,"enemies":"Slime Boss","floor":16,"turns":4},{"damage":16,"enemies":"Spheric Guardian","floor":18,"turns":5},{"damage":30,"enemies":"3 Byrds","floor":19,"turns":3},{"damage":28,"enemies":"Centurion and Healer","floor":20,"turns":5},{"damage":57,"enemies":"Nightmare","floor":24,"turns":6},{"damage":8,"enemies":"conspire:SneckoGhost","floor":25,"turns":3},{"damage":8,"enemies":"Book of Stabbing","floor":29,"turns":3},{"damage":22,"enemies":"Slavers","floor":30,"turns":3},{"damage":62,"enemies":"Collector","floor":33,"turns":5},{"damage":11,"enemies":"3 Darklings","floor":35,"turns":2},{"damage":45,"enemies":"3 Shapes","floor":36,"turns":2},{"damage":0,"enemies":"R_Hoarder","floor":44,"turns":2},{"damage":2,"enemies":"Transient","floor":45,"turns":5},{"damage":31,"enemies":"Nemesis","floor":46,"turns":3},{"damage":6,"enemies":"Nightmare","floor":48,"turns":1},{"damage":6,"enemies":"Time Eater","floor":50,"turns":2},{"damage":5,"enemies":"Shield and Spear","floor":54,"turns":2},{"damage":110,"enemies":"The Heart","floor":55,"turns":5}],"seed_played":"-8869030157119741918","potions_obtained":[{"floor":2,"key":"blueLaboratory:BottledHope"},{"floor":5,"key":"Explosive Potion"},{"floor":10,"key":"AttackPotion"},{"floor":19,"key":"blueLaboratory:FruitPunch"},{"floor":25,"key":"LifebloodPotion"},{"floor":33,"key":"Energy Potion"},{"floor":35,"key":"Death Potion"},{"floor":36,"key":"Fire Potion"},{"floor":46,"key":"Adrenaline Potion"}],"is_trial":true,"path_per_floor":["M","M","M","?","M","E","R","E","T","E","$","E","?","T","R","B",null,"M","M","M","?","?","R","NM","E","T","R","AVR","E","E","$","R","B",null,"M","M","?","$","T","R","M","AVR","T","E","M","E","R","NM","R","B",null,"R","$","E","B",null],"character_chosen":"IRONCLAD","items_purchased":["Singing Bowl","Sling","OrangePellets","Red Skull","blueLaboratory:FrostheartPotion"],"campfire_rested":1,"item_purchase_floors":[11,31,38,53,53],"current_hp_per_floor":[80,79,80,80,80,80,80,59,59,66,66,75,75,75,75,79,81,74,84,86,86,65,65,18,18,18,60,60,65,65,65,65,21,76,84,60,104,104,104,104,82,82,82,82,80,49,49,43,43,37,37,37,37,32,110],"gold":178,"neow_bonus":"","is_daily":false,"chose_seed":false,"campfire_upgraded":7,"win_rate":0.0,"timestamp":1608511868,"path_taken":["M","M","M","?","M","E","R","E","T","E","$","E","?","?","R","BOSS","M","M","M","?","?","R","NM","E","T","R","AVR","E","E","$","R","BOSS","M","M","?","$","?","R","M","AVR","T","E","?","E","R","NM","R","BOSS","R","$","E","BOSS"],"items_purchased_type":["Relic","Relic","Relic","Relic","Potion"],"build_version":"2020-12-13","purchased_purges":2,"victory":true,"max_hp_per_floor":[80,80,80,80,80,80,80,80,80,80,80,82,82,82,82,82,82,82,84,86,86,86,86,88,90,90,90,90,92,94,94,94,94,94,94,94,104,104,104,104,104,104,104,104,104,104,104,106,106,108,108,108,108,110,112],"card_choices":[{"not_picked":["PunishingBird","CrumblingArmor","ShyLook"],"picked":"Singing Bowl","floor":1},{"not_picked":["BeautyBeast","UniverseFragment"],"picked":"BigBird","floor":1},{"not_picked":["StuffTheSpire:Incineration","Second Wind","True Grit"],"picked":"SKIP","floor":1},{"not_picked":["StuffTheSpire:Incineration","Second Wind","True Grit"],"picked":"SKIP","floor":1},{"not_picked":["WallGazer","BeautyBeast"],"picked":"Woodsman","floor":2},{"not_picked":["Exhume","ReplayTheSpireMod:Strike From Hell"],"picked":"Shrug It Off","floor":2},{"not_picked":["FairyFestival","VoidDream"],"picked":"RedShoes","floor":3},{"not_picked":["Run Through","conspire:Purge"],"picked":"Reckless Charge","floor":3},{"not_picked":["OldLady","WallGazer","SingingMachine"],"picked":"Singing Bowl","floor":5},{"not_picked":["Spot Weakness","Combust"],"picked":"BarbarianYell","floor":5},{"not_picked":["LaLuna","Wellcheers","CrumblingArmor"],"picked":"Singing Bowl","floor":6},{"not_picked":["Bludgeon","Berserk"],"picked":"Immolate","floor":6},{"not_picked":["QueenOfHatred","MHz","FairyFestival"],"picked":"Singing Bowl","floor":8},{"not_picked":["Double Tap","Fiend Fire"],"picked":"conspire:HitWhereItHurts","floor":8},{"not_picked":["UniverseFragment","VoidDream","SnowQueen"],"picked":"Singing Bowl","floor":10},{"not_picked":["Brutality","Berserk"],"picked":"Offering","floor":10},{"not_picked":["Scorched","Rudolta","VoidDream"],"picked":"Singing Bowl","floor":12},{"not_picked":["Murderer","Scarecrow"],"picked":"BlueStar","floor":12},{"not_picked":["Berserk","Impervious","Demonic Infusion"],"picked":"Singing Bowl","floor":12},{"not_picked":["LongBird","SpiderBud"],"picked":"CENSORED","floor":16},{"not_picked":["Reaper","Juggernaut"],"picked":"Limit Break","floor":16},{"not_picked":["Wellcheers","OldLady","FieryBird"],"picked":"Singing Bowl","floor":18},{"not_picked":["StuffTheSpire:Pyroclast","Dropkick"],"picked":"Pummel","floor":18},{"not_picked":["UniverseFragment","Freischutz"],"picked":"GalaxyChild","floor":19},{"not_picked":["Sword Boomerang","Offering","Shrug It Off+1"],"picked":"Singing Bowl","floor":19},{"not_picked":["BeautyBeast","LittleHelper","PunishingBird"],"picked":"Singing Bowl","floor":20},{"not_picked":["hubris:ReadiedAction","Havoc"],"picked":"Pommel Strike","floor":20},{"not_picked":["infinitespire:Starlight","infinitespire:Collect"],"picked":"infinitespire:NeuralNetwork","floor":22},{"not_picked":["CENSORED","MHz"],"picked":"Mercenary","floor":24},{"not_picked":["infinitespire:Starlight","infinitespire:TheBestDefense"],"picked":"infinitespire:Menacing","floor":24},{"not_picked":["Offering","Limit Break","conspire:Purge"],"picked":"Singing Bowl","floor":24},{"not_picked":["LongBird","NakedNest","WallGazer"],"picked":"Singing Bowl","floor":25},{"not_picked":["Yin","SnowQueen"],"picked":"HeroicMonk","floor":25},{"not_picked":["Exhume","Brutality","Juggernaut"],"picked":"Singing Bowl","floor":25},{"not_picked":["Porccubus","LongBird"],"picked":"LittlePrince","floor":29},{"not_picked":["Demonic Infusion","Hemogenesis","Immolate"],"picked":"Singing Bowl","floor":29},{"not_picked":["OldLady","SpiderBud","LaLuna"],"picked":"Singing Bowl","floor":30},{"not_picked":["Barricade","conspire:Purge","Bludgeon"],"picked":"Singing Bowl","floor":30},{"not_picked":["MHz","BlackSwan","CrumblingArmor"],"picked":"Singing Bowl","floor":33},{"not_picked":["Eclipse","Brutality"],"picked":"Offering","floor":33},{"not_picked":["GreedKing","Murderer","Funeral"],"picked":"Singing Bowl","floor":35},{"not_picked":["Murderer","QueenBee"],"picked":"PlagueDoctor","floor":35},{"not_picked":["hubris:SharpeningStone","Blood for Blood+1"],"picked":"Armaments+1","floor":35},{"not_picked":["OldLady","UniverseFragment","BeautyBeast"],"picked":"Singing Bowl","floor":36},{"not_picked":["ShyLook","Porccubus"],"picked":"SilentOrchestra","floor":36},{"not_picked":["Warcry+1","Metallicize"],"picked":"Anger+1","floor":36},{"not_picked":["Freischutz","LaLuna"],"picked":"MeltingLove","floor":44},{"not_picked":["Reaper","Feed"],"picked":"Limit Break","floor":44},{"not_picked":["FieryBird","BodiesMountain","DreamingCurrent"],"picked":"Singing Bowl","floor":45},{"not_picked":["Entrench","Intimidate+1","Life Link+1"],"picked":"SKIP","floor":45},{"not_picked":["Alriune","Freischutz"],"picked":"LittlePrince","floor":46},{"not_picked":["Juggernaut","conspire:Purge"],"picked":"Offering","floor":46},{"not_picked":["Alriune","DreamingCurrent"],"picked":"BlueStar","floor":48},{"not_picked":["infinitespire:Oblivion","ReplayTheSpireMod:Haul"],"picked":"hubris:Fate","floor":48},{"not_picked":["Bludgeon","Demon Form","Exhume"],"picked":"Singing Bowl","floor":48},{"not_picked":["LaLuna","Laetitia","GalaxyChild"],"picked":"Singing Bowl","floor":50},{"not_picked":["WhitesApple","CrumblingArmor"],"picked":"BlackArmy","floor":50},{"not_picked":["Bludgeon","Demon Form","Hemogenesis"],"picked":"Singing Bowl","floor":50},{"not_picked":["Freischutz","HeroicMonk","WhitesApple"],"picked":"Singing Bowl","floor":54},{"not_picked":["Immolate","conspire:HitWhereItHurts","Brutality"],"picked":"Singing Bowl","floor":54},{"not_picked":["Mercenary","HeroicMonk"],"picked":"WhiteNight","floor":55},{"not_picked":["StuffTheSpire:TitanForm","Demon Form","Bludgeon"],"picked":"Singing Bowl","floor":55}],"player_experience":1772449,"relics_obtained":[{"floor":6,"key":"hubris:FunFungus"},{"floor":8,"key":"Toy Ornithopter"},{"floor":10,"key":"infinitespire:Beetle Shell"},{"floor":12,"key":"infinitespire:Bottled Soul"},{"floor":14,"key":"Regal Pillow"},{"floor":24,"key":"StuffTheSpire:SapphireSignet"},{"floor":25,"key":"halation:PromiseList"},{"floor":26,"key":"aspiration:FrozenJewel"},{"floor":29,"key":"StuffTheSpire:Nightcore"},{"floor":30,"key":"StuffTheSpire:Mouthbags"},{"floor":39,"key":"ReplayTheSpireMod:Shallot"},{"floor":43,"key":"Lantern"},{"floor":44,"key":"Letter Opener"},{"floor":46,"key":"halation:IllGainedPizza"}],"event_choices":[{"cards_removed":["CENSORED"],"damage_healed":0,"gold_gain":0,"player_choice":"Give","damage_taken":0,"max_hp_gain":0,"max_hp_loss":0,"event_name":"betterNote:BetterNote","floor":21,"gold_loss":0,"cards_obtained":["Strike_R"]},{"cards_removed":["SilentOrchestra"],"damage_healed":34,"gold_gain":0,"player_choice":"Offered Rare","damage_taken":0,"max_hp_gain":10,"max_hp_loss":0,"event_name":"Bonfire Elementals","floor":37,"gold_loss":0}],"is_beta":false,"boss_relics":[{"not_picked":["Runic Dome","aspiration:BursterCore"],"picked":"aspiration:SecretTechniqueScroll"},{"not_picked":["halation:SmartPhone","ReplayTheSpireMod:SealedPack"],"picked":"vexMod:TanglingVine"},{"not_picked":["Replay:Bronze Core","energizedSpire:DecayingSkull"],"picked":"energizedSpire:NeverEndingSparkler"}],"items_purged_floors":[28,31],"is_endless":true,"potions_floor_spawned":[2,5,10,19,25,33,35,36,46,54],"ascension_level":5}}