{"host":"t9zjxed0utvsfjwc","time":1608568128,"event":{"mods":["2.2 Compatiblity","Aspiration","BaseMod","Block Reminder","Colored Map","Colored Powertips","Highlight Path","Hubris","Infinite Spire","Minty Spire (QoL Compilation)","Quick Restart","Replay The Spire","StSLib","Unceasing Turn Reminder","everything is the same but u backflip on backflip"],"gold_per_floor":[132,74,74,106,13,100,131,3,51,101,101,139,224,224,224],"floor_reached":14,"playtime":909,"items_purged":["Defend_P"],"score":90,"play_id":"cee6fdb3-8ee0-4338-b96f-a5d1c0d3bbed","local_time":"20201221162848","is_ascension_mode":false,"campfire_choices":[{"data":"Crescendo","floor":11,"key":"SMITH"}],"circlet_count":0,"master_deck":["Strike_P","Strike_P","Strike_P","Strike_P","Defend_P","Defend_P","Defend_P","Eruption","Vigilance","HandOfGreed+1","Replay:Hum+1","ReachHeaven+1","EmptyFist","FlurryOfBlows","Swivel","Crescendo+1","Pain","CarveReality","FlurryOfBlows"],"relics":["PureWater","SsserpentHead","Guide Book","Replay:Bottled Steam","Vajra","WarpedTongs"],"acts_visited":["Exordium"],"potions_floor_usage":[7,12,14],"damage_taken":[{"damage":5,"enemies":"Small Slimes","floor":1,"turns":3},{"damage":0,"enemies":"Cultist","floor":4,"turns":2},{"damage":3,"enemies":"Jaw Worm","floor":6,"turns":3},{"damage":27,"enemies":"Lagavulin","floor":7,"turns":3},{"damage":2,"enemies":"Gremlin Gang","floor":12,"turns":3},{"damage":0,"enemies":"Exordium Wildlife","floor":13,"turns":2},{"damage":14,"enemies":"3 Sentries","floor":14,"turns":3}],"seed_played":"6158629033015574078","potions_obtained":[{"floor":1,"key":"EssenceOfSteel"},{"floor":7,"key":"Strength Potion"},{"floor":13,"key":"LiquidBronze"}],"is_trial":false,"path_per_floor":["M","$","?","M","$","M","E","$","T","?","R","M","M","E"],"character_chosen":"WATCHER","items_purchased":["ReachHeaven+1","Guide Book","Crescendo"],"campfire_rested":0,"item_purchase_floors":[2,5,8],"current_hp_per_floor":[46,46,46,46,46,43,16,16,16,16,16,14,14,0,0],"gold":224,"neow_bonus":"RANDOM_COLORLESS_2","is_daily":false,"chose_seed":false,"campfire_upgraded":1,"win_rate":0.0,"timestamp":1608568128,"path_taken":["M","$","?","M","?","?","E","$","T","?","R","M","?","E"],"items_purchased_type":["Card","Relic","Card"],"build_version":"2020-12-13","purchased_purges":1,"victory":false,"max_hp_per_floor":[72,72,72,72,72,72,72,72,72,72,72,72,72,72,72],"card_choices":[{"not_picked":["Chrysalis","Secret Weapon"],"picked":"HandOfGreed","floor":0},{"not_picked":["Nirvana","Adaptation"],"picked":"Replay:Hum","floor":1},{"not_picked":["Meditate","BowlingBash"],"picked":"EmptyFist","floor":4},{"not_picked":["Replay:Anticipation","Halt"],"picked":"FlurryOfBlows","floor":6},{"not_picked":["FlyingSleeves","WheelKick"],"picked":"Swivel","floor":7},{"not_picked":["Protect","CutThroughFate"],"picked":"CarveReality","floor":12},{"not_picked":["Evaluate","TalkToTheHand"],"picked":"FlurryOfBlows","floor":13}],"player_experience":249497,"relics_obtained":[{"floor":7,"key":"Replay:Bottled Steam"},{"floor":9,"key":"Vajra"}],"event_choices":[{"damage_healed":0,"gold_gain":0,"player_choice":"Trade","damage_taken":0,"relics_obtained":["SsserpentHead"],"max_hp_gain":0,"max_hp_loss":0,"event_name":"FaceTrader","floor":3,"gold_loss":0},{"damage_healed":0,"gold_gain":0,"player_choice":"Rummage","damage_taken":0,"relics_obtained":["WarpedTongs"],"max_hp_gain":0,"max_hp_loss":0,"event_name":"Accursed Blacksmith","floor":10,"gold_loss":0,"cards_obtained":["Pain"]}],"is_beta":false,"boss_relics":[],"items_purged_floors":[8],"is_endless":false,"potions_floor_spawned":[1,7,13],"killed_by":"3 Sentries","ascension_level":0}}