{"host":"ue7jlgf7uv134an9","time":1608517994,"event":{"mods":["BaseMod","Better Third Choice","Defuse TimeMaze Blight","Minty Spire (QoL Compilation)","Quick Restart","Rare Cards Sparkle","Relic Stats","StSLib","UnlockEverythingMod"],"gold_per_floor":[116,135,285,300,300,328,328,354,409,409,444,455,473,140,140,217,217,228,44,55,17,17,44,44,57,106,126,137,154,44,61,61,132,132,142,142,157,173,42,75,75,102,102,102,116,116,130,17,17,17,17,17],"floor_reached":51,"playtime":1676,"items_purged":["Strike_G","Strike_G","Underhanded Strike","Strike_G"],"score":1448,"play_id":"d8016c7b-9ada-4f63-a317-7befc03dfd75","local_time":"20201220213314","is_ascension_mode":true,"campfire_choices":[{"data":"Glass Knife","floor":7,"key":"SMITH"},{"floor":10,"key":"REST"},{"data":"Apotheosis","floor":15,"key":"SMITH"},{"floor":24,"key":"REST"},{"floor":32,"key":"REST"},{"floor":41,"key":"REST"},{"floor":44,"key":"REST"},{"floor":46,"key":"REST"},{"floor":49,"key":"REST"}],"circlet_count":0,"master_deck":["AscendersBane","Defend_G","Defend_G","Defend_G","Survivor","Neutralize","Glass Knife+1","Burst","Finisher","Blade Dance","After Image","Dagger Spray","Corpse Explosion+1","PiercingWail","Terror","Apotheosis+1","Backflip","Poisoned Stab","Phantasmal Killer","Footwork","Blade Dance","Backstab","PiercingWail","Bullet Time","Footwork+1","Blade Dance","Accuracy","Blur+1","Parasite","Adrenaline","Calculated Gamble+1"],"relics":["Ring of the Snake","Pear","Bronze Scales","Dream Catcher","Potion Belt","Membership Card","WristBlade","Shuriken","Bag of Marbles","Philosopher\u0027s Stone","Blue Candle","Calipers","Akabeko"],"acts_visited":["Exordium","TheCity","TheBeyond"],"potions_floor_usage":[8,20,20,23,29,29,31,33,38,45,45,50,50],"damage_taken":[{"damage":2,"enemies":"Small Slimes","floor":1,"turns":3},{"damage":0,"enemies":"2 Louse","floor":2,"turns":3},{"damage":1,"enemies":"Cultist","floor":4,"turns":3},{"damage":11,"enemies":"Lagavulin","floor":6,"turns":6},{"damage":11,"enemies":"Gremlin Nob","floor":8,"turns":4},{"damage":10,"enemies":"3 Sentries","floor":11,"turns":2},{"damage":0,"enemies":"Lots of Slimes","floor":12,"turns":1},{"damage":0,"enemies":"Looter","floor":13,"turns":2},{"damage":9,"enemies":"Hexaghost","floor":16,"turns":7},{"damage":0,"enemies":"3 Byrds","floor":18,"turns":2},{"damage":5,"enemies":"Spheric Guardian","floor":20,"turns":4},{"damage":23,"enemies":"Book of Stabbing","floor":23,"turns":4},{"damage":21,"enemies":"Cultist and Chosen","floor":25,"turns":5},{"damage":3,"enemies":"Sentry and Sphere","floor":27,"turns":3},{"damage":0,"enemies":"3 Cultists","floor":28,"turns":3},{"damage":1,"enemies":"Shelled Parasite and Fungi","floor":29,"turns":2},{"damage":0,"enemies":"Centurion and Healer","floor":31,"turns":2},{"damage":24,"enemies":"Collector","floor":33,"turns":5},{"damage":0,"enemies":"Orb Walker","floor":35,"turns":2},{"damage":8,"enemies":"3 Shapes","floor":37,"turns":6},{"damage":1,"enemies":"3 Darklings","floor":38,"turns":3},{"damage":24,"enemies":"Nemesis","floor":40,"turns":3},{"damage":41,"enemies":"Giant Head","floor":42,"turns":6},{"damage":0,"enemies":"Writhing Mass","floor":45,"turns":4},{"damage":3,"enemies":"Maw","floor":47,"turns":6},{"damage":61,"enemies":"Donu and Deca","floor":50,"turns":5},{"damage":21,"enemies":"Time Eater","floor":51,"turns":1}],"seed_played":"175038561718460663","potions_obtained":[{"floor":2,"key":"PowerPotion"},{"floor":8,"key":"Weak Potion"},{"floor":13,"key":"Weak Potion"},{"floor":18,"key":"Dexterity Potion"},{"floor":25,"key":"EntropicBrew"},{"floor":29,"key":"Block Potion"},{"floor":31,"key":"Dexterity Potion"},{"floor":33,"key":"Energy Potion"},{"floor":42,"key":"SneckoOil"},{"floor":45,"key":"Explosive Potion"}],"is_trial":false,"path_per_floor":["M","M","?","M","?","E","R","E","T","R","E","M","M","$","R","B",null,"M","$","M","$","?","E","R","M","T","M","M","M","?","M","R","B",null,"M","?","M","M","$","E","R","E","T","R","M","R","M","$","R","B","B"],"character_chosen":"THE_SILENT","items_purchased":["Membership Card","Apotheosis","Backflip","Poisoned Stab","Shuriken","Footwork","Blade Dance","Accuracy","Adrenaline"],"campfire_rested":7,"item_purchase_floors":[14,14,14,14,19,21,39,39,48],"current_hp_per_floor":[42,42,42,41,41,40,40,29,29,51,41,41,41,41,41,32,65,65,65,60,60,60,37,59,38,38,35,35,34,34,34,56,32,65,65,65,57,56,56,32,54,13,13,35,35,57,54,54,76,15,0,0],"gold":17,"neow_bonus":"TRANSFORM_TWO_CARDS","is_daily":false,"chose_seed":false,"campfire_upgraded":2,"win_rate":0.0,"timestamp":1608517994,"path_taken":["M","M","?","M","?","E","R","E","T","R","E","?","M","?","R","BOSS","M","$","M","$","?","E","R","M","T","M","?","?","?","M","R","BOSS","M","?","M","M","$","E","R","E","T","R","M","R","M","$","R","BOSS","BOSS"],"items_purchased_type":["Relic","Card","Card","Card","Relic","Card","Card","Card","Card"],"build_version":"2020-12-13","purchased_purges":4,"victory":false,"max_hp_per_floor":[66,66,66,66,66,76,76,76,76,76,76,76,76,76,76,76,76,76,76,76,76,76,76,76,76,76,76,76,76,76,76,76,76,76,76,76,76,76,76,76,76,76,76,76,76,76,76,76,76,76,76,76],"relic_stats":{"Dream Catcher":7,"counters":[27,97],"Shuriken":[38],"Bronze Scales":[188],"Blue Candle":[0],"obtain_stats":[{"Potion Belt":11,"Pear":6,"Calipers":42,"Blue Candle":40,"Akabeko":43,"Dream Catcher":9,"WristBlade":17,"Shuriken":19,"Bronze Scales":8,"Philosopher\u0027s Stone":34,"Bag of Marbles":23,"Membership Card":14,"Ring of the Snake":0},{"Potion Belt":6,"Pear":4,"Calipers":23,"Blue Candle":22,"Akabeko":23,"Dream Catcher":5,"WristBlade":9,"Shuriken":10,"Bronze Scales":5,"Philosopher\u0027s Stone":18,"Bag of Marbles":12,"Membership Card":8,"Ring of the Snake":0},{"Potion Belt":21,"Pear":15,"Calipers":81,"Blue Candle":75,"Akabeko":81,"Dream Catcher":19,"WristBlade":31,"Shuriken":33,"Bronze Scales":19,"Philosopher\u0027s Stone":61,"Bag of Marbles":41,"Membership Card":24,"Ring of the Snake":0}],"Ring of the Snake":[54]},"card_choices":[{"not_picked":["Deflect","Dodge and Roll"],"picked":"Finisher","floor":1},{"not_picked":["Backstab","Deadly Poison"],"picked":"Blade Dance","floor":2},{"not_picked":["Blur","Deadly Poison"],"picked":"After Image","floor":4},{"not_picked":["Quick Slash","Flechettes"],"picked":"Dagger Spray","floor":6},{"not_picked":["Cloak And Dagger","Sucker Punch"],"picked":"Corpse Explosion","floor":8},{"not_picked":["Catalyst","Flying Knee"],"picked":"PiercingWail","floor":10},{"not_picked":["Dagger Throw","Infinite Blades","Deadly Poison"],"picked":"SKIP","floor":11},{"not_picked":["Flying Knee","Prepared","Underhanded Strike"],"picked":"SKIP","floor":12},{"not_picked":["Deflect","Skewer"],"picked":"Terror","floor":13},{"not_picked":["Glass Knife","Storm of Steel"],"picked":"Phantasmal Killer","floor":16},{"not_picked":["Noxious Fumes","Heel Hook","PiercingWail"],"picked":"SKIP","floor":18},{"not_picked":["Caltrops","Bane","Finisher+1"],"picked":"SKIP","floor":20},{"not_picked":["Underhanded Strike","Quick Slash+1","Prepared"],"picked":"SKIP","floor":23},{"not_picked":["Crippling Poison","Cloak And Dagger"],"picked":"Blade Dance","floor":25},{"not_picked":["Dodge and Roll","Dagger Spray"],"picked":"Backstab","floor":27},{"not_picked":["Dodge and Roll","Outmaneuver","Prepared"],"picked":"SKIP","floor":28},{"not_picked":["Dagger Spray","Flying Knee"],"picked":"PiercingWail","floor":29},{"not_picked":["Outmaneuver","Crippling Poison+1","Riddle With Holes"],"picked":"SKIP","floor":31},{"not_picked":["Malaise","Wraith Form v2"],"picked":"Bullet Time","floor":33},{"not_picked":["Dagger Throw","Calculated Gamble+1"],"picked":"Footwork+1","floor":35},{"not_picked":["Underhanded Strike+1","Slice","Catalyst"],"picked":"SKIP","floor":37},{"not_picked":["Dagger Spray","PiercingWail","Flying Knee+1"],"picked":"SKIP","floor":38},{"not_picked":["Grand Finale","Calculated Gamble"],"picked":"Blur+1","floor":40},{"not_picked":["Deadly Poison","Distraction","Accuracy"],"picked":"SKIP","floor":42},{"not_picked":["Heel Hook+1","Noxious Fumes","Backflip+1"],"picked":"SKIP","floor":45},{"not_picked":["Deadly Poison","Leg Sweep","Dodge and Roll"],"picked":"SKIP","floor":47},{"not_picked":["Infinite Blades","Burst"],"picked":"Calculated Gamble+1","floor":49}],"player_experience":10908,"relics_obtained":[{"floor":6,"key":"Pear"},{"floor":8,"key":"Bronze Scales"},{"floor":9,"key":"Dream Catcher"},{"floor":11,"key":"Potion Belt"},{"floor":23,"key":"Bag of Marbles"},{"floor":40,"key":"Blue Candle"},{"floor":42,"key":"Calipers"},{"floor":43,"key":"Akabeko"}],"event_choices":[{"damage_healed":0,"gold_gain":150,"player_choice":"AGREE","damage_taken":135,"max_hp_gain":0,"max_hp_loss":0,"event_name":"betterThird:BetterSerpent","floor":3,"gold_loss":0},{"cards_removed":["Doubt"],"damage_healed":0,"gold_gain":0,"player_choice":"Purged","damage_taken":0,"max_hp_gain":0,"max_hp_loss":0,"event_name":"Purifier","floor":5,"gold_loss":0},{"damage_healed":0,"gold_gain":0,"cards_transformed":["Defend_G"],"player_choice":"Transformed","damage_taken":0,"max_hp_gain":0,"max_hp_loss":0,"event_name":"Transmorgrifier","floor":22,"gold_loss":0,"cards_obtained":["Underhanded Strike"]},{"cards_removed":["Strike_G"],"damage_healed":0,"gold_gain":0,"player_choice":"Upgrade and Remove","damage_taken":0,"max_hp_gain":0,"max_hp_loss":0,"event_name":"Designer","floor":30,"gold_loss":110,"cards_upgraded":["Corpse Explosion"]},{"damage_healed":0,"gold_gain":0,"player_choice":"Memory 1","damage_taken":0,"max_hp_gain":0,"max_hp_loss":0,"event_name":"SensoryStone","floor":36,"gold_loss":0}],"is_beta":false,"boss_relics":[{"not_picked":["Tiny House","Calling Bell"],"picked":"WristBlade"},{"not_picked":["SacredBark","HoveringKite"],"picked":"Philosopher\u0027s Stone"}],"items_purged_floors":[14,19,39,48],"is_endless":false,"potions_floor_spawned":[2,8,13,18,25,29,31,33,35,42,45],"killed_by":"Time Eater","ascension_level":20}}