{"host":"2yqfi47fogfu1ic4","time":1608583869,"event":{"mods":["AchievementEnabler","BaseMod","Colored Map","Colored Powertips","Highlight Path","Minty Spire (QoL Compilation)","Permanent Neow","Relic Stats","StSLib"],"gold_per_floor":[116,134,59,73,92,92,123,123,168,3,3,3,23,23,23,100,100,111,111,136,186,206,241,241,241,241,241,241,241,241],"floor_reached":29,"playtime":2102,"items_purged":["Strike_G"],"score":478,"play_id":"cea91b4d-1738-413a-b8e5-05b8f2ed2638","local_time":"20201221215109","is_ascension_mode":true,"campfire_choices":[{"data":"Neutralize","floor":6,"key":"SMITH"},{"data":"Footwork","floor":12,"key":"SMITH"},{"floor":15,"key":"REST"},{"data":"Footwork","floor":24,"key":"SMITH"},{"data":"Glass Knife","floor":27,"key":"SMITH"}],"circlet_count":0,"master_deck":["AscendersBane","Strike_G","Strike_G","Defend_G","Defend_G","Defend_G+1","Defend_G","Defend_G","Survivor","Neutralize+1","All Out Attack","Blade Dance+1","Backflip","PiercingWail","Footwork+1","Concentrate+1","Glass Knife+1","Tactician+1","Prepared","Footwork+1","Bullet Time"],"relics":["Runic Pyramid","Bottled Lightning","Bag of Preparation","Cursed Key","Red Mask","War Paint"],"acts_visited":["Exordium","TheCity"],"potions_floor_usage":[7,20,23],"damage_taken":[{"damage":1,"enemies":"Small Slimes","floor":1,"turns":4},{"damage":4,"enemies":"Jaw Worm","floor":2,"turns":4},{"damage":0,"enemies":"Cultist","floor":4,"turns":4},{"damage":3,"enemies":"Exordium Thugs","floor":5,"turns":5},{"damage":22,"enemies":"Gremlin Nob","floor":7,"turns":4},{"damage":0,"enemies":"3 Louse","floor":13,"turns":2},{"damage":27,"enemies":"Slime Boss","floor":16,"turns":14},{"damage":4,"enemies":"3 Byrds","floor":18,"turns":6},{"damage":16,"enemies":"Masked Bandits","floor":20,"turns":6},{"damage":0,"enemies":"Spheric Guardian","floor":22,"turns":4},{"damage":6,"enemies":"Book of Stabbing","floor":23,"turns":7},{"damage":45,"enemies":"Cultist and Chosen","floor":29,"turns":13}],"seed_played":"2871003154056798613","potions_obtained":[{"floor":1,"key":"Dexterity Potion"},{"floor":4,"key":"AttackPotion"},{"floor":22,"key":"BlessingOfTheForge"}],"is_trial":false,"path_per_floor":["M","M","?","M","M","R","E","?","T","$","?","R","M","$","R","B",null,"M","?","?","?","M","E","R","T","T","R","?","M"],"character_chosen":"THE_SILENT","items_purchased":["Footwork"],"campfire_rested":1,"item_purchase_floors":[10],"current_hp_per_floor":[58,54,54,54,51,51,29,29,29,29,29,29,29,29,48,21,55,51,51,35,35,35,29,29,29,29,29,29,0,0],"gold":241,"neow_bonus":"BOSS_RELIC","is_daily":false,"chose_seed":false,"campfire_upgraded":4,"win_rate":0.0,"timestamp":1608583869,"path_taken":["M","M","?","M","M","R","E","?","T","$","?","R","M","?","R","BOSS","M","?","?","?","?","E","R","?","T","R","?","M"],"items_purchased_type":["Card"],"build_version":"2020-12-13","purchased_purges":1,"victory":false,"max_hp_per_floor":[66,66,66,66,66,66,66,66,66,66,66,66,66,66,66,66,66,66,66,66,66,66,66,66,66,66,66,66,66,66],"relic_stats":{"counters":[12,73],"Bag of Preparation":[14],"War Paint":["Concentrate","Defend_G"],"Cursed Key":0,"obtain_stats":[{"Bag of Preparation":9,"Red Mask":20,"Bottled Lightning":7,"War Paint":23,"Cursed Key":17,"Ring of the Snake":0,"Runic Pyramid":0},{"Bag of Preparation":5,"Red Mask":9,"Bottled Lightning":5,"War Paint":11,"Cursed Key":7,"Ring of the Snake":0,"Runic Pyramid":0},{"Bag of Preparation":21,"Red Mask":49,"Bottled Lightning":21,"War Paint":60,"Cursed Key":37,"Ring of the Snake":0,"Runic Pyramid":0}]},"card_choices":[{"not_picked":["Flying Knee","Setup"],"picked":"All Out Attack","floor":1},{"not_picked":["Slice","Catalyst"],"picked":"Blade Dance","floor":2},{"not_picked":["Dodge and Roll","Deadly Poison"],"picked":"Backflip","floor":4},{"not_picked":["Deadly Poison","Sucker Punch","Acrobatics"],"picked":"SKIP","floor":5},{"not_picked":["Cloak And Dagger","Eviscerate"],"picked":"PiercingWail","floor":7},{"not_picked":["Noxious Fumes","Catalyst"],"picked":"Concentrate","floor":13},{"not_picked":["Doppelganger","Envenom"],"picked":"Glass Knife","floor":16},{"not_picked":["Skewer","Dodge and Roll"],"picked":"Tactician+1","floor":18},{"not_picked":["Blade Dance","Flying Knee"],"picked":"Prepared","floor":22},{"not_picked":["Accuracy","Quick Slash"],"picked":"Footwork","floor":23}],"player_experience":1811054,"relics_obtained":[{"floor":7,"key":"Bottled Lightning"},{"floor":9,"key":"Bag of Preparation"},{"floor":20,"key":"Red Mask"},{"floor":23,"key":"War Paint"}],"event_choices":[{"cards_removed":["Strike_G"],"damage_healed":0,"gold_gain":0,"player_choice":"Card Removal","damage_taken":0,"max_hp_gain":0,"max_hp_loss":0,"event_name":"The Cleric","floor":3,"gold_loss":75},{"damage_healed":0,"gold_gain":0,"player_choice":"Ignored","damage_taken":0,"max_hp_gain":0,"max_hp_loss":0,"event_name":"Shining Light","floor":8,"gold_loss":0},{"damage_healed":0,"gold_gain":0,"player_choice":"Grow","damage_taken":0,"max_hp_gain":0,"max_hp_loss":0,"event_name":"Living Wall","floor":11,"gold_loss":0,"cards_upgraded":["Blade Dance"]},{"damage_healed":0,"gold_gain":0,"player_choice":"Ignored","damage_taken":0,"max_hp_gain":0,"max_hp_loss":0,"event_name":"Beggar","floor":19,"gold_loss":0},{"damage_healed":0,"gold_gain":0,"player_choice":"Fought Bandits","damage_taken":0,"max_hp_gain":0,"max_hp_loss":0,"event_name":"Masked Bandits","floor":20,"gold_loss":0},{"damage_healed":0,"gold_gain":100,"player_choice":"Bet on Murderer","damage_taken":0,"max_hp_gain":0,"max_hp_loss":0,"event_name":"The Joust","floor":21,"gold_loss":50},{"damage_healed":0,"gold_gain":0,"cards_transformed":["Strike_G"],"player_choice":"Transformed","damage_taken":0,"max_hp_gain":0,"max_hp_loss":0,"event_name":"Transmorgrifier","floor":28,"gold_loss":0,"cards_obtained":["Bullet Time"]}],"is_beta":false,"boss_relics":[{"not_picked":["Calling Bell","Runic Dome"],"picked":"Cursed Key"}],"items_purged_floors":[10],"is_endless":false,"potions_floor_spawned":[1,4,22],"killed_by":"Cultist and Chosen","ascension_level":20}}