{"host":"29aiimybpg8qj777","time":1608582189,"event":{"mods":["AchievementEnabler","Act Like it!","Aspiration","Bard","BaseMod","Beaked The Cultist","Better Altar","Better Match","Better Note","Better Sensory Stone","Better Skull","Better Third Choice","BetterRewards","CCEM","Clawfect","Colored Map","Conspire","Downfall","GifTheSpireLib","Googly Eyes","Halation","Hallownest","Hermit","Highlight Path","Hubris","Hunter ??","Infinite Spire","Jedi Mod","Jorbs\u0027s Wanderer Trilogy","Mad Scientist","Marisa????????","Mimic Mod","Minty Spire (QoL Compilation)","Permanent Neow","Replay The Spire","Shade Mod","Shop Mod","Spicy Shops","StSLib","Stuff the Spire","The Administrix","The Blackbeard","The Bug Knight","The Construct","The Cursed","The Disciple","The Gatherer","The Hierophant","The IronCluck","The Jungle","The Mystic","The Necromancer","The Problem Sleuth","The Runesmith","The Servant 0.9.4","The Spell Scribe","The Witch","Unceasing Turn Reminder","[IsaacMod]????","everything is the same but u backflip on backflip","slay the spire mod where everything is the same but ironclad has a cowboy hat"],"gold_per_floor":[99,114,145,145,174,186,264,281,309,309,326,345,34,52,65,165,165,165,195,195,195,225,225,225,245,256,285,304,324,342,362,382,481,481,331,364,289,289,289,322,322,322,333,333,350,276,276,292,303,406,406,406,456,466,479,579,579,579,594,594,594,611,672,672,39,55,55,55],"floor_reached":67,"playtime":5768,"items_purged":["Shade:Strike_Shade+1","Shade:Strike_Shade","Shade:Defend_Shade","Shade:Defend_Shade"],"score":1256,"play_id":"b99fe8ce-b100-4034-a8ac-f1a39dfaa3d7","local_time":"20201221202309","is_ascension_mode":false,"campfire_choices":[{"data":"Shade:AnimateDead","floor":1,"key":"SMITH"},{"data":"Discovery","floor":4,"key":"SMITH"},{"data":"Shade:AuraOfUnlife","floor":10,"key":"SMITH"},{"data":"Shade:OfferingToTheBeyond","floor":18,"key":"SMITH"},{"data":"Shade:LichForm","floor":23,"key":"SMITH"},{"floor":35,"key":"RECALL"},{"data":"Shade:LichForm","floor":37,"key":"SMITH"},{"data":"Shade:OpenGraves","floor":42,"key":"SMITH"},{"data":"Shade:OpenGraves","floor":44,"key":"SMITH"},{"data":"Shade:LichForm","floor":52,"key":"SMITH"},{"data":"Shade:TouchOfTheGrave","floor":57,"key":"SMITH"},{"data":"Shade:Bonestorm","floor":61,"key":"SMITH"}],"circlet_count":0,"master_deck":["Shade:Defend_Shade","Shade:AnimateDead+1","Shade:CarefulCut","Discovery+1","Shade:WallOfFlesh","Shade:WallOfFlesh","Shade:OpenGraves+1","Shade:FleshToFlesh","Shade:Bonestorm+1","Shade:AuraOfUnlife+1","Shade:WallOfFlesh+1","Shade:FreshBones+1","Shade:FleshToFlesh+1","Shade:SkeletonArmy+1","Shade:SkeletonArmy+1","Shade:SensePrey+1","Shade:FingerOfDeath","Shade:OfferingToTheBeyond+1","Shade:LichForm+1","Discovery+1","Shade:OpenGraves+1","Shade:FleshOffering+1","Shade:WallOfFlesh+1","Shade:Brains+1","Shade:FreshBones+1","Shade:FleshToFlesh+1","Shade:CoffinDance","Shade:Coordination","Shade:CommandSoldier+1","Shade:SpectralStrikes","Shade:GraveStillness+1","Shade:LichForm+1","Shade:Frenzy+1","Shade:SkeletonHug","Shade:FeralStrike+1","Shade:Bite_Shade","Shade:CallOfTheGrave","DoctorFetus","Shade:PressTheAttack","Shade:CallWraith+1","Shade:SkeletonArmy+1","Shade:FreshBones+1","Shade:LichForm+1","Magnetism","Shade:Bonestorm","Shade:CommandSoldier+1","Shade:TouchOfTheGrave+1","Shade:CloudOfShrapnel","Shade:CoffinDance","Shade:AuraOfUnlife","Shade:OpenGraves","Shade:Premonition+1","Shade:AuraOfUnlife","Shade:WallOfFlesh+1","Shade:FleshToFlesh+1","Shade:FeralStrike","expansioncontent:QuickStudy+1","Shade:DangerousRitual","Shade:DangerousRitual","Replay:Dark Deal+1","Shade:FuneraryJewels+1","Parasite"],"relics":["Shade:YorickSkull","HushsDoor","GuppysTail","Replay:Bottled Eggs","CCEMRelics:JestersCrown","Toxic Egg 2","aspiration:SeaSaltIceCream","aspiration:Nostalgia","Uniform","Mummified Hand","MagicMushroom","Simple Rune","Blue Doll","ReplayTheSpireMod:Lightbulb","aspiration:HiddenCompartment","hubris:BlackHole","downfall:HeartBlessingGreen","downfall:HeartBlessingBlue","halation:Toothbrush","downfall:HeartBlessingRed","HollowMod:PaleOreRelic","infinitespire:Beetle Shell","White Beast Statue","Membership Card","theSleuth:Tectrixcalibur","StuffTheSpire:Kangaroo","Incubus","Gremlin Horn","CaptainsWheel","Lee\u0027s Waffle","Oddly Smooth Stone","halation:PinkSoulGem","aspiration:FetidBarrel","BargainBundle","StuffTheSpire:BottledEssence","Letter Opener","Runesmith:AutoHammer","CCEMRelics:FestiveHat"],"acts_visited":["Exordium","TheCity","TheBeyond","Exordium"],"potions_floor_usage":[67],"damage_taken":[{"damage":1,"enemies":"Jaw Worm","floor":2,"turns":4},{"damage":10,"enemies":"Lagavulin","floor":3,"turns":10},{"damage":15,"enemies":"3 Sentries","floor":5,"turns":13},{"damage":0,"enemies":"Small Slimes","floor":6,"turns":6},{"damage":0,"enemies":"2 Louse","floor":8,"turns":6},{"damage":2,"enemies":"Lagavulin","floor":9,"turns":8},{"damage":0,"enemies":"Large Slime","floor":11,"turns":7},{"damage":0,"enemies":"Red Slaver","floor":12,"turns":3},{"damage":0,"enemies":"downfall:FleeingMerchant","floor":13,"turns":4},{"damage":0,"enemies":"3 Louse","floor":14,"turns":3},{"damage":0,"enemies":"Large Slime","floor":15,"turns":5},{"damage":0,"enemies":"downfall:Silent","floor":16,"turns":8},{"damage":0,"enemies":"Nightmare","floor":19,"turns":5},{"damage":0,"enemies":"Replay:Snechameleon","floor":22,"turns":4},{"damage":0,"enemies":"Chosen","floor":25,"turns":3},{"damage":0,"enemies":"Spheric Guardian","floor":26,"turns":3},{"damage":0,"enemies":"Slavers","floor":27,"turns":3},{"damage":0,"enemies":"conspire:HollyBat","floor":28,"turns":6},{"damage":0,"enemies":"Centurion and Healer","floor":29,"turns":6},{"damage":0,"enemies":"Snecko","floor":30,"turns":5},{"damage":0,"enemies":"Cultist and Chosen","floor":31,"turns":4},{"damage":0,"enemies":"conspire:HollyBat","floor":32,"turns":10},{"damage":25,"enemies":"downfall:Ironclad","floor":33,"turns":6},{"damage":0,"enemies":"beaked:SuperParasite","floor":36,"turns":4},{"damage":9,"enemies":"R_Hoarder","floor":40,"turns":4},{"damage":0,"enemies":"3 Darklings","floor":43,"turns":3},{"damage":0,"enemies":"Orb Walker","floor":45,"turns":2},{"damage":0,"enemies":"downfall:FleeingMerchant","floor":46,"turns":4},{"damage":5,"enemies":"Transient","floor":48,"turns":5},{"damage":0,"enemies":"Spire Growth","floor":49,"turns":3},{"damage":10,"enemies":"downfall:Watcher","floor":50,"turns":4},{"damage":0,"enemies":"2 Louse","floor":54,"turns":1},{"damage":0,"enemies":"Jaw Worm","floor":55,"turns":1},{"damage":0,"enemies":"Small Slimes","floor":59,"turns":2},{"damage":0,"enemies":"Exordium Wildlife","floor":62,"turns":1},{"damage":0,"enemies":"3 Sentries","floor":63,"turns":2},{"damage":0,"enemies":"3 Louse","floor":66,"turns":1},{"damage":88,"enemies":"Delirium","floor":67,"turns":9}],"seed_played":"-5681199385866021644","potions_obtained":[{"floor":6,"key":"Toxic Potion"},{"floor":9,"key":"champ:CounterPotion"},{"floor":12,"key":"DuplicationPotion"},{"floor":46,"key":"Slimebound:ThreeZeroPotion"},{"floor":48,"key":"Slimebound:ThreeZeroPotion"}],"is_trial":false,"path_per_floor":["R","M","E","R","E","M","T","M","E","R","M","M","$","M","M","B",null,"R","NM","AVR","?","E","R","T","M","M","E","M","M","M","M","M","B",null,"R_BF","E","R","?","?","E","T","R","M","R","M","$","?","M","M","B",null,"R","?","M","M","?","R","T","M","AVR","R","M","?","?","$","M","B"],"character_chosen":"SHADE","items_purchased":["Shade:SkeletonArmy+1","Mummified Hand","Shade:LichForm","Discovery+1","Membership Card","DoctorFetus","Shade:PressTheAttack","Shade:CallWraith+1","Magnetism","Incubus","aspiration:FetidBarrel","BargainBundle","Shade:AuraOfUnlife","Shade:WallOfFlesh+1","Shade:FleshToFlesh+1","StuffTheSpire:BottledEssence","Letter Opener","Runesmith:AutoHammer","CCEMRelics:FestiveHat","Shade:FeralStrike","expansioncontent:QuickStudy+1","Shade:DangerousRitual"],"campfire_rested":0,"item_purchase_floors":[13,13,17,17,46,46,46,46,51,51,65,65,65,65,65,65,65,65,65,65,65,65],"current_hp_per_floor":[65,64,54,54,39,39,39,39,37,37,37,37,37,37,37,37,66,66,66,66,58,59,59,59,60,61,62,63,64,65,66,66,41,66,76,76,76,61,64,56,56,56,57,57,58,61,61,61,64,57,54,54,41,43,43,43,43,43,46,64,64,64,64,64,70,70,0,0],"gold":55,"neow_bonus":"RANDOM_COLORLESS","is_daily":false,"chose_seed":false,"campfire_upgraded":11,"win_rate":0.0,"timestamp":1608582189,"path_taken":["R","M","E","R","E","M","T","M","E","R","M","M","$","M","M","BOSS","R","NM","AVR","?","E","R","T","M","M","E","M","M","M","M","M","BOSS","R_BF","E","R","?","?","E","T","R","M","R","M","$","?","M","M","BOSS","R","?","M","M","?","R","T","M","AVR","R","M","?","?","$","M","BOSS"],"items_purchased_type":["Card","Relic","Card","Card","Relic","Card","Card","Card","Card","Relic","Relic","Relic","Card","Card","Card","Relic","Relic","Relic","Relic","Card","Card","Card"],"build_version":"2020-12-13","purchased_purges":4,"victory":false,"max_hp_per_floor":[65,65,65,65,65,65,65,65,65,65,65,65,65,65,65,65,66,66,66,66,66,66,66,66,66,66,66,66,66,66,66,66,66,66,76,76,76,76,79,79,79,79,79,79,79,79,79,79,79,79,54,54,54,54,54,54,54,54,54,64,64,64,64,64,70,70,70,70],"card_choices":[{"not_picked":[],"picked":"Bomb","floor":0},{"not_picked":["hubris:Ssssneak","expansioncontent:SlimeTackle"],"picked":"Discovery","floor":0},{"not_picked":["Shade:Haruspicy","Shade:AncientSpear"],"picked":"Shade:WallOfFlesh","floor":2},{"not_picked":["Shade:GreyBargain","Shade:SelfBurial"],"picked":"Shade:WallOfFlesh","floor":3},{"not_picked":["Shade:TouchOfTheGrave","Shade:Awaken"],"picked":"Shade:OpenGraves","floor":5},{"not_picked":["Shade:Excise","Shade:SanguineRitual"],"picked":"Shade:FleshToFlesh","floor":6},{"not_picked":["Bomb","Shade:PotionOfRestlessness"],"picked":"Shade:Bonestorm","floor":8},{"not_picked":["Shade:FleshToFlesh+1","Shade:FleshOffering+1"],"picked":"Shade:AuraOfUnlife","floor":9},{"not_picked":["Shade:ClawBack","Shade:PotionOfRestlessness"],"picked":"Shade:WallOfFlesh+1","floor":11},{"not_picked":["Shade:Premonition+1","Shade:GreyBargain+1"],"picked":"Shade:FreshBones+1","floor":12},{"not_picked":["Shade:AncientSpear","Shade:SpontaneousRitual"],"picked":"Shade:FleshToFlesh+1","floor":13},{"not_picked":["Shade:Doomsay","Shade:GraveStillness+1"],"picked":"Shade:SensePrey+1","floor":14},{"not_picked":["Shade:AncientSpear","Shade:TouchOfTheGrave"],"picked":"Shade:FingerOfDeath","floor":15},{"not_picked":["Shade:MadHubris+1","Shade:SelfBurial+1"],"picked":"Shade:OfferingToTheBeyond","floor":16},{"not_picked":["Shade:FeralStrike","Shade:Trample"],"picked":"Shade:OpenGraves","floor":19},{"not_picked":["Shade:FuneraryArmor+1","Shade:Bonestorm"],"picked":"Shade:Brains+1","floor":22},{"not_picked":["Shade:BoneShards","Shade:Haruspicy+1","Shade:GreyBargain+1"],"picked":"SKIP","floor":25},{"not_picked":["Shade:Bite_Shade","Shade:FleshLikeOak+1"],"picked":"Shade:FreshBones+1","floor":26},{"not_picked":["Shade:GraveStillness+1","Shade:AncientSpear+1"],"picked":"Shade:FleshToFlesh+1","floor":27},{"not_picked":["Shade:ClawBack","Shade:SkeletonHug"],"picked":"Shade:CoffinDance","floor":28},{"not_picked":["Shade:WallOfFlesh+1","Shade:Excise+1"],"picked":"Shade:Coordination","floor":29},{"not_picked":["Shade:SkeletonHug","Shade:FleshToFlesh+1"],"picked":"Shade:CommandSoldier+1","floor":30},{"not_picked":["Shade:Trample","Shade:PoundOfFlesh+1"],"picked":"Shade:SpectralStrikes","floor":31},{"not_picked":["Shade:WallOfFlesh+1","Shade:SkeletonHug+1"],"picked":"Shade:GraveStillness+1","floor":32},{"not_picked":["Shade:Consume","Shade:Tombstone"],"picked":"Shade:LichForm","floor":33},{"not_picked":["Shade:PressTheAttack","Shade:Trample"],"picked":"Shade:Frenzy+1","floor":36},{"not_picked":["Shade:WallOfFlesh+1","Shade:GreyBargain+1"],"picked":"Shade:SkeletonHug","floor":40},{"not_picked":["Shade:FingerOfDeath","Shade:Doomsay"],"picked":"Shade:FeralStrike+1","floor":43},{"not_picked":["Shade:SensePrey+1","Shade:GreyBargain+1"],"picked":"Shade:Bite_Shade","floor":45},{"not_picked":["Shade:FreshBones+1","Shade:OminousRitual"],"picked":"Shade:CallOfTheGrave","floor":46},{"not_picked":["Shade:ExtraLimbs+1","Shade:FuneraryJewels+1"],"picked":"Shade:SkeletonArmy+1","floor":48},{"not_picked":["Shade:GreyBargain+1","Shade:FuneraryArmor+1"],"picked":"Shade:FreshBones+1","floor":49},{"not_picked":["Shade:UnbarTheGrave+1","Shade:Coordination"],"picked":"Shade:LichForm","floor":50},{"not_picked":["Shade:GreyBargain+1","Shade:Brains+1"],"picked":"Shade:Bonestorm","floor":53},{"not_picked":["Shade:FreshBones+1","Shade:FeralStrike"],"picked":"Shade:CommandSoldier+1","floor":53},{"not_picked":["Shade:SpontaneousRitual","Shade:Brains+1"],"picked":"Shade:TouchOfTheGrave","floor":54},{"not_picked":["Shade:FleshLikeOak+1","Shade:ExtraLimbs"],"picked":"Shade:CloudOfShrapnel","floor":55},{"not_picked":["Shade:Doomsay","Shade:ScuttlingHand"],"picked":"Shade:CoffinDance","floor":56},{"not_picked":["Shade:Haruspicy+1","Shade:FleshOffering+1"],"picked":"Shade:AuraOfUnlife","floor":59},{"not_picked":["Shade:CoffinDance","Shade:FleshToFlesh+1"],"picked":"Shade:OpenGraves","floor":62},{"not_picked":["Shade:FuneraryArmor+1","Shade:FeralStrike"],"picked":"Shade:Premonition+1","floor":63},{"not_picked":["expansioncontent:Corrupt+1","expansioncontent:DarkVoid+1"],"picked":"Replay:Dark Deal+1","floor":66},{"not_picked":["Shade:FleshToFlesh+1","Shade:CommandSoldier+1"],"picked":"Shade:FuneraryJewels+1","floor":66}],"player_experience":114216,"relics_obtained":[{"floor":3,"key":"Replay:Bottled Eggs"},{"floor":5,"key":"CCEMRelics:JestersCrown"},{"floor":7,"key":"Toxic Egg 2"},{"floor":9,"key":"aspiration:SeaSaltIceCream"},{"floor":19,"key":"Simple Rune"},{"floor":22,"key":"ReplayTheSpireMod:Lightbulb"},{"floor":27,"key":"aspiration:HiddenCompartment"},{"floor":36,"key":"halation:Toothbrush"},{"floor":40,"key":"infinitespire:Beetle Shell"},{"floor":41,"key":"White Beast Statue"},{"floor":53,"key":"Gremlin Horn"},{"floor":58,"key":"CaptainsWheel"},{"floor":63,"key":"Oddly Smooth Stone"}],"event_choices":[{"cards_removed":["Shade:Defend_Shade"],"damage_healed":0,"gold_gain":0,"player_choice":"Offered Basic","damage_taken":0,"max_hp_gain":0,"max_hp_loss":0,"event_name":"Bonfire Elementals","floor":39,"gold_loss":0}],"is_beta":false,"boss_relics":[{"not_picked":["Ring of Chaos","conspire:SpecialSausage"],"picked":"MagicMushroom"},{"not_picked":[]},{"not_picked":["conspire:SeveredTorchhead","hubris:TerracottaHorce"],"picked":"hubris:BlackHole"},{"not_picked":[]},{"not_picked":["ChampionBelt","infinitespire:Cupcake"],"picked":"StuffTheSpire:Kangaroo"},{"not_picked":[]}],"items_purged_floors":[20,60,65,65],"is_endless":true,"potions_floor_spawned":[6,9,12,16,19,25,27,28,31,36,40,43,45,46,48,49,50,54,55,59,62,63,66],"killed_by":"Delirium","ascension_level":0}}