{"host":"49c2zf0lajbcs427","time":1608538778,"event":{"mods":["AchievementEnabler","BaseMod","Colored Map","Colored Powertips","Highlight Path","Minty Spire (QoL Compilation)","Relic Stats","StSLib"],"gold_per_floor":[113,113,128,147,167,167,195,205,228,228,228,243,243,259,259,384,384,405,504,69,87,87,87,101,144,168,199,199,114,114,39,39,164,164,189,189,207,207,307,307,332,332,332,346,346,362,362,97,97,97],"floor_reached":51,"playtime":2117,"items_purged":["Strike_R","Wild Strike"],"score":743,"play_id":"61a05a2b-9eb4-4c54-9c97-eb9c4deac066","local_time":"20201221211938","is_ascension_mode":true,"campfire_choices":[{"data":"Searing Blow","floor":6.0,"key":"SMITH"},{"data":"Searing Blow+1","floor":11,"key":"SMITH"},{"data":"Searing Blow+2","floor":13,"key":"SMITH"},{"data":"Searing Blow+3","floor":15,"key":"SMITH"},{"data":"Searing Blow+4","floor":23,"key":"SMITH"},{"data":"Searing Blow+5","floor":28,"key":"SMITH"},{"data":"Searing Blow+6","floor":30,"key":"SMITH"},{"data":"Searing Blow+7","floor":32,"key":"SMITH"},{"data":"Searing Blow+9","floor":40,"key":"SMITH"},{"data":"Searing Blow+10","floor":42,"key":"SMITH"},{"data":"Searing Blow+11","floor":45,"key":"SMITH"},{"data":"Searing Blow+12","floor":47,"key":"SMITH"},{"data":"Searing Blow+13","floor":49,"key":"SMITH"}],"circlet_count":0,"master_deck":["Defend_R","Defend_R","Defend_R","Bash","Flame Barrier+1","Bloodletting+1","Searing Blow+14","Intimidate","Corruption","Inflame","Fiend Fire","Headbutt","Feel No Pain+1","Necronomicurse","Uppercut","Impervious","Warcry+1","Berserk+1","Flex+1","Shockwave+1","Battle Trance","Feel No Pain"],"relics":["Empty Cage","FossilizedHelix","Orichalcum","Golden Idol","Busted Crown","Bag of Marbles","Gremlin Horn","Necronomicon","Juzu Bracelet","War Paint","Bag of Preparation","Singing Bowl","Astrolabe","Blue Candle"],"acts_visited":["Exordium","TheCity","TheBeyond"],"potions_floor_usage":[16,16,25,50,50,50],"damage_taken":[{"damage":0.0,"enemies":"2 Louse","floor":1.0,"turns":2.0},{"damage":1.0,"enemies":"Cultist","floor":3.0,"turns":3.0},{"damage":1.0,"enemies":"Jaw Worm","floor":4.0,"turns":4.0},{"damage":16.0,"enemies":"Large Slime","floor":5.0,"turns":5.0},{"damage":9.0,"enemies":"3 Sentries","floor":7.0,"turns":11.0},{"damage":3.0,"enemies":"Exordium Wildlife","floor":8.0,"turns":4.0},{"damage":0,"enemies":"Looter","floor":12,"turns":2},{"damage":5,"enemies":"Lots of Slimes","floor":14,"turns":4},{"damage":2,"enemies":"Hexaghost","floor":16,"turns":8},{"damage":20,"enemies":"3 Byrds","floor":18,"turns":5},{"damage":7,"enemies":"Shell Parasite","floor":21,"turns":4},{"damage":2,"enemies":"Snecko","floor":24,"turns":4},{"damage":7,"enemies":"Slavers","floor":25,"turns":3},{"damage":3,"enemies":"Gremlin Leader","floor":27,"turns":2},{"damage":8,"enemies":"Automaton","floor":33,"turns":4},{"damage":0,"enemies":"3 Shapes","floor":35,"turns":3},{"damage":12,"enemies":"3 Darklings","floor":37,"turns":4},{"damage":14,"enemies":"4 Shapes","floor":41,"turns":5},{"damage":5,"enemies":"Writhing Mass","floor":44,"turns":3},{"damage":0,"enemies":"Spire Growth","floor":46,"turns":1},{"damage":30,"enemies":"Awakened One","floor":50,"turns":4}],"seed_played":"-6038167481234023954","potions_obtained":[{"floor":1.0,"key":"Block Potion"},{"floor":4.0,"key":"SkillPotion"},{"floor":5.0,"key":"Dexterity Potion"},{"floor":8.0,"key":"FearPotion"},{"floor":14,"key":"Ancient Potion"},{"floor":18,"key":"Energy Potion"},{"floor":37,"key":"Dexterity Potion"},{"floor":44,"key":"GamblersBrew"}],"is_trial":false,"path_per_floor":["M","?","M","M","M","R","E","M","T","?","R","M","R","M","R","B",null,"M","?","$","M","?","R","M","E","T","E","R","?","R","$","R","B",null,"M","?","M","?","?","R","M","R","T","M","R","M","R","$","R","B",null],"character_chosen":"IRONCLAD","items_purchased":["Headbutt","Bag of Marbles","Gremlin Horn","BlessingOfTheForge","EssenceOfSteel","Feel No Pain"],"campfire_rested":0,"item_purchase_floors":[20,20,20,48,48,48],"current_hp_per_floor":[80,72,71,70,54,54,45,42,42,22,22,22,22,17,17,15,80,60,60,60,53,37,37,35,28,28,25,25,25,25,25,25,17,80,82,82,72,72,72,72,58,58,58,55,55,55,55,55,55,25],"gold":97,"neow_bonus":"BOSS_RELIC","is_daily":false,"chose_seed":false,"campfire_upgraded":13,"win_rate":0.0,"timestamp":1608538778,"path_taken":["M","?","?","M","M","R","E","M","T","?","R","M","R","M","R","BOSS","M","?","$","M","?","R","M","E","T","E","R","?","R","$","R","BOSS","M","?","M","?","?","R","M","R","T","M","R","M","R","?","R","BOSS"],"items_purchased_type":["Card","Relic","Relic","Potion","Potion","Card"],"build_version":"2020-12-13","purchased_purges":2,"victory":true,"max_hp_per_floor":[80,80,80,80,80,80,80,80,80,80,80,80,80,80,80,80,80,80,80,80,80,80,80,80,80,80,80,80,80,80,80,80,80,80,82,82,84,84,84,84,84,84,84,86,86,86,86,86,86,86],"relic_stats":{"Gremlin Horn":[14,14],"Singing Bowl":6,"counters":[21,85],"Golden Idol":126,"Astrolabe":["Warcry","Berserk","Flex"],"Blue Candle":[0],"Juzu Bracelet":2,"Bag of Preparation":[14],"Orichalcum":[144],"War Paint":["Bloodletting","Flame Barrier"],"Busted Crown":22,"Necronomicon":[26],"obtain_stats":[{"Gremlin Horn":20,"Singing Bowl":29,"Golden Idol":10,"Astrolabe":34,"Blue Candle":43,"Juzu Bracelet":25,"Bag of Preparation":27,"Orichalcum":9,"War Paint":26,"Empty Cage":0,"Burning Blood":0,"Busted Crown":17,"Bag of Marbles":20,"Necronomicon":22,"FossilizedHelix":7},{"Gremlin Horn":10,"Singing Bowl":14,"Golden Idol":6,"Astrolabe":15,"Blue Candle":18,"Juzu Bracelet":13,"Bag of Preparation":14,"Orichalcum":6,"War Paint":13,"Empty Cage":0,"Burning Blood":0,"Busted Crown":9,"Bag of Marbles":10,"Necronomicon":11,"FossilizedHelix":5},{"Gremlin Horn":48,"Singing Bowl":61,"Golden Idol":29,"Astrolabe":65,"Blue Candle":77,"Juzu Bracelet":59,"Bag of Preparation":61,"Orichalcum":29,"War Paint":59,"Empty Cage":0,"Burning Blood":0,"Busted Crown":43,"Bag of Marbles":48,"Necronomicon":52,"FossilizedHelix":25}]},"card_choices":[{"not_picked":["Armaments","Warcry"],"picked":"Wild Strike","floor":1.0},{"not_picked":["Pummel","Thunderclap"],"picked":"Flame Barrier","floor":3.0},{"not_picked":["Ghostly Armor","Warcry"],"picked":"Bloodletting","floor":4.0},{"not_picked":["Pommel Strike","Infernal Blade"],"picked":"Searing Blow","floor":5.0},{"not_picked":["Iron Wave","Havoc"],"picked":"Intimidate","floor":7.0},{"not_picked":["Thunderclap","Blood for Blood"],"picked":"Corruption","floor":8.0},{"not_picked":["Clash","Body Slam"],"picked":"Inflame","floor":12},{"not_picked":["Sword Boomerang","Armaments","Thunderclap"],"picked":"SKIP","floor":14},{"not_picked":["Juggernaut","Bludgeon"],"picked":"Fiend Fire","floor":16},{"not_picked":["Anger"],"picked":"SKIP","floor":18},{"not_picked":[],"picked":"Feel No Pain+1","floor":21},{"not_picked":[],"picked":"Uppercut","floor":24},{"not_picked":["Seeing Red"],"picked":"SKIP","floor":25},{"not_picked":["Sword Boomerang+1"],"picked":"SKIP","floor":27},{"not_picked":[],"picked":"Impervious","floor":33},{"not_picked":["Inflame"],"picked":"Singing Bowl","floor":35},{"not_picked":["Armaments+1"],"picked":"Singing Bowl","floor":37},{"not_picked":[],"picked":"Shockwave+1","floor":41},{"not_picked":["Anger+1"],"picked":"Singing Bowl","floor":44},{"not_picked":[],"picked":"Battle Trance","floor":46}],"player_experience":2137691,"relics_obtained":[{"floor":7.0,"key":"FossilizedHelix"},{"floor":9.0,"key":"Orichalcum"},{"floor":22,"key":"Necronomicon"},{"floor":25,"key":"Juzu Bracelet"},{"floor":26,"key":"War Paint"},{"floor":27,"key":"Bag of Preparation"},{"floor":43,"key":"Blue Candle"}],"event_choices":[{"damage_healed":0.0,"max_hp_gain":0.0,"max_hp_loss":0.0,"gold_gain":0.0,"event_name":"Wheel of Change","player_choice":"Damaged","floor":2.0,"gold_loss":0.0,"damage_taken":8.0},{"damage_healed":0.0,"max_hp_gain":0.0,"max_hp_loss":0.0,"gold_gain":0.0,"event_name":"Golden Idol","player_choice":"Take Damage","floor":10.0,"gold_loss":0.0,"damage_taken":20.0,"relics_obtained":["Golden Idol"]},{"damage_healed":0,"gold_gain":99,"player_choice":"Stole From Cult","damage_taken":0,"max_hp_gain":0,"max_hp_loss":0,"event_name":"Nest","floor":19,"gold_loss":0},{"damage_healed":0,"gold_gain":0,"player_choice":"Obtained Book","damage_taken":16,"max_hp_gain":0,"max_hp_loss":0,"event_name":"Cursed Tome","floor":22,"gold_loss":0},{"damage_healed":0,"gold_gain":0,"player_choice":"Obtained Relic","damage_taken":0,"relics_obtained":["Singing Bowl"],"max_hp_gain":0,"max_hp_loss":0,"event_name":"Addict","floor":29,"gold_loss":85},{"damage_healed":0,"gold_gain":0,"player_choice":"Ignored","damage_taken":0,"max_hp_gain":0,"max_hp_loss":0,"event_name":"SecretPortal","floor":36,"gold_loss":0},{"damage_healed":0,"gold_gain":0,"player_choice":"Forge","damage_taken":0,"max_hp_gain":0,"max_hp_loss":0,"event_name":"Accursed Blacksmith","floor":38,"gold_loss":0,"cards_upgraded":["Searing Blow"]},{"damage_healed":0,"gold_gain":100,"player_choice":"Pray","damage_taken":0,"max_hp_gain":0,"max_hp_loss":0,"event_name":"Golden Shrine","floor":39,"gold_loss":0}],"is_beta":false,"boss_relics":[{"not_picked":["Calling Bell","Runic Dome"],"picked":"Busted Crown"},{"not_picked":["Sozu","Mark of Pain"],"picked":"Astrolabe"}],"items_purged_floors":[31,48],"is_endless":false,"potions_floor_spawned":[1,4,5,8,14,18,37,44],"ascension_level":1}}