{"host":"a61r67bv2jut9r88","time":1608541892,"event":{"mods":["BaseMod","Downfall","Marisa£®ÏF”Í°°ƒß¿Ì…≥£©","Minty Spire (QoL Compilation)","Replay The Spire","Shop Mod","StSLib","SuperFastMode","The Bug Knight","The Cursed","The Servant 0.9.4"],"gold_per_floor":[113,113,113,38,38,77,77,92,92,35,35,35,49,49,49,172,172,195,195,195],"floor_reached":19,"playtime":848,"items_purged":["Overencumbered"],"score":163,"play_id":"17e8bb68-510c-49e2-9417-7d1cff37869a","local_time":"20201221171132","is_ascension_mode":false,"campfire_choices":[{"floor":7,"key":"REST"},{"floor":15,"key":"REST"}],"circlet_count":0,"master_deck":["Strike_S","Strike_S","Strike_S","Strike_S","Defend_S","Defend_S","Defend_S","Defend_S","KidneyShot","Exchange","Potential","Inflame","Comet","ReturningBlade","Limit Break","ShatteredReality"],"relics":["Golden Idol","ReplayTheSpireMod:Ring of Addiction","Chameleon Ring","Potion Belt","Ring of Misfortune","m_ScarletBlood","Replay:Bottled Flurry","Counterbalance","Runic Pyramid"],"acts_visited":["Exordium","TheCity"],"potions_floor_usage":[6,8,16,19],"damage_taken":[{"damage":5,"enemies":"2 Louse","floor":1,"turns":3},{"damage":2,"enemies":"Replay:BlueRogue","floor":6,"turns":6},{"damage":1,"enemies":"Small Slimes","floor":8,"turns":5},{"damage":11,"enemies":"Jaw Worm","floor":13,"turns":4},{"damage":33,"enemies":"Hexaghost","floor":16,"turns":14},{"damage":35,"enemies":"2 Thieves","floor":18,"turns":5},{"damage":34,"enemies":"3 Byrds","floor":19,"turns":4}],"seed_played":"-3226123853293180366","potions_obtained":[{"floor":3,"key":"champ:CounterPotion"},{"floor":3,"key":"DistilledChaos"},{"floor":3,"key":"FearPotion"},{"floor":6,"key":"Weak Potion"},{"floor":12,"key":"Death Potion"},{"floor":12,"key":"Ancient Potion"}],"is_trial":false,"path_per_floor":["M","?","?","$","?","E","R","M","T","$","$","R","M","?","R","B",null,"M","M"],"character_chosen":"THE_SERVANT","items_purchased":["Collapse+1"],"campfire_rested":2,"item_purchase_floors":[10],"current_hp_per_floor":[66,49,49,49,49,47,68,67,67,67,67,67,56,56,67,34,67,32,0,0],"gold":195,"neow_bonus":"TEN_PERCENT_HP_BONUS","is_daily":false,"chose_seed":false,"campfire_upgraded":0,"win_rate":0.0,"timestamp":1608541892,"path_taken":["M","?","?","$","?","E","R","M","T","?","$","R","?","?","R","BOSS","M","M"],"items_purchased_type":["Card"],"build_version":"2020-12-13","purchased_purges":1,"victory":false,"max_hp_per_floor":[71,71,71,71,71,71,71,71,71,71,71,69,69,69,67,67,67,67,67,67],"card_choices":[{"not_picked":["Alleviate","Rearm"],"picked":"Potential","floor":1},{"not_picked":["GearUp","Desolation"],"picked":"Comet","floor":6},{"not_picked":["Flex","Heavy Blade"],"picked":"ReturningBlade","floor":8},{"not_picked":["Starlight","SpecialFormula","Foresight"],"picked":"SKIP","floor":13},{"not_picked":["LightFlow","Initiator"],"picked":"Limit Break","floor":16},{"not_picked":["ShiftingGears","Misdirection"],"picked":"ShatteredReality","floor":18}],"player_experience":405745,"relics_obtained":[{"floor":3,"key":"ReplayTheSpireMod:Ring of Addiction"},{"floor":3,"key":"Chameleon Ring"},{"floor":3,"key":"Potion Belt"},{"floor":3,"key":"Ring of Misfortune"},{"floor":6,"key":"Replay:Bottled Flurry"},{"floor":9,"key":"Counterbalance"}],"event_choices":[{"damage_healed":0,"gold_gain":0,"player_choice":"Take Damage","damage_taken":17,"relics_obtained":["Golden Idol"],"max_hp_gain":0,"max_hp_loss":0,"event_name":"Golden Idol","floor":2,"gold_loss":0},{"cards_removed":["Collapse"],"damage_healed":0,"gold_gain":0,"player_choice":"Purged","damage_taken":0,"max_hp_gain":0,"max_hp_loss":0,"event_name":"Purifier","floor":14,"gold_loss":0}],"is_beta":false,"boss_relics":[{"not_picked":["Astrolabe","MysterySword"],"picked":"Runic Pyramid"}],"items_purged_floors":[4],"is_endless":false,"potions_floor_spawned":[6],"killed_by":"3 Byrds","ascension_level":0}}