{"host":"rolltorest","time":1608509302,"event":{"mods":["BaseMod","Minty Spire (QoL Compilation)","StSLib"],"gold_per_floor":[115,175,175,175,200,233,233,272,272,272,297,331,331,344,344,439,439,455,478,501,146,146,179,179,179,179,179,193,193,193],"floor_reached":29,"playtime":588,"items_purged":["Strike_B"],"score":622,"play_id":"92130a9e-86a0-48f7-b5d9-d3bebb4ce978","local_time":"20201220160822","is_ascension_mode":true,"campfire_choices":[{"data":"Sunder","floor":7,"key":"SMITH"},{"data":"Sweeping Beam","floor":10,"key":"SMITH"},{"data":"Beam Cell","floor":13,"key":"SMITH"},{"data":"Conserve Battery","floor":15,"key":"SMITH"},{"floor":24,"key":"REST"}],"circlet_count":0,"master_deck":["AscendersBane","Strike_B","Strike_B","Strike_B","Defend_B","Defend_B+1","Defend_B","Defend_B","Zap","Dualcast+1","Sunder+1","Beam Cell+1","Sweeping Beam+1","Ball Lightning","All For One","Turbo","Conserve Battery+1","Leap","Self Repair","Reinforced Body","Injury","Regret"],"relics":["Cracked Core","NeowsBlessing","Bloody Idol","Ornamental Fan","Toy Ornithopter","War Paint","Nunchaku","Cursed Key","ClockworkSouvenir","InkBottle","The Courier"],"acts_visited":["Exordium","TheCity"],"potions_floor_usage":[12,16,18,19,29],"damage_taken":[{"damage":0,"enemies":"Small Slimes","floor":1,"turns":1},{"damage":0,"enemies":"2 Louse","floor":5,"turns":1},{"damage":0,"enemies":"3 Sentries","floor":6,"turns":1},{"damage":25,"enemies":"Lagavulin","floor":8,"turns":5},{"damage":0,"enemies":"Jaw Worm","floor":11,"turns":2},{"damage":0,"enemies":"3 Sentries","floor":12,"turns":3},{"damage":11,"enemies":"Looter","floor":14,"turns":2},{"damage":34,"enemies":"Hexaghost","floor":16,"turns":8},{"damage":0,"enemies":"Chosen","floor":18,"turns":3},{"damage":0,"enemies":"2 Thieves","floor":19,"turns":3},{"damage":23,"enemies":"Shelled Parasite and Fungi","floor":20,"turns":3},{"damage":24,"enemies":"Slavers","floor":23,"turns":6},{"damage":22,"enemies":"Snake Plant","floor":28,"turns":3},{"damage":42,"enemies":"Book of Stabbing","floor":29,"turns":4}],"seed_played":"6932402305033153622","potions_obtained":[{"floor":1,"key":"AttackPotion"},{"floor":5,"key":"Fire Potion"},{"floor":14,"key":"CultistPotion"},{"floor":16,"key":"Strength Potion"},{"floor":18,"key":"DistilledChaos"},{"floor":23,"key":"Ancient Potion"}],"is_trial":false,"path_per_floor":["M","?","?","?","M","E","R","E","T","R","M","E","R","M","R","B",null,"M","M","M","$","?","E","R","T","T","?","M","E"],"character_chosen":"DEFECT","items_purchased":["Self Repair","ClockworkSouvenir","Reinforced Body"],"campfire_rested":1,"item_purchase_floors":[21,21,21],"current_hp_per_floor":[64,64,69,69,69,69,69,44,44,44,44,49,49,38,38,9,54,59,64,41,41,41,24,44,44,44,44,34,0,0],"gold":193,"neow_bonus":"THREE_ENEMY_KILL","is_daily":false,"chose_seed":false,"campfire_upgraded":4,"win_rate":0.0,"timestamp":1608509302,"path_taken":["M","?","?","?","M","E","R","E","T","R","M","E","R","M","R","BOSS","M","M","M","$","?","E","R","?","T","?","M","E"],"items_purchased_type":["Card","Relic","Card"],"build_version":"2020-12-18","purchased_purges":1,"victory":false,"max_hp_per_floor":[71,71,76,69,69,69,69,69,69,69,69,69,69,69,69,69,69,69,69,69,69,69,69,69,69,69,69,69,69,69],"card_choices":[{"not_picked":["Genetic Algorithm","Chaos"],"picked":"Sunder","floor":1},{"not_picked":["Rebound","Double Energy"],"picked":"Beam Cell","floor":5},{"not_picked":["Steam","Rebound"],"picked":"Sweeping Beam","floor":6},{"not_picked":["Reinforced Body","Aggregate"],"picked":"Ball Lightning","floor":8},{"not_picked":["Turbo","Darkness"],"picked":"All For One","floor":11},{"not_picked":["Chaos","Hologram"],"picked":"Turbo","floor":12},{"not_picked":["Heatsinks","Leap"],"picked":"Conserve Battery","floor":14},{"not_picked":["Auto Shields","Beam Cell","Streamline"],"picked":"SKIP","floor":18},{"not_picked":["Rebound","Sweeping Beam"],"picked":"Leap","floor":19},{"not_picked":["Sweeping Beam","Storm","Barrage"],"picked":"SKIP","floor":20},{"not_picked":["Sweeping Beam","All For One","Auto Shields"],"picked":"SKIP","floor":23},{"not_picked":["Beam Cell+1","Rebound","Leap"],"picked":"SKIP","floor":28}],"player_experience":1693611,"relics_obtained":[{"floor":6,"key":"Ornamental Fan"},{"floor":8,"key":"Toy Ornithopter"},{"floor":9,"key":"War Paint"},{"floor":12,"key":"Nunchaku"},{"floor":23,"key":"InkBottle"},{"floor":25,"key":"The Courier"}],"event_choices":[{"damage_healed":0,"gold_gain":60,"player_choice":"Gained Gold","damage_taken":0,"max_hp_gain":0,"max_hp_loss":0,"event_name":"Golden Wing","floor":2,"gold_loss":0},{"damage_healed":0,"gold_gain":0,"player_choice":"Donut","damage_taken":0,"max_hp_gain":5,"max_hp_loss":0,"event_name":"Big Fish","floor":3,"gold_loss":0},{"damage_healed":0,"gold_gain":0,"player_choice":"Lose Max HP","damage_taken":0,"relics_obtained":["Golden Idol"],"max_hp_gain":0,"max_hp_loss":7,"event_name":"Golden Idol","floor":4,"gold_loss":0},{"damage_healed":0,"gold_gain":0,"player_choice":"Ignored","damage_taken":0,"max_hp_gain":0,"max_hp_loss":0,"event_name":"The Mausoleum","floor":22,"gold_loss":0},{"damage_healed":0,"gold_gain":0,"player_choice":"Gave Idol","damage_taken":0,"relics_obtained":["Bloody Idol"],"max_hp_gain":0,"max_hp_loss":0,"event_name":"Forgotten Altar","floor":27,"relics_lost":["Golden Idol"],"gold_loss":0}],"is_beta":true,"boss_relics":[{"not_picked":["Busted Crown","Coffee Dripper"],"picked":"Cursed Key"}],"items_purged_floors":[21],"is_endless":false,"potions_floor_spawned":[1,5,14,16,18,23],"killed_by":"Book of Stabbing","ascension_level":20}}