{"host":"1tkoe3l8wf0xx8if","time":1608577713,"event":{"mods":["AchievementEnabler","BaseMod","Colored Map","Minty Spire (QoL Compilation)","Quick Restart","StSLib","SuperFastMode"],"gold_per_floor":[14,14,25,41,54,81,81,108,134,59,77,87,112,129,129,224,224,238,61,76,76,87,87,118,135,135,149,162,189,202,234,234,335,335,351,149,164,14,30,30,49,67,91,101,114,125,139,159,159,159],"floor_reached":51,"playtime":2726,"items_purged":["Strike_G","Strike_G","Strike_G","Strike_G"],"score":1175,"play_id":"9d5d01f4-9e31-4d7f-a989-1978df02526c","local_time":"20201222040833","is_ascension_mode":true,"campfire_choices":[{"data":"Neutralize","floor":7.0,"key":"SMITH"},{"data":"Noxious Fumes","floor":15.0,"key":"SMITH"},{"data":"Catalyst","floor":23.0,"key":"SMITH"},{"data":"Footwork","floor":32.0,"key":"SMITH"},{"data":"Reflex","floor":40.0,"key":"SMITH"},{"data":"Tactician","floor":49,"key":"SMITH"}],"circlet_count":0,"master_deck":["Defend_G","Defend_G","Defend_G","Defend_G","Defend_G","Survivor","Neutralize+1","Apotheosis+1","Bouncing Flask","Backstab","Dagger Spray","Leg Sweep","Blade Dance","Calculated Gamble","Noxious Fumes+1","Terror","Footwork+1","Venomology","Accuracy","Catalyst+1","Prepared+1","Backflip","Escape Plan","Tactician+1","Corpse Explosion","Reflex+1","PiercingWail+1","Backflip"],"relics":["Ring of the Snake","Centennial Puzzle","Toy Ornithopter","Bag of Preparation","Oddly Smooth Stone","Coffee Dripper","Bottled Tornado","Art of War","Meat on the Bone","Pen Nib","Busted Crown","Vajra"],"acts_visited":["Exordium","TheCity","TheBeyond"],"potions_floor_usage":[44,45,46,47,48,50],"damage_taken":[{"damage":0.0,"enemies":"Jaw Worm","floor":1.0,"turns":5.0},{"damage":0.0,"enemies":"Cultist","floor":3.0,"turns":3.0},{"damage":3.0,"enemies":"2 Louse","floor":4.0,"turns":3.0},{"damage":0.0,"enemies":"Large Slime","floor":5.0,"turns":7.0},{"damage":0.0,"enemies":"Lagavulin","floor":6.0,"turns":6.0},{"damage":4.0,"enemies":"3 Sentries","floor":8.0,"turns":5.0},{"damage":5.0,"enemies":"Gremlin Gang","floor":11.0,"turns":3.0},{"damage":0.0,"enemies":"2 Fungi Beasts","floor":12.0,"turns":2.0},{"damage":0.0,"enemies":"Gremlin Nob","floor":13.0,"turns":2.0},{"damage":0.0,"enemies":"Exordium Wildlife","floor":14.0,"turns":2.0},{"damage":10.0,"enemies":"Slime Boss","floor":16.0,"turns":8.0},{"damage":11.0,"enemies":"2 Thieves","floor":18.0,"turns":2.0},{"damage":0.0,"enemies":"Spheric Guardian","floor":20.0,"turns":2.0},{"damage":0.0,"enemies":"Snake Plant","floor":22.0,"turns":2.0},{"damage":15.0,"enemies":"Slavers","floor":24.0,"turns":5.0},{"damage":14.0,"enemies":"Shelled Parasite and Fungi","floor":25.0,"turns":5.0},{"damage":10.0,"enemies":"Centurion and Healer","floor":27.0,"turns":5.0},{"damage":12.0,"enemies":"Sentry and Sphere","floor":28.0,"turns":5.0},{"damage":0.0,"enemies":"Gremlin Leader","floor":29.0,"turns":4.0},{"damage":0.0,"enemies":"Cultist and Chosen","floor":30.0,"turns":6.0},{"damage":29.0,"enemies":"Slavers","floor":31.0,"turns":6.0},{"damage":18.0,"enemies":"Champ","floor":33.0,"turns":6.0},{"damage":0.0,"enemies":"Orb Walker","floor":35.0,"turns":3.0},{"damage":0.0,"enemies":"3 Darklings","floor":37.0,"turns":2.0},{"damage":0.0,"enemies":"4 Shapes","floor":39.0,"turns":2.0},{"damage":0.0,"enemies":"Jaw Worm Horde","floor":41.0,"turns":2.0},{"damage":7.0,"enemies":"Writhing Mass","floor":42.0,"turns":4.0},{"damage":4,"enemies":"Sphere and 2 Shapes","floor":44,"turns":4},{"damage":8,"enemies":"Transient","floor":45,"turns":5},{"damage":0,"enemies":"4 Shapes","floor":46,"turns":3},{"damage":2,"enemies":"Sphere and 2 Shapes","floor":47,"turns":5},{"damage":0,"enemies":"Jaw Worm Horde","floor":48,"turns":3},{"damage":25,"enemies":"Donu and Deca","floor":50,"turns":5}],"seed_played":"-3510716344176607524","potions_obtained":[{"floor":4.0,"key":"SkillPotion"},{"floor":5.0,"key":"Strength Potion"},{"floor":6.0,"key":"Fire Potion"},{"floor":16.0,"key":"Swift Potion"},{"floor":20.0,"key":"EssenceOfSteel"},{"floor":22.0,"key":"AttackPotion"},{"floor":27.0,"key":"BlessingOfTheForge"},{"floor":30.0,"key":"FairyPotion"},{"floor":33.0,"key":"GhostInAJar"},{"floor":46,"key":"BlessingOfTheForge"},{"floor":48,"key":"Swift Potion"}],"is_trial":false,"path_per_floor":["M","?","M","M","M","E","R","E","T","$","M","M","E","M","R","B",null,"M","$","M","?","M","R","E","M","T","M","M","E","M","E","R","B",null,"M","$","M","$","M","R","M","M","T","M","M","M","M","M","R","B",null],"character_chosen":"THE_SILENT","items_purchased":["Catalyst","Reflex"],"campfire_rested":0,"item_purchase_floors":[19,36],"current_hp_per_floor":[63,63,63,60,60,60,60,56,56,56,51,51,51,56,56,46,64,58,58,58,58,68,68,55,41,41,36,34,44,49,37,37,41,63,63,63,70,70,70,70,70,63,63,64,61,66,69,70,70,45],"gold":159,"neow_bonus":"RANDOM_COLORLESS_2","is_daily":false,"chose_seed":false,"campfire_upgraded":6,"win_rate":0.0,"timestamp":1608577713,"path_taken":["M","?","?","M","M","E","R","E","T","$","M","M","E","M","R","BOSS","M","$","M","?","M","R","E","M","T","M","M","E","M","E","R","BOSS","M","$","M","?","M","R","?","M","T","?","M","?","M","M","R","BOSS"],"items_purchased_type":["Card","Card"],"build_version":"2020-12-13","purchased_purges":4,"victory":true,"max_hp_per_floor":[70,70,70,70,70,70,70,70,70,70,70,70,70,70,70,70,70,70,70,70,70,70,70,70,70,70,70,70,70,70,70,70,70,70,70,70,70,70,70,70,70,70,70,70,70,70,70,70,70,70],"card_choices":[{"not_picked":["Magnetism","Chrysalis"],"picked":"Apotheosis","floor":0.0},{"not_picked":["Escape Plan","Bane"],"picked":"Bouncing Flask","floor":1.0},{"not_picked":["Cloak And Dagger","Underhanded Strike"],"picked":"Backstab","floor":3.0},{"not_picked":["Dagger Throw","Choke"],"picked":"Dagger Spray","floor":4.0},{"not_picked":["Backstab","Deflect"],"picked":"Leg Sweep","floor":5.0},{"not_picked":["Dagger Spray","Outmaneuver"],"picked":"Blade Dance","floor":6.0},{"not_picked":["Dodge and Roll","Poisoned Stab"],"picked":"Calculated Gamble","floor":8.0},{"not_picked":["Prepared","Slice"],"picked":"Noxious Fumes","floor":11.0},{"not_picked":["Infinite Blades","Acrobatics"],"picked":"Terror","floor":12.0},{"not_picked":["Sucker Punch","Eviscerate"],"picked":"Footwork","floor":13.0},{"not_picked":["Riddle With Holes","Blade Dance","Dagger Spray"],"picked":"SKIP","floor":14.0},{"not_picked":["Wraith Form v2","Doppelganger"],"picked":"Venomology","floor":16.0},{"not_picked":["Deflect","Skewer"],"picked":"Accuracy","floor":18.0},{"not_picked":["Dagger Spray","Quick Slash"],"picked":"Prepared+1","floor":20.0},{"not_picked":["Terror+1","Underhanded Strike"],"picked":"Backflip","floor":22.0},{"not_picked":["Noxious Fumes+1","Concentrate"],"picked":"Escape Plan","floor":24.0},{"not_picked":["Slice","Blade Dance+1","Expertise"],"picked":"SKIP","floor":25.0},{"not_picked":["Underhanded Strike+1","Dagger Throw"],"picked":"Tactician","floor":27.0},{"not_picked":["Flying Knee","Finisher","Blade Dance"],"picked":"SKIP","floor":28.0},{"not_picked":["Footwork","Malaise","Leg Sweep"],"picked":"SKIP","floor":29.0},{"not_picked":["Noxious Fumes","Outmaneuver+1","Dagger Throw"],"picked":"SKIP","floor":30.0},{"not_picked":["A Thousand Cuts","Dash+1","Dagger Spray"],"picked":"SKIP","floor":31.0},{"not_picked":["Tools of the Trade","A Thousand Cuts"],"picked":"Corpse Explosion","floor":33.0},{"not_picked":["Underhanded Strike+1"],"picked":"SKIP","floor":35.0},{"not_picked":["Cloak And Dagger"],"picked":"SKIP","floor":37.0},{"not_picked":[],"picked":"PiercingWail+1","floor":39.0},{"not_picked":[],"picked":"Backflip","floor":41.0},{"not_picked":["Deadly Poison"],"picked":"SKIP","floor":42.0},{"not_picked":["Noxious Fumes"],"picked":"SKIP","floor":44},{"not_picked":["Dagger Throw+1"],"picked":"SKIP","floor":45},{"not_picked":["Blade Dance"],"picked":"SKIP","floor":46},{"not_picked":["Flying Knee+1"],"picked":"SKIP","floor":47},{"not_picked":["Bane"],"picked":"SKIP","floor":48}],"player_experience":301080,"relics_obtained":[{"floor":6.0,"key":"Centennial Puzzle"},{"floor":8.0,"key":"Toy Ornithopter"},{"floor":9.0,"key":"Bag of Preparation"},{"floor":13.0,"key":"Oddly Smooth Stone"},{"floor":24.0,"key":"Bottled Tornado"},{"floor":26.0,"key":"Art of War"},{"floor":29.0,"key":"Meat on the Bone"},{"floor":31.0,"key":"Pen Nib"},{"floor":43.0,"key":"Vajra"}],"event_choices":[{"damage_healed":0.0,"max_hp_gain":0.0,"max_hp_loss":0.0,"gold_gain":0.0,"event_name":"Accursed Blacksmith","player_choice":"Forge","floor":2.0,"gold_loss":0.0,"damage_taken":0.0,"cards_upgraded":["Apotheosis"]},{"cards_removed":["Strike_G"],"damage_healed":0.0,"max_hp_gain":0.0,"max_hp_loss":0.0,"gold_gain":0.0,"event_name":"Purifier","player_choice":"Purged","floor":21.0,"gold_loss":0.0,"damage_taken":0.0}],"is_beta":false,"boss_relics":[{"not_picked":["SlaversCollar","Empty Cage"],"picked":"Coffee Dripper"},{"not_picked":["Philosopher\u0027s Stone","Calling Bell"],"picked":"Busted Crown"}],"items_purged_floors":[10,19,36,38],"is_endless":false,"potions_floor_spawned":[4,5,6,13,16,20,22,27,30,33,35,39,45,46,48],"ascension_level":9}}