{"host":"5jn3rki867005t18","time":1608554202,"event":{"mods":["2.2 Compatiblity","AchievementEnabler","BaseMod","Colored Map","DeckTracker","Minty Spire (QoL Compilation)","Permanent Neow","Rare Cards Sparkle","StSLib","SuperFastMode"],"gold_per_floor":[116,129,204,204,221,221,251,251,302,329,352,365,381,556,556,659,659,676,676,687,687,702,702,727,727,727],"floor_reached":25,"playtime":867,"items_purged":[],"score":220,"play_id":"cbd1b2b2-7d90-4f07-9235-39b9b8f40f1a","local_time":"20201221213642","is_ascension_mode":false,"campfire_choices":[{"data":"Bloodletting","floor":6,"key":"SMITH"},{"data":"Pommel Strike","floor":8,"key":"SMITH"},{"floor":15,"key":"REST"},{"floor":23,"key":"REST"}],"circlet_count":0,"master_deck":["Strike_R+1","Strike_R","Strike_R","Strike_R","Strike_R","Defend_R+1","Defend_R","Defend_R","Defend_R+1","Bash","Pommel Strike+1","Seeing Red","Pommel Strike","Bloodletting+1","Hemokinesis","Warcry","Infernal Blade+1","Rupture","Berserk","Dropkick","Pommel Strike","Intimidate","Heavy Blade","True Grit"],"relics":["Burning Blood","Dream Catcher","Regal Pillow","Shovel","Anchor","SlaversCollar","Bag of Marbles","Spirit Poop","War Paint"],"acts_visited":["Exordium","TheCity"],"potions_floor_usage":[16,16,24,24],"damage_taken":[{"damage":5,"enemies":"Small Slimes","floor":1,"turns":4},{"damage":4,"enemies":"2 Louse","floor":2,"turns":3},{"damage":6,"enemies":"Jaw Worm","floor":5,"turns":3},{"damage":35,"enemies":"Gremlin Nob","floor":10,"turns":4},{"damage":0,"enemies":"Looter","floor":12,"turns":3},{"damage":6,"enemies":"2 Fungi Beasts","floor":13,"turns":3},{"damage":69,"enemies":"Slime Boss","floor":16,"turns":12},{"damage":36,"enemies":"Shell Parasite","floor":18,"turns":6},{"damage":34,"enemies":"2 Thieves","floor":20,"turns":4},{"damage":12,"enemies":"Chosen and Byrds","floor":22,"turns":7},{"damage":33,"enemies":"Slavers","floor":24,"turns":5},{"damage":32,"enemies":"Snecko","floor":25,"turns":5}],"seed_played":"-3568444934531819340","potions_obtained":[{"floor":1,"key":"Fire Potion"},{"floor":5,"key":"Explosive Potion"},{"floor":12,"key":"BloodPotion"},{"floor":20,"key":"FearPotion"},{"floor":22,"key":"SteroidPotion"}],"is_trial":false,"path_per_floor":["M","M","?","?","M","R","?","R","T","E","T","M","M","?","R","B",null,"M","?","M","?","M","R","E","M"],"character_chosen":"IRONCLAD","items_purchased":[],"campfire_rested":2,"item_purchase_floors":[],"current_hp_per_floor":[80,80,69,53,53,53,53,53,53,24,24,30,30,30,69,22,80,50,50,22,22,16,55,28,0,0],"gold":727,"neow_bonus":"THREE_CARDS","is_daily":false,"chose_seed":false,"campfire_upgraded":2,"win_rate":0.0,"timestamp":1608554202,"path_taken":["M","M","?","?","M","R","?","R","T","E","?","M","?","?","R","BOSS","M","?","M","?","M","R","E","M"],"items_purchased_type":[],"build_version":"2020-12-13","purchased_purges":0,"victory":false,"max_hp_per_floor":[80,80,80,80,80,80,80,80,80,80,80,80,80,80,80,80,80,80,80,80,80,80,80,80,80,80],"card_choices":[{"not_picked":["Wild Strike","Pummel"],"picked":"Pommel Strike","floor":0},{"not_picked":["Second Wind","Twin Strike"],"picked":"Seeing Red","floor":1},{"not_picked":["Havoc","Battle Trance"],"picked":"Pommel Strike","floor":2},{"not_picked":["Perfected Strike","Combust"],"picked":"Bloodletting","floor":5},{"not_picked":["Sever Soul","Whirlwind"],"picked":"Hemokinesis","floor":10},{"not_picked":["Heavy Blade","Anger"],"picked":"Warcry","floor":12},{"not_picked":["Searing Blow","Sword Boomerang"],"picked":"Infernal Blade","floor":13},{"not_picked":["Shockwave","Second Wind"],"picked":"Rupture","floor":15},{"not_picked":["Barricade","Double Tap"],"picked":"Berserk","floor":16},{"not_picked":["Havoc","Thunderclap"],"picked":"Dropkick","floor":18},{"not_picked":["Evolve","Pummel"],"picked":"Pommel Strike","floor":20},{"not_picked":["Wild Strike","Bloodletting+1"],"picked":"Intimidate","floor":22},{"not_picked":["Sword Boomerang","Anger"],"picked":"Heavy Blade","floor":23},{"not_picked":["Clothesline","Perfected Strike"],"picked":"True Grit","floor":24}],"player_experience":40940,"relics_obtained":[{"floor":9,"key":"Regal Pillow"},{"floor":10,"key":"Shovel"},{"floor":11,"key":"Anchor"},{"floor":24,"key":"War Paint"}],"event_choices":[{"damage_healed":0,"gold_gain":75,"player_choice":"Gather Gold","damage_taken":11,"max_hp_gain":0,"max_hp_loss":0,"event_name":"World of Goop","floor":3,"gold_loss":0},{"damage_healed":0,"gold_gain":0,"player_choice":"Entered Light","damage_taken":16,"max_hp_gain":0,"max_hp_loss":0,"event_name":"Shining Light","floor":4,"gold_loss":0,"cards_upgraded":["Defend_R","Strike_R"]},{"damage_healed":0,"gold_gain":30,"player_choice":"Searched \u00272\u0027 times","damage_taken":0,"relics_obtained":["Dream Catcher"],"max_hp_gain":0,"max_hp_loss":0,"event_name":"Dead Adventurer","floor":7,"gold_loss":0},{"damage_healed":0,"gold_gain":175,"player_choice":"AGREE","damage_taken":0,"max_hp_gain":0,"max_hp_loss":0,"event_name":"Liars Game","floor":14,"gold_loss":0,"cards_obtained":["Doubt"]},{"damage_healed":0,"gold_gain":0,"player_choice":"Opened","damage_taken":0,"relics_obtained":["Bag of Marbles"],"max_hp_gain":0,"max_hp_loss":0,"event_name":"The Mausoleum","floor":19,"gold_loss":0},{"cards_removed":["Doubt"],"damage_healed":0,"gold_gain":0,"player_choice":"Offered Curse","damage_taken":0,"relics_obtained":["Spirit Poop"],"max_hp_gain":0,"max_hp_loss":0,"event_name":"Bonfire Elementals","floor":21,"gold_loss":0}],"is_beta":false,"boss_relics":[{"not_picked":["Mark of Pain","Snecko Eye"],"picked":"SlaversCollar"}],"items_purged_floors":[],"is_endless":false,"potions_floor_spawned":[1,5,12,20,22],"killed_by":"Snecko","ascension_level":0}}