{"host":"6pgtslebjnyv5xmi","time":1608566652,"event":{"mods":["AchievementEnabler","BaseMod","Colored Map","Minty Spire (QoL Compilation)","Rare Cards Sparkle","SuperFastMode","everything is the same but u backflip on backflip"],"gold_per_floor":[119,137,137,154,171,171,197,197,265,265,277,277,277,452,452,548,548,563,158,172,172,222,222,222,222],"floor_reached":24,"playtime":1039,"items_purged":["Doubt"],"score":223,"play_id":"f7dba7a3-e1b5-433a-b59a-ec7a6d663028","local_time":"20201222010412","is_ascension_mode":true,"campfire_choices":[{"data":"Zap","floor":6,"key":"SMITH"},{"data":"Darkness","floor":8,"key":"SMITH"},{"data":"Dualcast","floor":10,"key":"SMITH"},{"data":"Hologram","floor":13,"key":"SMITH"},{"data":"Loop","floor":15,"key":"SMITH"},{"data":"1","floor":23,"key":"LIFT"}],"circlet_count":0,"master_deck":["Strike_B","Defend_B","Defend_B","Defend_B","Defend_B","Zap+1","Dualcast+1","Defragment","Rebound","Loop+1","Defragment","Darkness+1","Hologram+1","Reboot","Buffer+1","Hyperbeam+1","Static Discharge+1","Undo","Self Repair","Necronomicurse"],"relics":["Cracked Core","NeowsBlessing","Girya","Kunai","Astrolabe","Question Card","Necronomicon"],"acts_visited":["Exordium","TheCity"],"potions_floor_usage":[7,7,16,16,20,24],"damage_taken":[{"damage":0,"enemies":"2 Louse","floor":1,"turns":1},{"damage":0,"enemies":"Cultist","floor":2,"turns":1},{"damage":0,"enemies":"Small Slimes","floor":4,"turns":1},{"damage":12,"enemies":"Looter","floor":5,"turns":3},{"damage":24,"enemies":"3 Sentries","floor":7,"turns":5},{"damage":13,"enemies":"Large Slime","floor":11,"turns":5},{"damage":36,"enemies":"The Guardian","floor":16,"turns":6},{"damage":9,"enemies":"Shell Parasite","floor":18,"turns":5},{"damage":7,"enemies":"Chosen","floor":20,"turns":4},{"damage":50,"enemies":"Slavers","floor":24,"turns":3}],"seed_played":"-4741308089371334871","potions_obtained":[{"floor":1,"key":"BlessingOfTheForge"},{"floor":3,"key":"EssenceOfSteel"},{"floor":3,"key":"SpeedPotion"},{"floor":3,"key":"FocusPotion"},{"floor":7,"key":"AttackPotion"},{"floor":18,"key":"Fire Potion"},{"floor":20,"key":"Explosive Potion"}],"is_trial":false,"path_per_floor":["M","M","?","M","M","R","E","R","T","R","M","?","R","?","R","B",null,"M","$","M","?","?","R","E"],"character_chosen":"DEFECT","items_purchased":["Question Card","Self Repair"],"campfire_rested":0,"item_purchase_floors":[19,19],"current_hp_per_floor":[75,75,75,75,63,63,39,39,39,39,26,51,51,51,51,15,75,66,66,66,50,50,50,0,0],"gold":222,"neow_bonus":"THREE_ENEMY_KILL","is_daily":false,"chose_seed":false,"campfire_upgraded":5,"win_rate":0.0,"timestamp":1608566652,"path_taken":["M","M","?","?","?","R","E","R","T","R","M","?","R","?","R","BOSS","M","$","M","?","?","R","E"],"items_purchased_type":["Relic","Card"],"build_version":"2020-12-13","purchased_purges":1,"victory":false,"max_hp_per_floor":[75,75,75,75,75,75,75,75,75,75,75,75,75,75,75,75,75,75,75,75,75,75,75,75,75],"card_choices":[{"not_picked":["Hologram","Redo"],"picked":"Defragment","floor":1},{"not_picked":["Streamline","Coolheaded"],"picked":"Rebound","floor":2},{"not_picked":["Hologram","Aggregate"],"picked":"Loop","floor":4},{"not_picked":["Reprogram","Redo"],"picked":"Defragment","floor":5},{"not_picked":["Stack","Consume"],"picked":"Darkness","floor":7},{"not_picked":["Conserve Battery","Rebound"],"picked":"Hologram","floor":11},{"not_picked":["Meteor Strike","Thunder Strike"],"picked":"Reboot","floor":16},{"not_picked":["Barrage","Beam Cell"],"picked":"Undo","floor":18},{"not_picked":["Coolheaded","Streamline+1","Stack","Storm+1"],"picked":"SKIP","floor":20}],"player_experience":344227,"relics_obtained":[{"floor":7,"key":"Girya"},{"floor":9,"key":"Kunai"},{"floor":21,"key":"Necronomicon"}],"event_choices":[{"damage_healed":0,"gold_gain":0,"player_choice":"Got Potions","damage_taken":0,"max_hp_gain":0,"max_hp_loss":0,"event_name":"Lab","floor":3,"gold_loss":0},{"damage_healed":25,"gold_gain":0,"player_choice":"Banana","damage_taken":0,"max_hp_gain":0,"max_hp_loss":0,"event_name":"Big Fish","floor":12,"gold_loss":0},{"damage_healed":0,"gold_gain":175,"player_choice":"AGREE","damage_taken":0,"max_hp_gain":0,"max_hp_loss":0,"event_name":"Liars Game","floor":14,"gold_loss":0,"cards_obtained":["Doubt"]},{"damage_healed":0,"gold_gain":0,"player_choice":"Obtained Book","damage_taken":16,"max_hp_gain":0,"max_hp_loss":0,"event_name":"Cursed Tome","floor":21,"gold_loss":0},{"damage_healed":0,"gold_gain":100,"player_choice":"Bet on Murderer","damage_taken":0,"max_hp_gain":0,"max_hp_loss":0,"event_name":"The Joust","floor":22,"gold_loss":50}],"is_beta":false,"boss_relics":[{"not_picked":["Philosopher\u0027s Stone","Runic Dome"],"picked":"Astrolabe"}],"items_purged_floors":[19],"is_endless":false,"potions_floor_spawned":[1,7,18,20],"killed_by":"Slavers","ascension_level":3}}