{"host":"rcanb95qz4o6v6pp","time":1608557843,"event":{"mods":["AchievementEnabler","BaseMod","Better Third Choice","Colored Map","Downfall","Minty Spire (QoL Compilation)","Replay The Spire","Spicy Shops","StSLib","The Blue Laboratory"],"gold_per_floor":[144,144,204,204,354,444,444,444,444,444,85,178,235,268,268,574,574,619,619,20,119,149,242,290,371,421,361,361,361,411,450,450,738,738,774,822,822,383,383,482,482,632,657,74,209,209,254,332,332,332],"floor_reached":51,"playtime":28181,"items_purged":["ReplayTheSpireMod:Restless Dread"],"score":1097,"play_id":"cd1cad07-d4ec-47f5-9551-e601788c9141","local_time":"20201221083723","daily_mods":["SealedDeck","Purple Cards","Colorless Cards","Heirloom","Lethality","Midas"],"is_ascension_mode":false,"campfire_choices":[{"floor":10,"key":"RECALL"},{"floor":15,"key":"REST"},{"floor":28,"key":"REST"},{"floor":32,"key":"REST"},{"floor":41,"key":"REST"},{"floor":46,"key":"REST"},{"floor":49,"key":"REST"}],"circlet_count":0,"master_deck":["Guardian:TemporalShield+1","ThirdEye+1","FollowUp","FollowUp+1","Rage","Panacea","Metallicize+1","Body Slam","Dramatic Entrance","ReplayTheSpireMod:Brewmster+1","Feel No Pain","Apotheosis","Life Link","Guardian:VentSteam","expansioncontent:GuardianWhirl","Limit Break","Guardian:PiercingHide","Poisoned Strike","Heavy Blade","Guardian:FloatingOrbs","AbeCurse","FollowUp+1","ReplayTheSpireMod:Trickstab+1","Madness","Madness","Panache","Panache","expansioncontent:CaCaw","expansioncontent:CaCaw","Shrug It Off","BattleHymn","Consecrate+1"],"relics":["Black Blood","FossilizedHelix","Potion Belt","Bottled Lightning","BargainBundle","Oddly Smooth Stone","Blue Candle","Vajra","Guardian:BottledAnomaly","Red Mask","PreservedInsect","Quantum Egg","Blood Vial","Enchiridion","Abe\u0027s Treasure","ReplayTheSpireMod:Lightbulb","Juzu Bracelet","MealTicket","CaptainsWheel","Lantern","DollysMirror","HandDrill","Self Forming Clay","Champion Belt","Replay:Rubber Ducky"],"acts_visited":["Exordium","TheCity","TheBeyond"],"potions_floor_usage":[6,6,12,12,16,16,16,16,18,18,18,18,22,22,23,25,31,31,33,33,33,33,40,40,42,45,50,50,50],"damage_taken":[{"damage":0,"enemies":"Small Slimes","floor":1,"turns":4},{"damage":0,"enemies":"Jaw Worm","floor":3,"turns":4},{"damage":0,"enemies":"Replay:BlueRogue","floor":6,"turns":5},{"damage":0,"enemies":"3 Sentries","floor":12,"turns":3},{"damage":0,"enemies":"2 Louse","floor":13,"turns":1},{"damage":30,"enemies":"Exordium Thugs","floor":14,"turns":3},{"damage":6,"enemies":"The Guardian","floor":16,"turns":9},{"damage":9,"enemies":"Shell Parasite","floor":18,"turns":3},{"damage":0,"enemies":"Masked Bandits","floor":21,"turns":2},{"damage":6,"enemies":"Chosen","floor":22,"turns":4},{"damage":13,"enemies":"Slavers","floor":23,"turns":4},{"damage":0,"enemies":"Centurion and Healer","floor":24,"turns":3},{"damage":3,"enemies":"Book of Stabbing","floor":25,"turns":3},{"damage":0,"enemies":"Cultist and Chosen","floor":31,"turns":3},{"damage":6,"enemies":"Pondfish","floor":33,"turns":7},{"damage":0,"enemies":"Orb Walker","floor":35,"turns":3},{"damage":7,"enemies":"3 Darklings","floor":36,"turns":3},{"damage":0,"enemies":"Giant Head","floor":40,"turns":3},{"damage":0,"enemies":"Mind Bloom Boss Battle","floor":42,"turns":3},{"damage":34,"enemies":"2 Orb Walkers","floor":45,"turns":5},{"damage":12,"enemies":"Jaw Worm Horde","floor":47,"turns":3},{"damage":8,"enemies":"R_Hoarder","floor":48,"turns":5},{"damage":13,"enemies":"Donu and Deca","floor":50,"turns":5}],"seed_played":"3395956770549185757","potions_obtained":[{"floor":5,"key":"Dexterity Potion"},{"floor":5,"key":"Venom Potion"},{"floor":5,"key":"blueLaboratory:HummingbirdPotion"},{"floor":6,"key":"Strength Potion"},{"floor":12,"key":"DuplicationPotion"},{"floor":24,"key":"Strength Potion"},{"floor":25,"key":"Ancient Potion"},{"floor":40,"key":"blueLaboratory:FruitPunch"},{"floor":42,"key":"Dexterity Potion"}],"is_trial":true,"path_per_floor":["M","?","M","?","?","E","?","?","T","R","$","E","M","M","R","B",null,"M","?","$","?","M","E","M","E","T","?","R","?","?","M","R","B",null,"M","M","?","$","?","E","R","?","T","$","?","R","M","E","R","B",null],"character_chosen":"IRONCLAD","items_purchased":["BargainBundle","Apotheosis","PowerPotion","blueLaboratory:BottleOfVodka","blueLaboratory:FruitPunch","Life Link","Guardian:VentSteam","expansioncontent:GuardianWhirl","Vajra","Guardian:BottledAnomaly","Poisoned Strike","PowerPotion","ReplayTheSpireMod:Lightbulb","Juzu Bracelet","Adrenaline Potion","DollysMirror","Shrug It Off","HandDrill","Self Forming Clay"],"campfire_rested":6,"item_purchase_floors":[11,11,11,11,11,11,11,11,20,20,20,20,38,38,38,44,44,44,44],"current_hp_per_floor":[80,80,80,64,64,70,70,70,70,70,70,78,82,58,82,82,82,82,82,82,82,82,81,82,82,82,82,82,66,66,80,82,82,82,82,82,72,72,62,76,82,84,84,84,62,84,84,84,84,83],"gold":332,"neow_bonus":"","is_daily":false,"chose_seed":false,"campfire_upgraded":0,"win_rate":0.0,"timestamp":1608557843,"path_taken":["M","?","M","?","?","E","?","?","T","R","$","E","M","M","R","BOSS","M","?","$","?","M","E","M","E","T","?","R","?","?","M","R","BOSS","M","M","?","$","?","E","R","?","T","$","?","R","M","E","R","BOSS"],"items_purchased_type":["Relic","Card","Potion","Potion","Potion","Card","Card","Card","Relic","Relic","Card","Potion","Relic","Relic","Potion","Relic","Card","Relic","Relic"],"build_version":"2020-12-13","purchased_purges":1,"victory":true,"max_hp_per_floor":[80,80,80,80,80,80,80,80,80,80,80,82,82,82,82,82,82,82,82,82,82,82,82,82,82,82,82,82,82,82,82,82,82,82,82,82,82,82,82,82,82,84,84,84,84,84,84,84,84,84],"card_choices":[{"not_picked":["Study","ClearTheMind","ReplayTheSpireMod:Strike From Hell"],"picked":"SKIP","floor":1},{"not_picked":["ReplayTheSpireMod:Strike From Hell","EmptyBody"],"picked":"Dramatic Entrance","floor":3},{"not_picked":["EmptyFist","FollowUp"],"picked":"ReplayTheSpireMod:Brewmster","floor":5},{"not_picked":["Halt","Guardian:Planning"],"picked":"Feel No Pain","floor":6},{"not_picked":["FlurryOfBlows","Guardian:Gem_Crimson"],"picked":"Guardian:Gem_Orange","floor":12},{"not_picked":["JustLucky","Guardian:VentSteam","Conclude"],"picked":"SKIP","floor":13},{"not_picked":["expansioncontent:Chronoboost","Iron Wave","Guardian:Emergency"],"picked":"SKIP","floor":14},{"not_picked":["Barricade","Reaper"],"picked":"Limit Break","floor":16},{"not_picked":["Shrug It Off","Guardian:PrimingBeam"],"picked":"Guardian:PiercingHide","floor":18},{"not_picked":["Guardian:Suspension+1","Finesse+1"],"picked":"Heavy Blade","floor":22},{"not_picked":["FollowUp","Hemokinesis","Replay:BluntJabs+1"],"picked":"SKIP","floor":23},{"not_picked":["BowlingBash+1","Guardian:ChargeCore","Pommel Strike+1"],"picked":"SKIP","floor":24},{"not_picked":["Clash","Shrug It Off"],"picked":"Guardian:FloatingOrbs","floor":25},{"not_picked":["Guardian:FastForward","Evaluate+1","Worship"],"picked":"SKIP","floor":31},{"not_picked":["EmptyBody","FlurryOfBlows+1"],"picked":"FollowUp+1","floor":35},{"not_picked":["Guardian:Emergency","Enlightenment+1"],"picked":"ReplayTheSpireMod:Trickstab+1","floor":36},{"not_picked":["Trip","Replay:SS_forest_5"],"picked":"Panache","floor":39},{"not_picked":["Apotheosis","Replay:SS_hec_1"],"picked":"Panache","floor":39},{"not_picked":["Replay:BluntJabs","expansioncontent:StudyTheSpire"],"picked":"expansioncontent:CaCaw","floor":40},{"not_picked":["Replay:Many Hands","Guardian:ChargeCore+1"],"picked":"BattleHymn","floor":47},{"not_picked":["expansioncontent:SuperHexaguard+1","Guardian:TemporalStrike"],"picked":"Consecrate+1","floor":48}],"player_experience":1374536,"relics_obtained":[{"floor":6,"key":"Potion Belt"},{"floor":9,"key":"Bottled Lightning"},{"floor":12,"key":"Oddly Smooth Stone"},{"floor":21,"key":"Red Mask"},{"floor":23,"key":"PreservedInsect"},{"floor":25,"key":"Quantum Egg"},{"floor":26,"key":"Blood Vial"},{"floor":29,"key":"Enchiridion"},{"floor":40,"key":"MealTicket"},{"floor":42,"key":"CaptainsWheel"},{"floor":43,"key":"Lantern"},{"floor":45,"key":"Champion Belt"},{"floor":48,"key":"Replay:Rubber Ducky"}],"event_choices":[{"damage_healed":0,"gold_gain":0,"player_choice":"Grow","damage_taken":0,"max_hp_gain":0,"max_hp_loss":0,"event_name":"Living Wall","floor":2,"gold_loss":0,"cards_upgraded":["Metallicize"]},{"damage_healed":80,"gold_gain":0,"player_choice":"Upgrade","damage_taken":16,"max_hp_gain":0,"max_hp_loss":80,"event_name":"betterThird:BetterShining","floor":4,"gold_loss":0,"cards_upgraded":["Guardian:TemporalShield","ThirdEye"]},{"damage_healed":0,"gold_gain":0,"player_choice":"Leave","damage_taken":0,"max_hp_gain":0,"max_hp_loss":0,"event_name":"The Cleric","floor":8,"gold_loss":0},{"damage_healed":0,"gold_gain":0,"player_choice":"Fought Bandits","damage_taken":0,"max_hp_gain":0,"max_hp_loss":0,"event_name":"Masked Bandits","floor":21,"gold_loss":0},{"damage_healed":0,"gold_gain":0,"player_choice":"Obtained Book","damage_taken":16,"max_hp_gain":0,"max_hp_loss":0,"event_name":"Cursed Tome","floor":29,"gold_loss":0},{"damage_healed":0,"gold_gain":100,"player_choice":"Bet on Murderer","damage_taken":0,"max_hp_gain":0,"max_hp_loss":0,"event_name":"The Joust","floor":30,"gold_loss":50},{"damage_healed":0,"gold_gain":0,"player_choice":"Embrace Madness","damage_taken":10,"max_hp_gain":0,"max_hp_loss":0,"event_name":"Winding Halls","floor":37,"gold_loss":0,"cards_obtained":["Madness","Madness"]},{"damage_healed":0,"gold_gain":0,"player_choice":"Memory 3","damage_taken":10,"max_hp_gain":0,"max_hp_loss":0,"event_name":"SensoryStone","floor":39,"gold_loss":0},{"damage_healed":0,"gold_gain":0,"player_choice":"Fight","damage_taken":0,"max_hp_gain":0,"max_hp_loss":0,"event_name":"MindBloom","floor":42,"gold_loss":0},{"damage_healed":0,"gold_gain":0,"player_choice":"Fight","damage_taken":0,"max_hp_gain":0,"max_hp_loss":0,"event_name":"Mysterious Sphere","floor":45,"gold_loss":0}],"is_beta":false,"boss_relics":[{"not_picked":["Runic Cube","Runic Pyramid"],"picked":"Black Blood"},{"not_picked":["Sozu","Tiny House"],"picked":"Abe\u0027s Treasure"}],"items_purged_floors":[20],"is_endless":false,"potions_floor_spawned":[6,12,13,18,24,25,31,40,42,47],"ascension_level":0}}