{"host":"sav7uxregyirlf69","time":1608529693,"event":{"mods":["AchievementEnabler","BaseMod","Colored Map","DeckTracker","Keyboard Shortcuts","Minty Spire (QoL Compilation)","READ ME - Guardian Mod","StSLib","SuperFastMode"],"gold_per_floor":[113,188,199,249,268,268,295,305,305,324,339,350,365,380,380,452,452,464,464,180,198,209,234,234,247,274,3,3,15,15,15],"floor_reached":30,"playtime":783,"items_purged":["Defend_G","Bite"],"score":541,"play_id":"60539b37-a2d8-415e-bb5b-6ef0e66dcc84","local_time":"20201221144813","is_ascension_mode":true,"campfire_choices":[{"data":"Terror","floor":6.0,"key":"SMITH"},{"data":"Concentrate","floor":15.0,"key":"SMITH"},{"data":"Acrobatics","floor":24,"key":"SMITH"},{"data":"Well Laid Plans","floor":28,"key":"SMITH"}],"circlet_count":0,"master_deck":["AscendersBane","Defend_G","Defend_G","Defend_G+1","Defend_G","Survivor","Neutralize","Poisoned Stab","Terror+1","Deadly Poison","Well Laid Plans+1","Backflip","Noxious Fumes","Reflex+1","Concentrate+1","Acrobatics+1","After Image","Reflex","Bite","Bite","Bite","Bite","Prepared"],"relics":["Ring of the Snake","Matryoshka","Strawberry","HornCleat","Busted Crown","War Paint","Juzu Bracelet","Pen Nib","Lantern","Medical Kit"],"acts_visited":["Exordium","TheCity"],"potions_floor_usage":[22,23,25,29],"damage_taken":[{"damage":0.0,"enemies":"2 Louse","floor":1.0,"turns":3.0},{"damage":3.0,"enemies":"Cultist","floor":3.0,"turns":4.0},{"damage":7.0,"enemies":"Small Slimes","floor":5.0,"turns":4.0},{"damage":7.0,"enemies":"Lagavulin","floor":7.0,"turns":4.0},{"damage":11.0,"enemies":"Blue Slaver","floor":8.0,"turns":4.0},{"damage":8.0,"enemies":"Exordium Thugs","floor":10.0,"turns":6.0},{"damage":5.0,"enemies":"Gremlin Gang","floor":11.0,"turns":5.0},{"damage":0.0,"enemies":"2 Fungi Beasts","floor":12.0,"turns":4.0},{"damage":3.0,"enemies":"Blue Slaver","floor":13.0,"turns":4.0},{"damage":0.0,"enemies":"Exordium Thugs","floor":14.0,"turns":5.0},{"damage":11.0,"enemies":"The Guardian","floor":16.0,"turns":10.0},{"damage":12.0,"enemies":"Shell Parasite","floor":18.0,"turns":6.0},{"damage":11,"enemies":"Spheric Guardian","floor":21,"turns":5},{"damage":2,"enemies":"Snake Plant","floor":22,"turns":4},{"damage":51,"enemies":"Slavers","floor":23,"turns":8},{"damage":8,"enemies":"Centurion and Healer","floor":25,"turns":5},{"damage":48,"enemies":"Cultist and Chosen","floor":29,"turns":8},{"damage":13,"enemies":"Snake Plant","floor":30,"turns":3}],"seed_played":"7531118100397414415","potions_obtained":[{"floor":3.0,"key":"SkillPotion"},{"floor":5.0,"key":"CunningPotion"},{"floor":7.0,"key":"EssenceOfSteel"},{"floor":13.0,"key":"GhostInAJar"},{"floor":16.0,"key":"Block Potion"},{"floor":22,"key":"Energy Potion"},{"floor":23,"key":"LiquidBronze"}],"is_trial":false,"path_per_floor":["M","?","M","?","M","R","E","M","T","M","M","M","M","M","R","B",null,"M","?","$","M","M","E","R","M","T","$","R","M","M"],"character_chosen":"THE_SILENT","items_purchased":["Prepared","War Paint","Medical Kit"],"campfire_rested":0,"item_purchase_floors":[20,20,27],"current_hp_per_floor":[65,54,51,51,44,44,37,26,33,25,20,20,17,17,17,6,61,49,49,49,50,55,20,20,36,36,36,36,2,0,0],"gold":15,"neow_bonus":"TEN_PERCENT_HP_BONUS","is_daily":false,"chose_seed":false,"campfire_upgraded":4,"win_rate":0.0,"timestamp":1608529693,"path_taken":["M","?","M","?","M","R","E","M","T","?","M","M","M","M","R","BOSS","M","?","$","M","M","E","R","M","T","$","R","M","M"],"items_purchased_type":["Card","Relic","Relic"],"build_version":"2020-12-13","purchased_purges":2,"victory":false,"max_hp_per_floor":[72,72,72,72,72,72,72,72,79,79,79,79,79,79,79,79,79,79,55,55,55,55,55,55,55,55,55,55,55,55,55],"card_choices":[{"not_picked":["Slice","Backflip"],"picked":"Poisoned Stab","floor":1.0},{"not_picked":["Sucker Punch","Acrobatics"],"picked":"Terror","floor":3.0},{"not_picked":["Finisher","Sucker Punch"],"picked":"Deadly Poison","floor":5.0},{"not_picked":["Cloak And Dagger","Doppelganger"],"picked":"Well Laid Plans","floor":7.0},{"not_picked":["Prepared","Sucker Punch"],"picked":"Backflip","floor":8.0},{"not_picked":["Dagger Throw","Skewer"],"picked":"Noxious Fumes","floor":10.0},{"not_picked":["PiercingWail","Doppelganger"],"picked":"Reflex","floor":11.0},{"not_picked":["Terror","Noxious Fumes","Deadly Poison"],"picked":"SKIP","floor":12.0},{"not_picked":["Blade Dance","Deflect"],"picked":"Concentrate","floor":13.0},{"not_picked":["Dodge and Roll","Noxious Fumes"],"picked":"Acrobatics","floor":14.0},{"not_picked":["A Thousand Cuts","Burst"],"picked":"After Image","floor":16.0},{"not_picked":[],"picked":"Reflex","floor":18.0},{"not_picked":["Deflect"],"picked":"SKIP","floor":21},{"not_picked":["Flying Knee+1"],"picked":"SKIP","floor":22},{"not_picked":["Outmaneuver"],"picked":"SKIP","floor":23},{"not_picked":["Eviscerate"],"picked":"SKIP","floor":25},{"not_picked":["Predator"],"picked":"SKIP","floor":29}],"player_experience":971861,"relics_obtained":[{"floor":7.0,"key":"Matryoshka"},{"floor":9.0,"key":"Strawberry"},{"floor":9.0,"key":"HornCleat"},{"floor":23,"key":"Juzu Bracelet"},{"floor":26,"key":"Pen Nib"},{"floor":26,"key":"Lantern"}],"event_choices":[{"damage_healed":0.0,"max_hp_gain":0.0,"max_hp_loss":0.0,"gold_gain":75.0,"event_name":"World of Goop","player_choice":"Gather Gold","floor":2.0,"gold_loss":0.0,"damage_taken":11.0},{"damage_healed":0.0,"max_hp_gain":0.0,"max_hp_loss":0.0,"gold_gain":50.0,"event_name":"Golden Shrine","player_choice":"Pray","floor":4.0,"gold_loss":0.0,"damage_taken":0.0},{"damage_healed":0,"gold_gain":0,"player_choice":"Became a vampire","damage_taken":0,"max_hp_gain":0,"max_hp_loss":24,"event_name":"Vampires","floor":19,"gold_loss":0,"cards_obtained":["Bite","Bite","Bite","Bite","Bite"]}],"is_beta":false,"boss_relics":[{"not_picked":["Calling Bell","WristBlade"],"picked":"Busted Crown"}],"items_purged_floors":[20,27],"is_endless":false,"potions_floor_spawned":[3,5,7,13,14,16,18,22,23],"killed_by":"Snake Plant","ascension_level":20}}