{"host":"mgc7o2tpy0ck407l","time":1608517294,"event":{"mods":["Alarm Clock","AlwaysNeverKeys","BaseMod","Better Altar","Better Match","Better Note","Better Sensory Stone","Better Skull","Better Third Choice","Better Vampires","Block Reminder","Booster Modes","Challenge The Spire","Colored Map","Colored Powertips","Disable Question Mark Monsters","Emptier Cage","Infinite Spire","Minty Spire (QoL Compilation)","Permanent Neow","Quick Restart","Rare Cards Sparkle","Reorder Act Four","Replay The Spire","Spicy Shops","StSLib","The Blue Laboratory","Transform Curses","Unceasing Turn Reminder"],"gold_per_floor":[115,131,82,92,267,267,267,211,236,236,34,34,83,36,36,167,167,196,156,81,107,34,34,62,62,107,107,144,144,144,181,181,313,313,334,354,354,423,451,494,494,494,494,532,560,585,585,633,633,641,641,239,239,304,318],"floor_reached":56,"playtime":2508,"items_purged":["Strike_R","CommonCold","CommonCold"],"score":1453,"play_id":"ff7cfdf7-5808-4680-8d8f-d851434fb4e2","local_time":"20201220212134","is_ascension_mode":true,"campfire_choices":[{"data":"Juggernaut","floor":6.0,"key":"SMITH"},{"floor":12.0,"key":"REST"},{"data":"Armaments","floor":15.0,"key":"SMITH"},{"data":"Ghostly Armor","floor":23.0,"key":"SMITH"},{"data":"Panache","floor":23.0,"key":"SMITH"},{"data":"Metallicize","floor":25.0,"key":"SMITH"},{"data":"Defend_R","floor":25.0,"key":"SMITH"},{"data":"Defend_R","floor":27.0,"key":"SMITH"},{"data":"Defend_R","floor":27.0,"key":"SMITH"},{"data":"Defend_R","floor":29.0,"key":"SMITH"},{"data":"Clash","floor":29.0,"key":"SMITH"},{"floor":32.0,"key":"REST"},{"data":"Seeing Red","floor":41.0,"key":"SMITH"},{"data":"Impervious","floor":41.0,"key":"SMITH"},{"floor":49,"key":"REST"},{"data":"Pot Of Greed","floor":53,"key":"SMITH"},{"data":"Pot Of Greed","floor":53,"key":"SMITH"}],"circlet_count":0,"master_deck":["Strike_R","Strike_R","Strike_R","Strike_R","Defend_R+1","Defend_R+1","Defend_R+1","Defend_R+1","Bash","Juggernaut+1","Armaments+1","Panache+1","Finesse+1","Blind+1","Clash+1","True Grit+1","Metallicize+1","Exhume+1","Barricade+1","Exhume+1","Ghostly Armor+1","Body Slam+1","Impervious+1","CommonCold","Body Slam+1","Entrench+1","Seeing Red+1","Body Slam+1","Pot Of Greed","Pot Of Greed+1","Pot Of Greed+1"],"relics":["Burning Blood","ReplayTheSpireMod:CursedCoin","ReplayTheSpireMod:ShopPack","Golden Idol","Replay:Bandana","Happy Flower","Membership Card","Divine Protection","Molten Egg 2","Sozu","Replay:Arrowhead","War Paint","Replay:Mystery Machine","Shuriken","Sundial","Replay:Ancient Bell","infinitespire:Satchel","infinitespire:BottledMercury","Incense Burner","infinitespire:Midas Blood","StoneCalendar","Smiling Mask","Self Forming Clay","Centennial Puzzle","Dream Catcher","Lizard Tail","Strange Spoon","Grinning Jar","Bag of Marbles","infinitespire:CheckeredPen","infinitespire:Beetle Shell"],"acts_visited":["Exordium","TheCity","TheBeyond","TheEnding"],"potions_floor_usage":[],"damage_taken":[{"damage":6.0,"enemies":"Jaw Worm","floor":1.0,"turns":4.0},{"damage":9.0,"enemies":"2 Louse","floor":2.0,"turns":4.0},{"damage":7.0,"enemies":"Small Slimes","floor":4.0,"turns":4.0},{"damage":42.0,"enemies":"Gremlin Nob","floor":8.0,"turns":7.0},{"damage":1.0,"enemies":"Replay:BlueRogue","floor":13.0,"turns":6.0},{"damage":15.0,"enemies":"Slime Boss","floor":16.0,"turns":11.0},{"damage":2.0,"enemies":"Spheric Guardian","floor":18.0,"turns":5.0},{"damage":16.0,"enemies":"3 Byrds","floor":21.0,"turns":6.0},{"damage":18.0,"enemies":"Snake Plant","floor":24.0,"turns":5.0},{"damage":21.0,"enemies":"Gremlin Leader","floor":28.0,"turns":10.0},{"damage":29.0,"enemies":"Slavers","floor":31.0,"turns":6.0},{"damage":11.0,"enemies":"Collector","floor":33.0,"turns":8.0},{"damage":0.0,"enemies":"3 Darklings","floor":35.0,"turns":6.0},{"damage":0.0,"enemies":"Orb Walker","floor":36.0,"turns":5.0},{"damage":0.0,"enemies":"Mind Bloom Boss Battle","floor":38.0,"turns":5.0},{"damage":0.0,"enemies":"3 Darklings","floor":39.0,"turns":6.0},{"damage":0.0,"enemies":"R_Hoarder","floor":40.0,"turns":7.0},{"damage":0.0,"enemies":"Giant Head","floor":44.0,"turns":8.0},{"damage":12.0,"enemies":"Jaw Worm Horde","floor":45.0,"turns":4.0},{"damage":12.0,"enemies":"Sphere and 2 Shapes","floor":46.0,"turns":7.0},{"damage":52,"enemies":"Reptomancer","floor":48,"turns":4},{"damage":18,"enemies":"Time Eater","floor":50,"turns":7},{"damage":17,"enemies":"Shield and Spear","floor":54,"turns":5},{"damage":53,"enemies":"The Heart","floor":55,"turns":10}],"seed_played":"2802958628995529229","potions_obtained":[{"floor":1.0,"key":"blueLaboratory:BottledHope"},{"floor":2.0,"key":"SkillPotion"},{"floor":8.0,"key":"blueLaboratory:IronCompound"},{"floor":16.0,"key":"Dexterity Potion"}],"is_trial":false,"path_per_floor":["M","M","$","M","?","R","?","E","T","?","$","R","E","$","R","B",null,"M","?","?","M","$","R","M","R","T","R","E","R","?","E","R","B",null,"M","M","AVR","?","M","E","R","?","T","E","M","M","?","E","R","B",null,"$","R","E","B",null],"character_chosen":"IRONCLAD","items_purchased":["ReplayTheSpireMod:CursedCoin","ReplayTheSpireMod:ShopPack","Membership Card","Divine Protection","Metallicize","Replay:Arrowhead","War Paint","Lizard Tail","Strange Spoon","Grinning Jar","Bag of Marbles","infinitespire:CheckeredPen"],"campfire_rested":3,"item_purchase_floors":[3,3,11,11,14,22,22,52,52,52,52,52],"current_hp_per_floor":[72,69,69,68,68,68,50,14,14,14,14,35,40,40,40,31,72,72,72,72,62,62,62,50,50,50,50,35,35,35,12,33,28,72,72,72,72,72,72,75,75,75,75,75,69,63,63,17,39,27,75,75,75,64,17],"gold":318,"neow_bonus":"THREE_RARE_CARDS","is_daily":false,"chose_seed":false,"campfire_upgraded":14,"win_rate":0.0,"timestamp":1608517294,"path_taken":["M","M","$","M","?","R","?","E","T","?","$","R","E","$","R","BOSS","M","?","?","M","$","R","M","R","T","R","E","R","?","E","R","BOSS","M","M","AVR","?","M","E","R","?","T","E","?","?","?","E","R","BOSS","$","R","E","BOSS"],"items_purchased_type":["Relic","Relic","Relic","Relic","Card","Relic","Relic","Relic","Relic","Relic","Relic","Relic"],"build_version":"2020-12-13","purchased_purges":3,"victory":true,"max_hp_per_floor":[72,72,72,72,72,72,72,72,72,72,72,72,72,72,72,72,72,72,72,72,72,72,72,72,72,72,72,72,72,72,72,72,72,72,72,72,72,72,72,75,75,75,75,75,75,75,75,75,75,75,75,75,75,75,75],"card_choices":[{"not_picked":["Hemogenesis","Fiend Fire"],"picked":"Juggernaut","floor":0.0},{"not_picked":["Flex","Anger"],"picked":"Armaments","floor":1.0},{"not_picked":["Thunderclap","Uppercut","Shockwave"],"picked":"SKIP","floor":2.0},{"not_picked":["Metamorphosis","HandOfGreed"],"picked":"Panache","floor":3.0},{"not_picked":["Panacea","Secret Technique"],"picked":"Finesse","floor":3.0},{"not_picked":["Metamorphosis","Transmutation"],"picked":"Blind","floor":3.0},{"not_picked":["ReplayTheSpireMod:Strike From Hell","Flex"],"picked":"Clash","floor":4.0},{"not_picked":["ReplayTheSpireMod:Strike From Hell","Combust"],"picked":"True Grit","floor":8.0},{"not_picked":["Feel No Pain","Reckless Charge+1","Shrug It Off"],"picked":"SKIP","floor":13.0},{"not_picked":["ReplayTheSpireMod:Strike From Hell+1","Anger+1","Hemokinesis+1"],"picked":"SKIP","floor":18.0},{"not_picked":["Limit Break+1","Impervious+1"],"picked":"Exhume+1","floor":20.0},{"not_picked":["Hemogenesis+1","Berserk+1"],"picked":"Barricade+1","floor":20.0},{"not_picked":["Barricade+1","Eclipse+1"],"picked":"Exhume+1","floor":20.0},{"not_picked":["Twin Strike+1","Disarm"],"picked":"Ghostly Armor","floor":21.0},{"not_picked":["Cleave+1","Shrug It Off","Burning Pact+1"],"picked":"SKIP","floor":24.0},{"not_picked":["Dual Wield+1","Replay:Many Hands"],"picked":"Body Slam+1","floor":28.0},{"not_picked":["Replay:Undeath\u0027s Touch+1","Sword Boomerang+1","Fiend Fire+1"],"picked":"SKIP","floor":31.0},{"not_picked":["Double Tap","Immolate+1"],"picked":"Impervious","floor":33.0},{"not_picked":["Spreading Infection","Writhe"],"picked":"CommonCold","floor":34.0},{"not_picked":["Amnesia","Hallucinations"],"picked":"CommonCold","floor":34.0},{"not_picked":["Delirium","Regret"],"picked":"CommonCold","floor":34.0},{"not_picked":["ReplayTheSpireMod:Corrosion Curse+1","Wild Strike+1","Clash+1"],"picked":"SKIP","floor":35.0},{"not_picked":["Fiend Fire+1","Clash+1"],"picked":"Body Slam+1","floor":36.0},{"not_picked":["Life Link+1","Spot Weakness"],"picked":"Entrench+1","floor":38.0},{"not_picked":["Infernal Blade+1","Warcry"],"picked":"Seeing Red","floor":39.0},{"not_picked":["Thunderclap+1","Anger+1","Feel No Pain+1"],"picked":"SKIP","floor":40.0},{"not_picked":["Carnage+1","Heavy Blade+1","Immolate+1"],"picked":"SKIP","floor":44.0},{"not_picked":["Run Through+1","Sever Soul+1","True Grit+1"],"picked":"SKIP","floor":45.0},{"not_picked":["Spot Weakness","Rampage+1","Searing Blow+1"],"picked":"SKIP","floor":46.0},{"not_picked":["Dual Wield","Whirlwind+1","Battle Trance"],"picked":"SKIP","floor":48},{"not_picked":["Burning Pact","Massacre+1"],"picked":"Body Slam+1","floor":49},{"not_picked":["Armaments+1","Twin Strike+1","ReplayTheSpireMod:Strike From Hell+1"],"picked":"SKIP","floor":54}],"player_experience":689403,"relics_obtained":[{"floor":8.0,"key":"Replay:Bandana"},{"floor":9.0,"key":"Happy Flower"},{"floor":13.0,"key":"Molten Egg 2"},{"floor":26.0,"key":"Replay:Mystery Machine"},{"floor":28.0,"key":"Shuriken"},{"floor":31.0,"key":"Sundial"},{"floor":38.0,"key":"StoneCalendar"},{"floor":40.0,"key":"Smiling Mask"},{"floor":43.0,"key":"Self Forming Clay"},{"floor":44.0,"key":"Centennial Puzzle"},{"floor":48,"key":"Dream Catcher"},{"floor":54,"key":"infinitespire:Beetle Shell"}],"event_choices":[{"damage_healed":0.0,"max_hp_gain":0.0,"max_hp_loss":0.0,"gold_gain":175.0,"event_name":"betterThird:BetterSerpent","player_choice":"AGREE","floor":5.0,"gold_loss":0.0,"damage_taken":92.0},{"damage_healed":0.0,"max_hp_gain":0.0,"max_hp_loss":0.0,"gold_gain":0.0,"event_name":"Golden Idol","player_choice":"Take Damage","floor":7.0,"gold_loss":0.0,"damage_taken":18.0,"relics_obtained":["Golden Idol"]},{"damage_healed":14.0,"max_hp_gain":0.0,"max_hp_loss":72.0,"gold_gain":0.0,"event_name":"betterThird:BetterShining","player_choice":"Leave","floor":10.0,"gold_loss":0.0,"damage_taken":0.0},{"damage_healed":0.0,"max_hp_gain":0.0,"max_hp_loss":0.0,"gold_gain":0.0,"event_name":"Designer","player_choice":"Upgrade","floor":19.0,"gold_loss":40.0,"damage_taken":0.0,"cards_upgraded":["True Grit"]},{"damage_healed":0.0,"max_hp_gain":0.0,"max_hp_loss":0.0,"gold_gain":0.0,"event_name":"betterMatch:BetterMatch","player_choice":"3","floor":20.0,"gold_loss":0.0,"damage_taken":0.0,"cards_obtained":["betterMatch:RareCard"]},{"cards_removed":["Doubt"],"damage_healed":0.0,"max_hp_gain":0.0,"max_hp_loss":0.0,"gold_gain":0.0,"event_name":"Fountain of Cleansing","player_choice":"Removed Curses","floor":30.0,"gold_loss":0.0,"damage_taken":0.0},{"damage_healed":0.0,"max_hp_gain":0.0,"max_hp_loss":0.0,"gold_gain":0.0,"event_name":"MindBloom","player_choice":"Fight","floor":38.0,"gold_loss":0.0,"damage_taken":0.0},{"damage_healed":0.0,"max_hp_gain":0.0,"max_hp_loss":0.0,"gold_gain":0.0,"event_name":"Lab","player_choice":"Got Potions","floor":42.0,"gold_loss":0.0,"damage_taken":0.0},{"damage_healed":0,"gold_gain":0,"player_choice":"Random: Yellow","damage_taken":0,"max_hp_gain":0,"max_hp_loss":0,"event_name":"betterThird:BetterPortal","floor":47,"gold_loss":0},{"damage_healed":0,"gold_gain":0,"player_choice":"Ignored","damage_taken":0,"max_hp_gain":0,"max_hp_loss":0,"event_name":"betterNote:BetterNote","floor":47,"gold_loss":0,"cards_obtained":["infinitespire:SealOfDarkness"]}],"is_beta":false,"boss_relics":[{"not_picked":["Runic Cube","Snecko Eye"],"picked":"Sozu"},{"not_picked":["Busted Crown","ReplayTheSpireMod:DimensionalGlitch"],"picked":"Replay:Ancient Bell"},{"not_picked":["Akabeko","Boot"],"picked":"infinitespire:Satchel"},{"not_picked":["infinitespire:ShieldingShard","Mercury Hourglass"],"picked":"infinitespire:BottledMercury"},{"not_picked":["Calipers","Champion Belt"],"picked":"Incense Burner"}],"items_purged_floors":[3,37,52],"is_endless":false,"potions_floor_spawned":[1,2,8,16,24,31,36,39,44,48],"ascension_level":1}}