{"host":"z9grmtg2w0nmz8n1","time":1608527187,"event":{"mods":["Aspiration","Bard","BaseMod","Beaked The Cultist","Better Altar","Better Match","Better Note","Better Sensory Stone","Better Skull","Better Third Choice","BetterRewards","CCEM","Colored Map","Conspire","Downfall","GifTheSpireLib","Googly Eyes","Halation","Hermit","Highlight Path","Hubris","Hunter ??","Jedi Mod","Jorbs\u0027s Wanderer Trilogy","Mad Scientist","Marisa????????","Minty Spire (QoL Compilation)","Permanent Neow","Replay The Spire","Shade Mod","Shop Mod","Spicy Shops","StSLib","Stuff the Spire","The Bug Knight","The Construct","The Necromancer","The Runesmith","The Witch","[IsaacMod]????"],"gold_per_floor":[116,123,134,64,64,14,30,80,80,147,147,168,168,168,168,314,314,381,381],"floor_reached":18,"playtime":942,"items_purged":["Runesmith:Strike_RS"],"score":170,"play_id":"3a5da545-946d-48fc-bb54-6faa40d3800b","local_time":"20201221030627","is_ascension_mode":false,"campfire_choices":[{"floor":11,"key":"RECALL"},{"floor":15,"key":"REST"}],"circlet_count":0,"master_deck":["Runesmith:Strike_RS","Runesmith:Strike_RS","Runesmith:Defend_RS","Runesmith:Defend_RS","Runesmith:Defend_RS","Runesmith:Defend_RS","Runesmith:CraftFirestone","Runesmith:Fortify","Runesmith:Firestorm","Runesmith:ChiselStab+1","Runesmith:LithiumIon","Runesmith:CraftIncendium","Blind+1"],"relics":["Runesmith:BrokenRuby","HushsDoor","NeowsBlessing","SalivaCoin","Gremlin Food","Golden Idol","StuffTheSpire:Gunfinga","CCEMRelics:GrindingGear","hubris:Icosahedron","Replay:Ancient Bell","CCEMRelics:FestiveHat","CCEMRelics:Sandal"],"acts_visited":["Exordium","TheCity"],"potions_floor_usage":[8,12,16],"damage_taken":[{"damage":0,"enemies":"Small Slimes","floor":1,"turns":1},{"damage":0,"enemies":"Cultist","floor":3,"turns":1},{"damage":0,"enemies":"conspire:RoseBush","floor":7,"turns":1},{"damage":12,"enemies":"Lagavulin","floor":8,"turns":6},{"damage":32,"enemies":"HollowMod:MossKnight","floor":10,"turns":7},{"damage":5,"enemies":"Large Slime","floor":12,"turns":4},{"damage":22,"enemies":"Fading Forest","floor":16,"turns":11},{"damage":56,"enemies":"conspire:FuzzyDice","floor":18,"turns":7}],"seed_played":"-2511202716501898528","potions_obtained":[{"floor":3,"key":"hexamod:EctoCoolerPotion"},{"floor":7,"key":"jedi:mysterypotion"},{"floor":8,"key":"PowerPotion"},{"floor":18,"key":"Elixir"}],"is_trial":false,"path_per_floor":["M","?","M","$","?","?","M","E","T","E","R","M","?","?","R","B",null,"M"],"character_chosen":"RUNESMITH_CLASS","items_purchased":["Runesmith:LithiumIon"],"campfire_rested":1,"item_purchase_floors":[4],"current_hp_per_floor":[70,55,55,55,55,55,55,43,43,11,11,6,6,6,25,23,60,4,4],"gold":381,"neow_bonus":"THREE_ENEMY_KILL","is_daily":false,"chose_seed":false,"campfire_upgraded":0,"win_rate":0.0,"timestamp":1608527187,"path_taken":["M","?","M","$","?","?","?","E","T","E","R","M","?","?","R","BOSS","M"],"items_purchased_type":["Card"],"build_version":"2020-12-13","purchased_purges":1,"victory":false,"max_hp_per_floor":[70,70,70,70,65,65,65,65,65,65,65,65,65,65,65,65,60,60,60],"card_choices":[{"not_picked":[],"picked":"ChaosCard","floor":0},{"not_picked":["Bomb","Runesmith:CraftProtectio"],"picked":"Runesmith:Firestorm","floor":1},{"not_picked":["Runesmith:ShiftingStrike","Runesmith:Grindstone"],"picked":"Runesmith:ChiselStab","floor":3},{"not_picked":["Runesmith:BackupBattery","Runesmith:UnstableHammer"],"picked":"Runesmith:CraftIncendium","floor":7},{"not_picked":["Runesmith:HammerThrow","Bomb","Runesmith:CraftProtectio"],"picked":"SKIP","floor":8},{"not_picked":["Runesmith:Duplicate","Runesmith:LightningRod","Runesmith:EnergizedChisel"],"picked":"SKIP","floor":10},{"not_picked":["Runesmith:Terraform","Runesmith:EnergizedChisel","Runesmith:Grindstone"],"picked":"SKIP","floor":12},{"not_picked":["Replay:SS_forest_2+1","Poisoned Strike+1"],"picked":"Blind+1","floor":18}],"player_experience":604076,"relics_obtained":[{"floor":8,"key":"StuffTheSpire:Gunfinga"},{"floor":10,"key":"CCEMRelics:GrindingGear"}],"event_choices":[{"damage_healed":0,"gold_gain":0,"player_choice":"Lose Max HP","damage_taken":0,"relics_obtained":["Golden Idol"],"max_hp_gain":0,"max_hp_loss":5,"event_name":"Golden Idol","floor":5,"gold_loss":0},{"cards_removed":["Runesmith:Strike_RS"],"damage_healed":0,"gold_gain":0,"player_choice":"Card Removal","damage_taken":0,"max_hp_gain":0,"max_hp_loss":0,"event_name":"The Cleric","floor":6,"gold_loss":50}],"is_beta":false,"boss_relics":[{"not_picked":["construct:WeddingRing","ChewingGum"],"picked":"Replay:Ancient Bell"},{"not_picked":["jedi:crownofsimplicity","aspiration:ChemicalBlood"],"picked":"CCEMRelics:FestiveHat"},{"not_picked":["Replay:Ringing Soul","aspiration:HummingbirdHeart"],"picked":"CCEMRelics:Sandal"},{"not_picked":[]}],"items_purged_floors":[17],"is_endless":false,"potions_floor_spawned":[3,7,8,18],"killed_by":"conspire:FuzzyDice","ascension_level":0}}