{"host":"ccz","time":1608560293,"event":{"mods":["Aspiration","BaseMod","Conspire","Minty Spire (QoL Compilation)","Reimu£®≤©¿ˆ¡È√Œ£©","StSLib","°æπ¶ƒ‹Mod°øªÏ„Á÷Æª∑–ﬁ∏¥≤π∂°","ÛÙª÷∏ƒœ"],"gold_per_floor":[118,130,149,74,92,127,183,29,29,40,40,115,133,33,33,33,33],"floor_reached":16,"playtime":608,"items_purged":["Strike_Lin:ReiMu","Strike_Lin:ReiMu"],"score":102,"play_id":"5c1e5287-d5da-4bf1-9f4d-0d9d1b8b5a81","local_time":"20201221221813","is_ascension_mode":false,"campfire_choices":[{"data":"SpringWay:ReiMu","floor":11,"key":"SMITH"},{"data":"AirManeuver:ReiMu","floor":15,"key":"SMITH"}],"circlet_count":0,"master_deck":["Strike_Lin:ReiMu","Strike_Lin:ReiMu","Defend_Lin:ReiMu","Defend_Lin:ReiMu","Defend_Lin:ReiMu","Defend_Lin:ReiMu","NB:ReiMu","Stagnation:ReiMu","Conquer:ReiMu","EmergencyTakeOff:ReiMu","SpreadBorder2:ReiMu","EmergencyTakeOff:ReiMu","SpringWay:ReiMu+1","EmergencyTakeOff:ReiMu","SpreadBorder2:ReiMu","PrepareRite:ReiMu","AirStrike:ReiMu","SafetyPray:ReiMu","AirManeuver:ReiMu+1"],"relics":["FlyPower:ReiMu","NeowsBlessing","Juzu Bracelet","SkyOrb:ReiMu","conspire:TopHat"],"acts_visited":["Exordium"],"potions_floor_usage":[],"damage_taken":[{"damage":0.0,"enemies":"Cultist","floor":1.0,"turns":1.0},{"damage":0.0,"enemies":"2 Louse","floor":2.0,"turns":1.0},{"damage":0.0,"enemies":"Jaw Worm","floor":3.0,"turns":1.0},{"damage":13.0,"enemies":"Exordium Wildlife","floor":5.0,"turns":9.0},{"damage":6.0,"enemies":"Lagavulin","floor":6.0,"turns":10.0},{"damage":2.0,"enemies":"3 Sentries","floor":7.0,"turns":8.0},{"damage":2.0,"enemies":"Blue Slaver","floor":10.0,"turns":5.0},{"damage":0,"enemies":"Red Slaver","floor":13,"turns":4},{"damage":34,"enemies":"Hexaghost","floor":16,"turns":21}],"seed_played":"3045163499541699062","potions_obtained":[{"floor":1.0,"key":"SpeedPotion"},{"floor":3.0,"key":"Swift Potion"},{"floor":5.0,"key":"EntropicBrew"},{"floor":7.0,"key":"Strength Potion"},{"floor":13,"key":"Dexterity Potion"}],"is_trial":false,"path_per_floor":["M","M","M","$","M","E","?","R","T","M","R","?","M","$","R","B"],"character_chosen":"REIMU","items_purchased":["SpreadBorder2:ReiMu","PrepareRite:ReiMu","AirStrike:ReiMu"],"campfire_rested":0,"item_purchase_floors":[8,8,8],"current_hp_per_floor":[65,65,65,65,52,46,44,44,44,42,42,31,31,31,31,0,0],"gold":33,"neow_bonus":"THREE_ENEMY_KILL","is_daily":false,"chose_seed":false,"campfire_upgraded":2,"win_rate":0.0,"timestamp":1608560293,"path_taken":["M","M","M","$","M","E","?","R","T","M","R","?","M","$","R","BOSS"],"items_purchased_type":["Card","Card","Card"],"build_version":"2020-12-18","purchased_purges":2,"victory":false,"max_hp_per_floor":[65,65,65,65,65,65,65,65,65,65,65,65,65,65,65,65,65],"card_choices":[{"not_picked":["SealNeedle:ReiMu","SafetyPray:ReiMu"],"picked":"Conquer:ReiMu","floor":1.0},{"not_picked":["OctopathBindingBorder2:ReiMu","SpiritualOutbreak2:ReiMu"],"picked":"EmergencyTakeOff:ReiMu","floor":2.0},{"not_picked":["SubcavityInstant:ReiMu","LovePray:ReiMu"],"picked":"SpreadBorder2:ReiMu","floor":3.0},{"not_picked":["OrbThrow:ReiMu","LearningPray:ReiMu"],"picked":"EmergencyTakeOff:ReiMu","floor":5.0},{"not_picked":["UpKicking:ReiMu","Intuition:ReiMu"],"picked":"SpringWay:ReiMu","floor":6.0},{"not_picked":["Intuition:ReiMu","ShadowOfCrow2:ReiMu"],"picked":"EmergencyTakeOff:ReiMu","floor":7.0},{"not_picked":["Shading:ReiMu","AlertArray:ReiMu"],"picked":"SafetyPray:ReiMu","floor":10.0},{"not_picked":["Conquer:ReiMu","Enchanting:ReiMu"],"picked":"AirManeuver:ReiMu","floor":13}],"player_experience":99985,"relics_obtained":[{"floor":6.0,"key":"Juzu Bracelet"},{"floor":9.0,"key":"conspire:TopHat"}],"event_choices":[{"damage_healed":0.0,"max_hp_gain":0.0,"max_hp_loss":0.0,"gold_gain":0.0,"event_name":"Dead Adventurer","player_choice":"Searched \u00272\u0027 times","floor":7.0,"gold_loss":0.0,"damage_taken":0.0,"relics_obtained":["SkyOrb:ReiMu"]},{"damage_healed":0,"gold_gain":75,"player_choice":"Gather Gold","damage_taken":11,"max_hp_gain":0,"max_hp_loss":0,"event_name":"World of Goop","floor":12,"gold_loss":0}],"is_beta":true,"boss_relics":[],"items_purged_floors":[4,14],"is_endless":false,"potions_floor_spawned":[1,3,5,7,13],"killed_by":"Hexaghost","ascension_level":0}}