{"host":"sabve5zmqufxyc5o","time":1608534244,"event":{"mods":["2.2 Compatiblity","AchievementEnabler","Act Like it!","BaseMod","Block Reminder","Colored Map","Colored Powertips","DeckTracker","KOR Keyword Fix","Keyboard Shortcuts","Minty Spire (QoL Compilation)","Quick Restart","Rare Cards Sparkle","Relic Stats","StSLib","SuperFastMode"],"gold_per_floor":[116,132,150,150,162,196,196,35,35,48,63,63,95,108,108,187,187,157,157],"floor_reached":18,"playtime":333,"items_purged":["Strike_B"],"score":352,"play_id":"fd463916-3993-4801-95d1-2116a2e36d3e","local_time":"20201221160404","is_ascension_mode":true,"campfire_choices":[{"floor":7,"key":"REST"},{"floor":12,"key":"REST"},{"floor":15,"key":"REST"}],"circlet_count":0,"master_deck":["AscendersBane","Strike_B","Strike_B","Strike_B","Defend_B","Defend_B","Defend_B","Defend_B","Zap","Dualcast","Coolheaded+1","Compile Driver","Ball Lightning","Streamline","Blizzard","FTL","Electrodynamics"],"relics":["Cracked Core","Art of War","Oddly Smooth Stone","HornCleat"],"acts_visited":["Exordium","TheCity"],"potions_floor_usage":[6,16,16],"damage_taken":[{"damage":1,"enemies":"Cultist","floor":1,"turns":3},{"damage":2,"enemies":"2 Louse","floor":2,"turns":2},{"damage":7,"enemies":"Jaw Worm","floor":3,"turns":4},{"damage":7,"enemies":"Blue Slaver","floor":5,"turns":4},{"damage":32,"enemies":"Gremlin Nob","floor":6,"turns":4},{"damage":1,"enemies":"3 Louse","floor":10,"turns":3},{"damage":22,"enemies":"Exordium Thugs","floor":11,"turns":5},{"damage":34,"enemies":"3 Sentries","floor":13,"turns":6},{"damage":5,"enemies":"Looter","floor":14,"turns":2},{"damage":24,"enemies":"The Guardian","floor":16,"turns":9},{"damage":26,"enemies":"2 Thieves","floor":18,"turns":4}],"seed_played":"-7654141893253115516","potions_obtained":[{"floor":1,"key":"DuplicationPotion"},{"floor":6,"key":"PotionOfCapacity"},{"floor":11,"key":"Ancient Potion"},{"floor":13,"key":"FocusPotion"},{"floor":16,"key":"FairyPotion"}],"is_trial":false,"path_per_floor":["M","M","M","?","M","E","R","$","T","M","M","R","E","M","R","B",null,"M"],"character_chosen":"DEFECT","items_purchased":["Blizzard"],"campfire_rested":3,"item_purchase_floors":[8],"current_hp_per_floor":[70,68,61,61,54,22,45,45,45,44,22,45,11,6,29,5,60,34,34],"gold":157,"neow_bonus":"TEN_PERCENT_HP_BONUS","is_daily":false,"chose_seed":false,"campfire_upgraded":0,"win_rate":0.0,"timestamp":1608534244,"path_taken":["M","?","M","?","M","E","R","$","T","M","?","R","E","M","R","BOSS","M"],"items_purchased_type":["Card"],"build_version":"2020-12-13","purchased_purges":1,"victory":false,"max_hp_per_floor":[78,78,78,78,78,78,78,78,78,78,78,78,78,78,78,78,78,78,78],"relic_stats":{"counters":[11,46],"Art of War":[4],"obtain_stats":[{"HornCleat":13,"Oddly Smooth Stone":9,"Art of War":6,"Cracked Core":0},{"HornCleat":8,"Oddly Smooth Stone":5,"Art of War":5,"Cracked Core":0},{"HornCleat":31,"Oddly Smooth Stone":17,"Art of War":17,"Cracked Core":0}]},"card_choices":[{"not_picked":["Darkness","Go for the Eyes"],"picked":"Coolheaded","floor":1},{"not_picked":["Gash","Stack"],"picked":"Compile Driver","floor":2},{"not_picked":["Steam","Reinforced Body"],"picked":"Ball Lightning","floor":3},{"not_picked":["Redo","Auto Shields"],"picked":"Streamline","floor":5},{"not_picked":["Rebound","Hologram","Beam Cell"],"picked":"SKIP","floor":6},{"not_picked":["Gash","Force Field"],"picked":"FTL","floor":10},{"not_picked":["Hello World","Stack","Reinforced Body"],"picked":"SKIP","floor":11},{"not_picked":["Consume","Stack","Scrape"],"picked":"SKIP","floor":13},{"not_picked":["Rebound","Streamline","Compile Driver"],"picked":"SKIP","floor":14},{"not_picked":["Meteor Strike","Creative AI"],"picked":"Electrodynamics","floor":16}],"player_experience":794637,"relics_obtained":[{"floor":6,"key":"Art of War"},{"floor":9,"key":"Oddly Smooth Stone"},{"floor":13,"key":"HornCleat"}],"event_choices":[{"damage_healed":0,"gold_gain":0,"player_choice":"Forge","damage_taken":0,"max_hp_gain":0,"max_hp_loss":0,"event_name":"Accursed Blacksmith","floor":4,"gold_loss":0,"cards_upgraded":["Coolheaded"]}],"is_beta":false,"boss_relics":[{"not_picked":["Coffee Dripper","Fusion Hammer","Busted Crown"]}],"items_purged_floors":[8],"is_endless":false,"potions_floor_spawned":[1,6,11,13,16],"killed_by":"2 Thieves","ascension_level":20}}