{"host":"6yklbc9za0aylqsj","time":1608574505,"event":{"mods":["AchievementEnabler","BaseMod","Bestiary","Colored Map","Colored Powertips","Minty Spire (QoL Compilation)","Rare Cards Sparkle","Relic Stats","Slay-I","StSLib"],"gold_per_floor":[112,92,110,129,144,144,144,144],"floor_reached":7,"playtime":260,"items_purged":[],"score":86,"play_id":"437ee0de-8c04-4599-b326-91c7ddfee96d","local_time":"20201221191505","is_ascension_mode":true,"campfire_choices":[{"data":"After Image","floor":6,"key":"SMITH"}],"circlet_count":0,"master_deck":["AscendersBane","Strike_G","Strike_G","Strike_G","Strike_G","Strike_G","Defend_G","Defend_G","Defend_G","Defend_G","Defend_G","Survivor","Neutralize","After Image+1","Poisoned Stab","Backflip"],"relics":["Ring of the Snake"],"acts_visited":["Exordium"],"potions_floor_usage":[7,7],"damage_taken":[{"damage":0,"enemies":"2 Louse","floor":1,"turns":6},{"damage":0,"enemies":"Cultist","floor":3,"turns":4},{"damage":2,"enemies":"Jaw Worm","floor":4,"turns":5},{"damage":10,"enemies":"3 Louse","floor":5,"turns":5},{"damage":59,"enemies":"Lagavulin","floor":7,"turns":9}],"seed_played":"5827005107454543162","potions_obtained":[{"floor":2,"key":"Regen Potion"},{"floor":3,"key":"Poison Potion"},{"floor":4,"key":"DuplicationPotion"}],"is_trial":false,"path_per_floor":["M","?","M","M","M","R","E"],"character_chosen":"THE_SILENT","items_purchased":[],"campfire_rested":0,"item_purchase_floors":[],"current_hp_per_floor":[44,44,44,42,32,32,0,0],"gold":144,"neow_bonus":"THREE_RARE_CARDS","is_daily":false,"chose_seed":false,"campfire_upgraded":1,"win_rate":0.0,"timestamp":1608574505,"path_taken":["M","?","M","M","M","R","E"],"items_purchased_type":[],"build_version":"2020-12-13","purchased_purges":0,"victory":false,"max_hp_per_floor":[66,66,66,66,66,66,66,66],"relic_stats":{"counters":[5,29],"obtain_stats":[{"Ring of the Snake":0},{"Ring of the Snake":0},{"Ring of the Snake":0}],"Ring of the Snake":[10]},"card_choices":[{"not_picked":["Grand Finale","Doppelganger"],"picked":"After Image","floor":0},{"not_picked":["Quick Slash","Choke","Skewer"],"picked":"SKIP","floor":1},{"not_picked":["Bouncing Flask","Prepared","Dagger Throw"],"picked":"SKIP","floor":3},{"not_picked":["Infinite Blades","Slice"],"picked":"Poisoned Stab","floor":4},{"not_picked":["Grand Finale","Dodge and Roll"],"picked":"Backflip","floor":5}],"player_experience":677217,"relics_obtained":[],"event_choices":[{"damage_healed":0,"gold_gain":0,"player_choice":"Bought 1 Potion","damage_taken":0,"max_hp_gain":0,"max_hp_loss":0,"event_name":"The Woman in Blue","floor":2,"gold_loss":0}],"is_beta":false,"boss_relics":[],"items_purged_floors":[],"is_endless":false,"potions_floor_spawned":[3,4],"killed_by":"Lagavulin","ascension_level":20}}