{"host":"gno7vgl3p6u1gqsg","time":1608523556,"event":{"mods":["Act Like it!","BaseMod","Gensokyo","Marisa（霧雨　魔理沙）","Minty Spire (QoL Compilation)","Rare Cards Sparkle","RatMod","Reimu（博??梦）","StSLib","The Servant 0.9.4","everything is the same but u backflip on backflip"],"gold_per_floor":[109,126,146,164,190,190,249,249,249,249,300,363,323,288,288,422,422,476,476,53,105,55,142,230,230,230],"floor_reached":25,"playtime":2552,"items_purged":["Strike_MRS"],"score":233,"play_id":"034d7ce8-eb8d-4c1a-a0d0-61e7d394c7d9","local_time":"20201220200556","is_ascension_mode":false,"campfire_choices":[{"data":"MilkyWay","floor":6.0,"key":"SMITH"},{"data":"CasketOfStar","floor":8.0,"key":"SMITH"},{"data":"WitchOfGreed","floor":10.0,"key":"SMITH"},{"floor":15.0,"key":"REST"}],"circlet_count":0,"master_deck":["Strike_MRS","Strike_MRS","Strike_MRS","Defend_MRS","Defend_MRS","Defend_MRS","Defend_MRS","MasterSpark","UpSweep","MilkyWay+1","DC","6A","WitchOfGreed+1","SporeBomb","CasketOfStar+1","GalacticHalo","NonDirectionalLaser","UltimateShortwave","Robbery","EventHorizon+1","ChargingUp","MagicAbsorber","GrandCross+1"],"relics":["MiniHakkero","CeramicFish","Darkstone Periapt","rat:KircheisShard","PaintedHorse:ReiMu","Cursed Key","Frozen Egg 2","Turnip"],"acts_visited":["Exordium","TheCity"],"potions_floor_usage":[24,25,25,25,25,25,25],"damage_taken":[{"damage":0.0,"enemies":"Cultist","floor":1.0,"turns":4.0},{"damage":0.0,"enemies":"2 Louse","floor":2.0,"turns":3.0},{"damage":6.0,"enemies":"Jaw Worm","floor":3.0,"turns":3.0},{"damage":4.0,"enemies":"Blue Slaver","floor":4.0,"turns":3.0},{"damage":5.0,"enemies":"Large Slime","floor":5.0,"turns":5.0},{"damage":1.0,"enemies":"Lagavulin","floor":7.0,"turns":4.0},{"damage":25.0,"enemies":"Gremlin Gang","floor":11.0,"turns":6.0},{"damage":20.0,"enemies":"3 Sentries","floor":12.0,"turns":7.0},{"damage":22.0,"enemies":"The Guardian","floor":16.0,"turns":9.0},{"damage":19.0,"enemies":"2 Thieves","floor":18.0,"turns":4.0},{"damage":5.0,"enemies":"Spheric Guardian","floor":21.0,"turns":3.0},{"damage":30.0,"enemies":"Gremlin Leader","floor":23.0,"turns":8.0},{"damage":11,"enemies":"Centurion and Healer","floor":24,"turns":5},{"damage":12,"enemies":"Book of Stabbing","floor":25,"turns":2}],"seed_played":"3283364255728375174","potions_obtained":[{"floor":1.0,"key":"SpeedPotion"},{"floor":4.0,"key":"Fire Potion"},{"floor":5.0,"key":"AttackPotion"},{"floor":5.0,"key":"DistilledChaos"},{"floor":7.0,"key":"Dexterity Potion"},{"floor":11.0,"key":"Swift Potion"},{"floor":12.0,"key":"Energy Potion"},{"floor":16.0,"key":"ZuzhouPotion:ReiMu"},{"floor":18.0,"key":"Weak Potion"},{"floor":18.0,"key":"ShroomBrew"},{"floor":21.0,"key":"Ancient Potion"},{"floor":23.0,"key":"SteroidPotion"},{"floor":23.0,"key":"EntropicBrew"},{"floor":24,"key":"Swift Potion"}],"is_trial":true,"path_per_floor":["M","M","M","M","M","R","E","R","T","R","M","E","?","?","R","B",null,"M","?","$","M","?","E","M","E"],"character_chosen":"MARISA","items_purchased":["Frozen Egg 2","EventHorizon+1","ChargingUp"],"campfire_rested":1,"item_purchase_floors":[20,20,20],"current_hp_per_floor":[75,75,69,65,60,60,59,59,59,59,34,14,14,32,54,32,75,56,56,56,51,51,21,10,0,0],"gold":230,"neow_bonus":"","is_daily":false,"chose_seed":false,"campfire_upgraded":3,"win_rate":0.0,"timestamp":1608523556,"path_taken":["M","?","M","M","M","R","E","R","T","R","M","E","?","?","R","BOSS","M","?","$","M","?","E","M","E"],"items_purchased_type":["Relic","Card","Card"],"build_version":"2020-12-13","purchased_purges":1,"victory":false,"max_hp_per_floor":[75,75,75,75,75,75,75,75,75,75,75,75,75,75,75,75,75,75,75,75,75,75,75,75,75,75],"card_choices":[{"not_picked":["DragonMeteor","EnergyRecoil"],"picked":"MilkyWay","floor":1.0},{"not_picked":["MeteoricShower","AsteroidBelt"],"picked":"DC","floor":2.0},{"not_picked":["DC","SuperPerseids"],"picked":"6A","floor":3.0},{"not_picked":["NonDirectionalLaser","ShootingEcho"],"picked":"WitchOfGreed","floor":4.0},{"not_picked":["GalacticHalo","AlicesGift"],"picked":"SporeBomb","floor":5.0},{"not_picked":["ShootTheMoon","ChargingUp"],"picked":"CasketOfStar","floor":7.0},{"not_picked":["GrandCross","SuperPerseids"],"picked":"GalacticHalo","floor":11.0},{"not_picked":["GrandCross","WitchOfGreed"],"picked":"NonDirectionalLaser","floor":12.0},{"not_picked":["MillisecondPulsars","SuperNova"],"picked":"UltimateShortwave","floor":16.0},{"not_picked":["EarthLightRay","OpenUniverse+1"],"picked":"Robbery","floor":18.0},{"not_picked":["SporeBomb","MilkyWay"],"picked":"MagicAbsorber","floor":21.0},{"not_picked":["WitchOfGreed+1","UnstableBomb+1"],"picked":"GrandCross+1","floor":23.0},{"not_picked":["DoubleSpark","NonDirectionalLaser","GrandCross"],"picked":"SKIP","floor":24}],"player_experience":445309,"relics_obtained":[{"floor":7.0,"key":"CeramicFish"},{"floor":9.0,"key":"Darkstone Periapt"},{"floor":12.0,"key":"rat:KircheisShard"},{"floor":23.0,"key":"Turnip"}],"event_choices":[{"damage_healed":0.0,"max_hp_gain":0.0,"max_hp_loss":0.0,"gold_gain":0.0,"event_name":"yidonshenshe","player_choice":"Donate","floor":13.0,"gold_loss":40.0,"damage_taken":0.0,"relics_obtained":["PaintedHorse:ReiMu"]},{"damage_healed":18.0,"max_hp_gain":0.0,"max_hp_loss":0.0,"gold_gain":0.0,"event_name":"The Cleric","player_choice":"Healed","floor":14.0,"gold_loss":35.0,"damage_taken":0.0},{"damage_healed":0.0,"max_hp_gain":0.0,"max_hp_loss":0.0,"gold_gain":0.0,"event_name":"Ghosts","player_choice":"Ignored","floor":19.0,"gold_loss":0.0,"damage_taken":0.0},{"damage_healed":0.0,"max_hp_gain":0.0,"max_hp_loss":0.0,"gold_gain":0.0,"event_name":"The Joust","player_choice":"Bet on Murderer","floor":22.0,"gold_loss":50.0,"damage_taken":0.0}],"is_beta":false,"boss_relics":[{"not_picked":["Busted Crown","Philosopher\u0027s Stone"],"picked":"Cursed Key"}],"items_purged_floors":[20],"is_endless":true,"potions_floor_spawned":[1,4,5,11,12,18,23,24],"killed_by":"Book of Stabbing","ascension_level":0}}