{"host":"94qggqh0xz0sp6ai","time":1608523523,"event":{"mods":["Abigail Mod","Act Like it!","BaseMod","CapriCore","Downfall","Friendly Minions","Gensokyo","Hermit","Jorbs\u0027s Wanderer Trilogy","Koishi","Marisa（霧雨　魔理沙）","Minty Spire (QoL Compilation)","Permanent Neow","Reimu（博??梦）","StSLib","The Alterego","The Construct","The Cursed","The Hierophant","The Immortal","The Senshi","The Servant 0.9.4","TheBandit","Waifu the Spire"],"gold_per_floor":[117,67,87,98,35,35,67,67,67,80,100,100,119,119,119],"floor_reached":14,"playtime":494,"items_purged":[],"score":156,"play_id":"afc4ff29-2f32-40ee-8f65-c04d7daf1052","local_time":"20201220220523","is_ascension_mode":true,"campfire_choices":[{"data":"Koishi:SubterraneanRose","floor":6,"key":"SMITH"},{"floor":8,"key":"REST"},{"data":"Koishi:MassHysteria","floor":12,"key":"SMITH"}],"circlet_count":0,"master_deck":["AscendersBane","Koishi:BasicStrike","Koishi:BasicStrike","Koishi:BasicStrike","Koishi:BasicDefend","Koishi:BasicDefend","Koishi:BasicDefend","Koishi:BasicDefend","Koishi:Provoke","Koishi:HauntingSlash","Koishi:YoukaiPolygraph","Koishi:SubterraneanRose+1","Koishi:UnconsciousUrges","Koishi:SubterraneanRose","Koishi:VengefulSpirit","Koishi:SubconsciousSweep","Koishi:MassHysteria+1","Koishi:SubterraneanRose"],"relics":["Koishi:ImaginaryFriend","Question Card","Regal Pillow","Dream Catcher"],"acts_visited":["Exordium"],"potions_floor_usage":[7,11,14],"damage_taken":[{"damage":2,"enemies":"Jaw Worm","floor":1,"turns":5},{"damage":0,"enemies":"2 Louse","floor":3,"turns":5},{"damage":5,"enemies":"Cultist","floor":4,"turns":5},{"damage":31,"enemies":"3 Sentries","floor":7,"turns":20},{"damage":5,"enemies":"Looter","floor":10,"turns":5},{"damage":22,"enemies":"Gremlin Gang","floor":11,"turns":4},{"damage":8,"enemies":"Blue Slaver","floor":13,"turns":4},{"damage":24,"enemies":"Gremlin Nob","floor":14,"turns":3}],"seed_played":"6829136474515933807","potions_obtained":[{"floor":4,"key":"Block Potion"},{"floor":10,"key":"SpeedPotion"},{"floor":11,"key":"FearPotion"}],"is_trial":false,"path_per_floor":["M","?","M","M","?","R","E","R","T","M","M","R","M","E"],"character_chosen":"KOISHI","items_purchased":[],"campfire_rested":1,"item_purchase_floors":[],"current_hp_per_floor":[52,52,53,49,49,49,20,52,52,48,26,26,19,0,0],"gold":119,"neow_bonus":"THREE_CARDS","is_daily":false,"chose_seed":false,"campfire_upgraded":2,"win_rate":0.0,"timestamp":1608523523,"path_taken":["M","?","M","M","?","R","E","R","T","M","?","R","M","E"],"items_purchased_type":[],"build_version":"2020-12-13","purchased_purges":0,"victory":false,"max_hp_per_floor":[57,57,57,57,57,57,57,57,57,57,57,57,57,57,57],"card_choices":[{"not_picked":["Koishi:Jaunt","Koishi:HeartfeltFancy"],"picked":"Koishi:YoukaiPolygraph","floor":0},{"not_picked":["Koishi:BloodcurdlingScream","Koishi:Catatonia"],"picked":"Koishi:SubterraneanRose","floor":1},{"not_picked":["Koishi:Jaunt","Koishi:BloodcurdlingScream"],"picked":"Koishi:UnconsciousUrges","floor":3},{"not_picked":["Koishi:Jaunt","Koishi:PhantomStrike"],"picked":"Koishi:SubterraneanRose","floor":4},{"not_picked":["Koishi:FleetingPhantom","Koishi:SpiritedAway","Koishi:PhantomStrike"],"picked":"Koishi:VengefulSpirit","floor":7},{"not_picked":["Koishi:PredatoryInstincts","Koishi:UnconsciousUprising","Koishi:ReflexRadar"],"picked":"Koishi:SubconsciousSweep","floor":10},{"not_picked":["Koishi:TraumaticStroke","Koishi:FourthEye","Koishi:SubterraneanRose"],"picked":"Koishi:MassHysteria","floor":11},{"not_picked":["Koishi:FleetingPhantom","Koishi:TremblingHands","Koishi:PhilosophyOfTheDespised"],"picked":"Koishi:SubterraneanRose","floor":13}],"player_experience":1395862,"relics_obtained":[{"floor":7,"key":"Regal Pillow"},{"floor":9,"key":"Dream Catcher"}],"event_choices":[{"cards_removed":["Koishi:BasicStrike"],"damage_healed":0,"gold_gain":0,"player_choice":"Card Removal","damage_taken":0,"max_hp_gain":0,"max_hp_loss":0,"event_name":"The Cleric","floor":2,"gold_loss":50},{"damage_healed":0,"gold_gain":0,"player_choice":"Paid Gold","damage_taken":0,"relics_obtained":["Question Card"],"max_hp_gain":0,"max_hp_loss":0,"event_name":"WeMeetAgain","floor":5,"gold_loss":63}],"is_beta":false,"boss_relics":[],"items_purged_floors":[],"is_endless":false,"potions_floor_spawned":[4,10,11],"killed_by":"Gremlin Nob","ascension_level":14}}