{"host":"3jjxuhjpio8e4zkv","time":1608580744,"event":{"mods":["BaseMod","Colored Map","Minty Spire (QoL Compilation)","Permanent Neow","Relic Stats","StSLib"],"gold_per_floor":[115,135,2,18,32,32,59,59,109,139,156,156,219,253,253,327,327,340,340,357,372,100,135,135,160,160,195,245,245,262,279,279,279,279],"floor_reached":33,"playtime":1957,"items_purged":["Strike_G","Strike_G"],"score":750,"play_id":"3459c48d-4902-49dc-a0a2-863933ff1073","local_time":"20201221145904","is_ascension_mode":true,"campfire_choices":[{"data":"Predator","floor":6,"key":"SMITH"},{"data":"Crippling Poison","floor":8,"key":"SMITH"},{"data":"Blade Dance","floor":12,"key":"SMITH"},{"data":"Accuracy","floor":15,"key":"SMITH"},{"data":"Venomology","floor":24,"key":"SMITH"},{"floor":29,"key":"REST"},{"data":"Accuracy","floor":32,"key":"SMITH"}],"circlet_count":0,"master_deck":["AscendersBane","Strike_G+1","Strike_G+1","Strike_G","Defend_G","Defend_G","Defend_G","Defend_G","Defend_G","Survivor","Neutralize","Parasite","Blade Dance+1","Poisoned Stab","Backflip","Predator+1","Crippling Poison+1","PiercingWail","Leg Sweep","Accuracy+1","Corpse Explosion","Well Laid Plans","Venomology+1","Accuracy+1"],"relics":["Ring of the Serpent","Meat on the Bone","Blood Vial","Bag of Preparation","StoneCalendar","Whetstone","Omamori","Centennial Puzzle","Unceasing Top","Mummified Hand","Tingsha"],"acts_visited":["Exordium","TheCity"],"potions_floor_usage":[7,13,16,23,25,25,27,27,27,27,27,30,33,33,33],"damage_taken":[{"damage":2,"enemies":"Cultist","floor":1,"turns":5},{"damage":0,"enemies":"Small Slimes","floor":2,"turns":4},{"damage":0,"enemies":"2 Louse","floor":4,"turns":3},{"damage":1,"enemies":"Looter","floor":5,"turns":3},{"damage":2,"enemies":"3 Sentries","floor":7,"turns":2},{"damage":45,"enemies":"Gremlin Nob","floor":10,"turns":5},{"damage":1,"enemies":"2 Fungi Beasts","floor":11,"turns":3},{"damage":19,"enemies":"3 Sentries","floor":13,"turns":6},{"damage":20,"enemies":"Lagavulin","floor":14,"turns":7},{"damage":14,"enemies":"Hexaghost","floor":16,"turns":9},{"damage":4,"enemies":"Chosen","floor":18,"turns":5},{"damage":0,"enemies":"3 Byrds","floor":20,"turns":3},{"damage":10,"enemies":"Centurion and Healer","floor":21,"turns":6},{"damage":0,"enemies":"Gremlin Leader","floor":23,"turns":6},{"damage":45,"enemies":"Slavers","floor":25,"turns":5},{"damage":20,"enemies":"Gremlin Leader","floor":27,"turns":7},{"damage":18,"enemies":"3 Cultists","floor":30,"turns":6},{"damage":0,"enemies":"Snecko","floor":31,"turns":4},{"damage":52,"enemies":"Champ","floor":33,"turns":11}],"seed_played":"-6527118494261916410","potions_obtained":[{"floor":1,"key":"SkillPotion"},{"floor":7,"key":"SmokeBomb"},{"floor":10,"key":"BlessingOfTheForge"},{"floor":13,"key":"SkillPotion"},{"floor":14,"key":"PowerPotion"},{"floor":20,"key":"Strength Potion"},{"floor":21,"key":"Explosive Potion"},{"floor":25,"key":"Fire Potion"},{"floor":31,"key":"ColorlessPotion"}],"is_trial":false,"path_per_floor":["M","M","$","M","M","R","E","R","T","E","M","R","?","E","R","B",null,"M","?","M","M","$","E","R","E","T","E","?","R","M","M","R","B"],"character_chosen":"THE_SILENT","items_purchased":["Backflip","Omamori"],"campfire_rested":1,"item_purchase_floors":[3,22],"current_hp_per_floor":[69,69,69,69,68,68,66,66,66,35,48,48,43,37,37,37,68,66,66,68,60,60,62,62,31,31,25,25,48,44,46,46,0,0],"gold":279,"neow_bonus":"TWENTY_PERCENT_HP_BONUS","is_daily":false,"chose_seed":false,"campfire_upgraded":6,"win_rate":0.0,"timestamp":1608580744,"path_taken":["M","?","?","M","M","R","E","R","T","E","M","R","?","E","R","BOSS","M","?","M","M","$","E","R","E","T","E","?","R","M","M","R","BOSS"],"items_purchased_type":["Card","Relic"],"build_version":"2020-12-13","purchased_purges":2,"victory":false,"max_hp_per_floor":[78,78,78,78,78,78,78,78,78,78,78,78,78,78,78,78,78,78,78,78,78,78,78,78,78,78,78,78,78,78,78,78,78,78],"relic_stats":{"Blood Vial":28,"Centennial Puzzle":[12],"counters":[19,100],"Mummified Hand":[14],"StoneCalendar":[92],"Tingsha":[9],"Bag of Preparation":[26],"Whetstone":["Strike_G","Strike_G"],"obtain_stats":[{"Blood Vial":9,"Centennial Puzzle":23,"Mummified Hand":26,"StoneCalendar":13,"Tingsha":27,"Bag of Preparation":10,"Omamori":22,"Whetstone":14,"Ring of the Serpent":17,"Unceasing Top":25,"Ring of the Snake":0,"Meat on the Bone":7},{"Blood Vial":5,"Centennial Puzzle":14,"Mummified Hand":15,"StoneCalendar":8,"Tingsha":16,"Bag of Preparation":6,"Omamori":13,"Whetstone":9,"Ring of the Serpent":10,"Unceasing Top":15,"Ring of the Snake":0,"Meat on the Bone":5},{"Blood Vial":17,"Centennial Puzzle":67,"Mummified Hand":72,"StoneCalendar":31,"Tingsha":79,"Bag of Preparation":22,"Omamori":61,"Whetstone":38,"Ring of the Serpent":47,"Unceasing Top":72,"Ring of the Snake":0,"Meat on the Bone":17}],"Unceasing Top":[1],"Meat on the Bone":96},"card_choices":[{"not_picked":["Dodge and Roll","Prepared"],"picked":"Blade Dance","floor":1},{"not_picked":["Dodge and Roll","Bane"],"picked":"Poisoned Stab","floor":2},{"not_picked":["Cloak And Dagger","Sucker Punch","Catalyst"],"picked":"SKIP","floor":4},{"not_picked":["Blade Dance","PiercingWail"],"picked":"Predator","floor":5},{"not_picked":["Bullet Time","Dagger Spray"],"picked":"Crippling Poison","floor":7},{"not_picked":["Flying Knee","Dodge and Roll"],"picked":"PiercingWail","floor":10},{"not_picked":["Blade Dance","Choke","Cloak And Dagger"],"picked":"SKIP","floor":11},{"not_picked":["Deflect","Predator"],"picked":"Leg Sweep","floor":13},{"not_picked":["Distraction","Terror"],"picked":"Accuracy","floor":14},{"not_picked":["Adrenaline","Doppelganger"],"picked":"Corpse Explosion","floor":16},{"not_picked":["Bane","Masterful Stab"],"picked":"Well Laid Plans","floor":18},{"not_picked":["Underhanded Strike","Distraction","Deadly Poison+1"],"picked":"SKIP","floor":20},{"not_picked":["Blade Dance","Endless Agony","Quick Slash"],"picked":"SKIP","floor":21},{"not_picked":["Slice","Outmaneuver"],"picked":"Venomology","floor":23},{"not_picked":["Accuracy","Dodge and Roll","Deflect"],"picked":"SKIP","floor":25},{"not_picked":["Masterful Stab","Acrobatics"],"picked":"Accuracy","floor":27},{"not_picked":["Bouncing Flask+1","Blur","Backflip"],"picked":"SKIP","floor":30},{"not_picked":["Bane+1","Bouncing Flask","Flying Knee"],"picked":"SKIP","floor":31}],"player_experience":1073237,"relics_obtained":[{"floor":7,"key":"Meat on the Bone"},{"floor":9,"key":"Blood Vial"},{"floor":10,"key":"Bag of Preparation"},{"floor":13,"key":"StoneCalendar"},{"floor":14,"key":"Whetstone"},{"floor":23,"key":"Centennial Puzzle"},{"floor":25,"key":"Unceasing Top"},{"floor":26,"key":"Mummified Hand"},{"floor":27,"key":"Tingsha"}],"event_choices":[{"damage_healed":0,"gold_gain":30,"player_choice":"Searched \u00272\u0027 times","damage_taken":0,"max_hp_gain":0,"max_hp_loss":0,"event_name":"Dead Adventurer","floor":13,"gold_loss":0},{"damage_healed":0,"gold_gain":0,"player_choice":"Ignored","damage_taken":0,"max_hp_gain":0,"max_hp_loss":0,"event_name":"Cursed Tome","floor":19,"gold_loss":0},{"damage_healed":0,"gold_gain":50,"player_choice":"Stole From Cult","damage_taken":0,"max_hp_gain":0,"max_hp_loss":0,"event_name":"Nest","floor":28,"gold_loss":0}],"is_beta":false,"boss_relics":[{"not_picked":["SlaversCollar","Tiny House"],"picked":"Ring of the Serpent"}],"items_purged_floors":[3,22],"is_endless":false,"potions_floor_spawned":[1,7,10,13,14,20,21,25,31],"killed_by":"Champ","ascension_level":20}}