{"host":"rolltorest","time":1608515645,"event":{"mods":["BaseMod","Minty Spire (QoL Compilation)","StSLib"],"gold_per_floor":[119,89,109,121,121,121,154,172,172,172,204,204,33,49,49,122,122,142,17,292,28,42,42,42],"floor_reached":23,"playtime":547,"items_purged":["Regret"],"score":548,"play_id":"e25e7165-e091-4407-ba22-d88f62ac7e72","local_time":"20201220175405","is_ascension_mode":true,"campfire_choices":[{"data":"Streamline","floor":6,"key":"SMITH"},{"data":"Hologram","floor":10,"key":"SMITH"},{"data":"Dualcast","floor":12,"key":"SMITH"},{"data":"Sweeping Beam","floor":15,"key":"SMITH"}],"circlet_count":0,"master_deck":["AscendersBane","Strike_B","Strike_B","Strike_B","Strike_B","Defend_B","Defend_B","Defend_B","Defend_B","Zap","Dualcast+1","Hologram+1","Streamline+1","Cold Snap","Cold Snap","Skim","Echo Form","Sweeping Beam+1","All For One","CurseOfTheBell","Hologram","Defragment","Consume","Genetic Algorithm","Defragment","Skim"],"relics":["Philosopher\u0027s Stone","FossilizedHelix","Cables","HornCleat","Ginger","Runic Capacitor","Calling Bell","Smiling Mask","Symbiotic Virus","Peace Pipe"],"acts_visited":["Exordium","TheCity"],"potions_floor_usage":[7,11,18,22,23],"damage_taken":[{"damage":6,"enemies":"2 Louse","floor":1,"turns":4},{"damage":0,"enemies":"Cultist","floor":3,"turns":4},{"damage":8,"enemies":"Small Slimes","floor":4,"turns":4},{"damage":18,"enemies":"Gremlin Nob","floor":7,"turns":4},{"damage":0,"enemies":"Blue Slaver","floor":8,"turns":3},{"damage":0,"enemies":"Lagavulin","floor":11,"turns":4},{"damage":0,"enemies":"3 Louse","floor":14,"turns":3},{"damage":0,"enemies":"The Guardian","floor":16,"turns":9},{"damage":0,"enemies":"2 Thieves","floor":18,"turns":3},{"damage":16,"enemies":"3 Byrds","floor":22,"turns":3},{"damage":27,"enemies":"Slavers","floor":23,"turns":3}],"seed_played":"4252588671391235466","potions_obtained":[{"floor":2,"key":"Weak Potion"},{"floor":2,"key":"EssenceOfDarkness"},{"floor":11,"key":"Fire Potion"},{"floor":14,"key":"PotionOfCapacity"},{"floor":16,"key":"EssenceOfDarkness"},{"floor":18,"key":"EssenceOfDarkness"}],"is_trial":false,"path_per_floor":["M","?","M","M","T","R","E","M","T","R","E","R","$","M","R","B",null,"M","$","?","$","M","E"],"character_chosen":"DEFECT","items_purchased":["Runic Capacitor","Defragment","Consume","Genetic Algorithm","Defragment","Skim"],"campfire_rested":0,"item_purchase_floors":[13,19,19,21,21,21],"current_hp_per_floor":[58,58,58,50,50,50,32,32,32,32,32,32,32,32,32,32,61,61,61,61,61,45,18,18],"gold":42,"neow_bonus":"BOSS_RELIC","is_daily":false,"chose_seed":false,"campfire_upgraded":4,"win_rate":0.0,"timestamp":1608515645,"path_taken":["M","?","M","?","?","R","E","M","T","R","E","R","$","?","R","BOSS","M","$","?","$","M","E"],"items_purchased_type":["Relic","Card","Card","Card","Card","Card"],"build_version":"2020-12-18","purchased_purges":1,"victory":false,"max_hp_per_floor":[71,71,71,71,71,71,71,71,71,71,71,71,71,71,71,71,71,71,71,71,71,71,71,71],"card_choices":[{"not_picked":["Turbo","Hello World"],"picked":"Hologram","floor":1},{"not_picked":["Beam Cell","Hologram"],"picked":"Streamline","floor":3},{"not_picked":["Leap","Blizzard"],"picked":"Cold Snap","floor":4},{"not_picked":["Redo","Steam"],"picked":"Cold Snap","floor":7},{"not_picked":["Beam Cell","Auto Shields"],"picked":"Skim","floor":8},{"not_picked":["Tempest","Beam Cell"],"picked":"Echo Form","floor":11},{"not_picked":["Go for the Eyes","Turbo"],"picked":"Sweeping Beam","floor":14},{"not_picked":["Multi-Cast","Reboot"],"picked":"All For One","floor":16},{"not_picked":["Leap","Hello World+1"],"picked":"Hologram","floor":18},{"not_picked":["Cold Snap","Turbo","Echo Form"],"picked":"SKIP","floor":22}],"player_experience":1699861,"relics_obtained":[{"floor":5,"key":"FossilizedHelix"},{"floor":7,"key":"Cables"},{"floor":9,"key":"HornCleat"},{"floor":11,"key":"Ginger"},{"floor":17,"key":"Smiling Mask"},{"floor":17,"key":"Symbiotic Virus"},{"floor":17,"key":"Peace Pipe"}],"event_choices":[{"damage_healed":0,"gold_gain":0,"player_choice":"Bought 2 Potions","damage_taken":0,"max_hp_gain":0,"max_hp_loss":0,"event_name":"The Woman in Blue","floor":2,"gold_loss":0},{"damage_healed":0,"gold_gain":275,"player_choice":"Desecrate","damage_taken":0,"max_hp_gain":0,"max_hp_loss":0,"event_name":"Golden Shrine","floor":20,"gold_loss":0,"cards_obtained":["Regret"]}],"is_beta":true,"boss_relics":[{"not_picked":["Ectoplasm","Tiny House"],"picked":"Calling Bell"}],"items_purged_floors":[21],"is_endless":false,"potions_floor_spawned":[11,14,16,18],"killed_by":"Slavers","ascension_level":20}}