{"host":"52qn9i9g887267js","time":1608539489,"event":{"mods":["BaseMod","Colored Map","Colored Powertips","Downfall","Hermit","Jorbs\u0027s Wanderer Trilogy","Minty Spire (QoL Compilation)","StSLib","The Bug Knight","The Cursed","The Hierophant"],"gold_per_floor":[115,69,69,69,88,120,132,150,150,150,100,100,100,120,120,250,250,266,266,282,207,207,245,268,291,291,390,423,444,444,469,469,589,589,609,122,122,76,0,0,40,58,58,74,74,74,74,87,87,87],"floor_reached":51,"playtime":6326,"items_purged":["sneckomod:Bewildered","hermit:FinalCanter+1"],"score":715,"play_id":"859730a2-9c2a-4561-bffa-201fc0af38d9","local_time":"20201221003129","is_ascension_mode":false,"campfire_choices":[{"data":"hermit:WideOpen","floor":10.0,"key":"SMITH"},{"data":"hermit:Dive","floor":13.0,"key":"SMITH"},{"data":"hermit:Snapshot","floor":15.0,"key":"SMITH"},{"data":"hermit:Roughhouse","floor":30.0,"key":"SMITH"},{"floor":32.0,"key":"REST"},{"data":"hermit:Determination","floor":40,"key":"SMITH"},{"floor":45,"key":"REST"},{"data":"hermit:PistolWhip","floor":47,"key":"SMITH"},{"data":"hermit:FlashPowder","floor":49,"key":"SMITH"}],"circlet_count":0,"master_deck":["hermit:Strike_Hermit","hermit:Strike_Hermit","hermit:Defend_Hermit","hermit:Snapshot+1","hermit:Gambit+1","hermit:Gestalt+1","hermit:WideOpen+1","hermit:FlashPowder+1","hermit:Dive+1","hermit:PistolWhip+1","hermit:Roughhouse+1","hermit:BodyArmor+1","hermit:Dive+1","hermit:Determination+1","hermit:Ricochet","hermit:Snapshot+1","hermit:Feint"],"relics":["Astrolabe","Question Card","Bottled Flame","Golden Idol","Sozu","sneckomod:BabySnecko","Ornamental Fan","InkBottle","Kunai","hermit:DentedPlate","Singing Bowl","DollysMirror","Red Mask","Bronze Scales","TungstenRod"],"acts_visited":["TheBeyond"],"potions_floor_usage":[50],"damage_taken":[{"damage":1.0,"enemies":"Cultist","floor":1.0,"turns":3.0},{"damage":10.0,"enemies":"Small Slimes","floor":5.0,"turns":2.0},{"damage":2.0,"enemies":"Gremlin Nob","floor":6.0,"turns":4.0},{"damage":0.0,"enemies":"2 Louse","floor":7.0,"turns":1.0},{"damage":1.0,"enemies":"Looter","floor":8.0,"turns":3.0},{"damage":0.0,"enemies":"Large Slime","floor":14.0,"turns":4.0},{"damage":8.0,"enemies":"The Guardian","floor":16.0,"turns":9.0},{"damage":1.0,"enemies":"Shell Parasite","floor":18.0,"turns":3.0},{"damage":2.0,"enemies":"2 Thieves","floor":20.0,"turns":4.0},{"damage":21.0,"enemies":"Book of Stabbing","floor":23.0,"turns":7.0},{"damage":0.0,"enemies":"Centurion and Healer","floor":24.0,"turns":5.0},{"damage":12.0,"enemies":"Snake Plant","floor":25.0,"turns":2.0},{"damage":0.0,"enemies":"Slavers","floor":28.0,"turns":4.0},{"damage":2.0,"enemies":"Cultist and Chosen","floor":29.0,"turns":5.0},{"damage":0.0,"enemies":"Centurion and Healer","floor":31.0,"turns":4.0},{"damage":1.0,"enemies":"Automaton","floor":33.0,"turns":13.0},{"damage":0,"enemies":"Orb Walker","floor":35,"turns":3},{"damage":44,"enemies":"Nemesis","floor":41,"turns":7},{"damage":10,"enemies":"3 Shapes","floor":42,"turns":4},{"damage":3,"enemies":"3 Darklings","floor":44,"turns":5},{"damage":0,"enemies":"Jaw Worm Horde","floor":48,"turns":6},{"damage":69,"enemies":"Donu and Deca","floor":50,"turns":13}],"seed_played":"8120455549991843778","potions_obtained":[{"floor":4.0,"key":"Guardian:BlockOnCardUsePotion"},{"floor":4.0,"key":"PowerPotion"},{"floor":4.0,"key":"Block Potion"},{"floor":7.0,"key":"SpeedPotion"}],"is_trial":false,"path_per_floor":["M","$","?","?","M","E","M","M","T","R","?","?","R","M","R","B",null,"M","?","M","$","?","E","M","M","T","?","E","M","R","M","R","B",null,"M","$","?","$","?","R","E","M","T","M","R","?","R","M","R","B",null],"character_chosen":"HERMIT","items_purchased":["hermit:WideOpen","Singing Bowl","DollysMirror","hermit:Feint"],"campfire_rested":2,"item_purchase_floors":[2,36,36,38],"current_hp_per_floor":[74,74,67,67,57,55,55,54,54,54,54,54,54,54,54,46,69,68,68,66,66,66,45,45,33,33,33,33,31,31,31,51,50,82,82,82,82,82,82,82,40,32,32,31,63,94,94,96,96,27],"gold":87,"neow_bonus":"BOSS_RELIC","is_daily":false,"chose_seed":false,"campfire_upgraded":7,"win_rate":0.0,"timestamp":1608539489,"path_taken":["M","$","?","?","M","E","?","M","T","R","?","?","R","M","R","BOSS","M","?","M","$","?","E","M","?","T","?","E","M","R","M","R","BOSS","BOSS","M","$","?","$","?","R","E","M","T","M","R","?","R","M","R","BOSS"],"items_purchased_type":["Card","Relic","Relic","Card"],"build_version":"2020-12-13","purchased_purges":2,"victory":true,"max_hp_per_floor":[75,75,75,75,75,75,75,75,75,75,75,69,69,69,69,69,69,69,69,69,69,69,69,69,69,69,69,69,69,69,69,69,69,101,101,101,101,101,101,101,103,105,105,107,107,94,94,96,96,96],"card_choices":[{"not_picked":["hermit:Quickdraw","hermit:BodyArmor","hermit:NoHoldsBarred"],"picked":"SKIP","floor":1.0},{"not_picked":["hermit:Roulette","hermit:Shortfuse","hermit:ShadowCloak"],"picked":"SKIP","floor":5.0},{"not_picked":["hermit:EternalForm","hermit:Grudge"],"picked":"hermit:FlashPowder","floor":6.0},{"not_picked":["hermit:Malice","hermit:Roulette","hermit:DeadMansHand"],"picked":"hermit:Dive","floor":7.0},{"not_picked":["hermit:Grudge","hermit:Malice","hermit:Virtue"],"picked":"hermit:PistolWhip","floor":8.0},{"not_picked":["hermit:ItchyTrigger","hermit:PistolWhip","hermit:Grudge","hermit:Combo"],"picked":"SKIP","floor":14.0},{"not_picked":["hermit:FromBeyond","hermit:BlackWind","hermit:Adapt"],"picked":"hermit:Roughhouse","floor":16.0},{"not_picked":["hermit:Enervate+1","hermit:Horror","hermit:Desperado","hermit:ItchyTrigger+1"],"picked":"SKIP","floor":18.0},{"not_picked":["hermit:ItchyTrigger","hermit:Glare","hermit:HoleUp"],"picked":"hermit:BodyArmor","floor":20.0},{"not_picked":["hermit:Magnum","hermit:Gestalt","hermit:Shortfuse+1"],"picked":"hermit:Dive+1","floor":23.0},{"not_picked":["hermit:NoHoldsBarred","hermit:GhostlyPresence","hermit:BodyArmor","hermit:Feint"],"picked":"SKIP","floor":24.0},{"not_picked":["hermit:Headshot","hermit:Desperado","hermit:Midnight","hermit:LuckOfTheDraw"],"picked":"SKIP","floor":25.0},{"not_picked":["hermit:PistolWhip","hermit:Quickdraw","hermit:BigShot","hermit:Grudge+1"],"picked":"SKIP","floor":28.0},{"not_picked":["hermit:TrackingShot","hermit:Vantage","hermit:Glare","hermit:Scavenge"],"picked":"SKIP","floor":29.0},{"not_picked":["hermit:Cheat","hermit:Coalescence","hermit:Grudge+1"],"picked":"hermit:Determination","floor":31.0},{"not_picked":["hermit:TakeCover","hermit:Horror","hermit:CalledShot"],"picked":"hermit:Ricochet","floor":35},{"not_picked":["hermit:HighCaliber+1","hermit:Spite+1","hermit:Scavenge+1","hermit:FullyLoaded"],"picked":"Singing Bowl","floor":41},{"not_picked":["hermit:BodyArmor","hermit:Coalescence","hermit:LoneWolf+1","hermit:HighCaliber"],"picked":"Singing Bowl","floor":42},{"not_picked":["hermit:Maintenance","hermit:SprayPray","hermit:ItchyTrigger+1","hermit:Coalescence"],"picked":"Singing Bowl","floor":44},{"not_picked":["hermit:Glare","hermit:Shortfuse","hermit:ItchyTrigger+1","hermit:Misfire"],"picked":"Singing Bowl","floor":48}],"player_experience":994599,"relics_obtained":[{"floor":6.0,"key":"Question Card"},{"floor":9.0,"key":"Bottled Flame"},{"floor":23.0,"key":"Ornamental Fan"},{"floor":26.0,"key":"InkBottle"},{"floor":28.0,"key":"Kunai"},{"floor":41,"key":"Bronze Scales"},{"floor":43,"key":"TungstenRod"}],"event_choices":[{"cards_removed":["hermit:Strike_Hermit"],"damage_healed":0.0,"max_hp_gain":0.0,"max_hp_loss":0.0,"gold_gain":0.0,"event_name":"Golden Wing","player_choice":"Card Removal","floor":3.0,"gold_loss":0.0,"damage_taken":7.0},{"damage_healed":0.0,"max_hp_gain":0.0,"max_hp_loss":0.0,"gold_gain":0.0,"event_name":"Lab","player_choice":"Got Potions","floor":4.0,"gold_loss":0.0,"damage_taken":0.0},{"cards_removed":["hermit:Strike_Hermit"],"damage_healed":0.0,"max_hp_gain":0.0,"max_hp_loss":0.0,"gold_gain":0.0,"event_name":"The Cleric","player_choice":"Card Removal","floor":11.0,"gold_loss":50.0,"damage_taken":0.0},{"damage_healed":0.0,"max_hp_gain":0.0,"max_hp_loss":6.0,"gold_gain":0.0,"event_name":"Golden Idol","player_choice":"Lose Max HP","floor":12.0,"gold_loss":0.0,"damage_taken":0.0,"relics_obtained":["Golden Idol"]},{"damage_healed":0.0,"max_hp_gain":0.0,"max_hp_loss":0.0,"gold_gain":0.0,"event_name":"Upgrade Shrine","player_choice":"Upgraded","floor":22.0,"gold_loss":0.0,"damage_taken":0.0,"cards_upgraded":["hermit:BodyArmor"]},{"damage_healed":0.0,"max_hp_gain":0.0,"max_hp_loss":0.0,"gold_gain":99.0,"event_name":"Nest","player_choice":"Stole From Cult","floor":27.0,"gold_loss":0.0,"damage_taken":0.0},{"cards_removed":["hermit:Defend_Hermit"],"damage_healed":0,"gold_gain":0,"player_choice":"Removed Skill","damage_taken":0,"max_hp_gain":0,"max_hp_loss":0,"event_name":"Falling","floor":37,"gold_loss":0},{"damage_healed":0,"gold_gain":0,"player_choice":"Paid","damage_taken":0,"relics_obtained":["Red Mask"],"max_hp_gain":0,"max_hp_loss":0,"event_name":"Tomb of Lord Red Mask","floor":39,"gold_loss":76},{"damage_healed":94,"gold_gain":0,"player_choice":"Heal","damage_taken":0,"max_hp_gain":0,"max_hp_loss":13,"event_name":"The Moai Head","floor":46,"gold_loss":0}],"is_beta":false,"boss_relics":[{"not_picked":["Black Star","Ectoplasm"],"picked":"Sozu"},{"not_picked":["SlaversCollar","Runic Pyramid"],"picked":"hermit:DentedPlate"}],"items_purged_floors":[21,36],"is_endless":false,"potions_floor_spawned":[5,7,16,18,23,28,29,33,35,48],"ascension_level":0}}