{"host":"dh4nu8nelr2izibb","time":1608583477,"event":{"mods":["Act Like it!","BaseMod","Better Third Choice","Card Forge","Displayed Cursed Tome","HololiveMod","Marisa????????","Minty Spire (QoL Compilation)","Puzzle Mod","Quick Restart","Relic Filter","StSLib","The Marked","The Poker Player","The Servant 0.9.4","WarShipGirlsR/????R mod","???????????mod"],"gold_per_floor":[117,132,142,159,169,169,44,44,44,62,93,93,93,93,93,190,190,203,222,222,15,15,15,33,33,81,101,113,113,123,138,138,243,243,261,261,221,232,232,232,247,247,247,247,267,267,176,189,189,189,189],"floor_reached":50,"playtime":2391,"items_purged":["theMarked:Strike","theMarked:Strike"],"score":446,"play_id":"5d3398c5-7353-4054-8460-777c18951180","local_time":"20201221154437","is_ascension_mode":false,"campfire_choices":[{"data":"theMarked:SoldierOfQuellstein","floor":6.0,"key":"SMITH"},{"data":"theMarked:Polarize","floor":8.0,"key":"SMITH"},{"data":"theMarked:StartUp","floor":13.0,"key":"SMITH"},{"data":"theMarked:Parkour","floor":15.0,"key":"SMITH"},{"data":"theMarked:StartUp","floor":23.0,"key":"SMITH"},{"data":"theMarked:Overcharge","floor":25.0,"key":"SMITH"},{"data":"theMarked:ComboAttacks","floor":29.0,"key":"SMITH"},{"floor":32.0,"key":"REST"},{"data":"theMarked:Indomitable","floor":40,"key":"SMITH"},{"floor":42,"key":"REST"},{"data":"theMarked:Electrify","floor":44,"key":"SMITH"},{"floor":49,"key":"REST"}],"circlet_count":0,"master_deck":["theMarked:Strike","theMarked:Defend","theMarked:Defend","theMarked:Defend","theMarked:Defend","theMarked:SoldierOfQuellstein+1","theMarked:StartUp+1","theMarked:Opportunist","theMarked:Polarize+1","theMarked:TwofoldDefense","theMarked:RepellingDischarge","theMarked:Overcharge+1","theMarked:Parkour+1","theMarked:KeepCalmAndFightOn","theMarked:MuscleMemory","theMarked:Indomitable+1","theMarked:Electrify+1","theMarked:StartUp+1","theMarked:CreepingChasm","theMarked:SummonStrength+1","theMarked:ComboAttacks+1","theMarked:WastefulAttack","theMarked:FavorableWinds","Madness","Madness","theMarked:Overcharge+1","theMarked:Parkour+1","Finesse"],"relics":["theMarked:ArtifactOfAir","Hammer of Thor","Seething Fire","Anvil of the Gods","Pantograph","Oddly Smooth Stone","Toy Ornithopter","Sozu","Mercury Hourglass","Happy Flower","theMarked:SpiritSword","Bird Faced Urn"],"acts_visited":["Exordium","TheCity","TheBeyond"],"potions_floor_usage":[48],"damage_taken":[{"damage":1.0,"enemies":"Cultist","floor":1.0,"turns":3.0},{"damage":0.0,"enemies":"2 Louse","floor":2.0,"turns":2.0},{"damage":2.0,"enemies":"Small Slimes","floor":3.0,"turns":3.0},{"damage":12.0,"enemies":"Exordium Wildlife","floor":4.0,"turns":4.0},{"damage":7.0,"enemies":"3 Louse","floor":5.0,"turns":3.0},{"damage":1.0,"enemies":"Lots of Slimes","floor":10.0,"turns":5.0},{"damage":19.0,"enemies":"3 Sentries","floor":11.0,"turns":9.0},{"damage":19.0,"enemies":"The Guardian","floor":16.0,"turns":11.0},{"damage":7.0,"enemies":"2 Thieves","floor":18.0,"turns":4.0},{"damage":2.0,"enemies":"3 Byrds","floor":19.0,"turns":6.0},{"damage":14.0,"enemies":"Snake Plant","floor":24.0,"turns":3.0},{"damage":0.0,"enemies":"3 Cultists","floor":27.0,"turns":4.0},{"damage":8.0,"enemies":"Snecko","floor":28.0,"turns":3.0},{"damage":0.0,"enemies":"Snake Plant","floor":30.0,"turns":4.0},{"damage":15.0,"enemies":"Shelled Parasite and Fungi","floor":31.0,"turns":5.0},{"damage":19.0,"enemies":"Champ","floor":33.0,"turns":11.0},{"damage":10.0,"enemies":"Orb Walker","floor":35.0,"turns":3.0},{"damage":1,"enemies":"3 Shapes","floor":38,"turns":4},{"damage":45,"enemies":"Spire Growth","floor":41,"turns":6},{"damage":6,"enemies":"Jaw Worm Horde","floor":45,"turns":5},{"damage":20,"enemies":"4 Shapes","floor":48,"turns":5},{"damage":67,"enemies":"Donu and Deca","floor":50,"turns":7}],"seed_played":"-5295805883347815105","potions_obtained":[{"floor":1.0,"key":"BlessingOfTheForge"},{"floor":2.0,"key":"GamblersBrew"},{"floor":3.0,"key":"Block Potion"},{"floor":10.0,"key":"CultistPotion"}],"is_trial":false,"path_per_floor":["M","M","M","M","M","R","$","R","T","M","E","?","R","?","R","B",null,"M","M","?","$","?","R","M","R","T","M","M","R","M","M","R","B",null,"M","?","?","M","?","R","M","R","T","R","M","$","$","M","R","B"],"character_chosen":"THE_DEFAULT","items_purchased":["theMarked:RepellingDischarge","theMarked:StartUp","theMarked:CreepingChasm","Finesse"],"campfire_rested":3,"item_purchase_floors":[7,21,21,47],"current_hp_per_floor":[76,76,74,62,55,55,55,55,55,54,35,28,28,28,28,34,77,70,68,54,54,54,54,40,40,40,40,32,32,32,17,41,52,82,72,72,72,71,61,61,16,40,40,40,38,38,38,29,53,17,17],"gold":189,"neow_bonus":"TEN_PERCENT_HP_BONUS","is_daily":false,"chose_seed":false,"campfire_upgraded":9,"win_rate":0.0,"timestamp":1608583477,"path_taken":["M","M","M","M","M","R","$","R","T","?","E","?","R","?","R","BOSS","M","?","?","$","?","R","M","R","T","M","M","R","M","M","R","BOSS","M","?","?","?","?","R","M","R","T","R","M","?","$","M","R","BOSS"],"items_purchased_type":["Card","Card","Card","Card"],"build_version":"2020-12-13","purchased_purges":2,"victory":false,"max_hp_per_floor":[77,77,77,77,77,77,77,77,77,77,77,77,77,77,77,77,77,77,77,82,82,82,82,82,82,82,82,82,82,82,82,82,82,82,82,82,82,82,82,82,82,82,82,82,82,82,82,82,82,82,82],"card_choices":[{"not_picked":["theMarked:TakeCover","theMarked:Static"],"picked":"theMarked:StartUp","floor":1.0},{"not_picked":["theMarked:Aftermath","theMarked:BanishingWave"],"picked":"theMarked:Opportunist","floor":2.0},{"not_picked":["theMarked:StartUp","theMarked:ResourceFulStrike"],"picked":"theMarked:Polarize","floor":3.0},{"not_picked":["theMarked:DeterminationOfTheMarked","theMarked:Reabsorb","theMarked:Frustration"],"picked":"SKIP","floor":4.0},{"not_picked":["theMarked:Improvise","theMarked:Frustration"],"picked":"theMarked:TwofoldDefense","floor":5.0},{"not_picked":["theMarked:Parkour","theMarked:ChainLightning"],"picked":"theMarked:Overcharge","floor":10.0},{"not_picked":["theMarked:Seal","theMarked:BanishingStrike"],"picked":"theMarked:Parkour","floor":11.0},{"not_picked":["theMarked:DispelDoubt","theMarked:ChannelForce"],"picked":"theMarked:MuscleMemory","floor":16.0},{"not_picked":["theMarked:WastefulAttack","theMarked:TakeCover"],"picked":"theMarked:Indomitable","floor":18.0},{"not_picked":["theMarked:RepellingDischarge","theMarked:Frustration"],"picked":"theMarked:Electrify","floor":19.0},{"not_picked":["theMarked:RepellingDischarge+1","theMarked:ElectricStrings","theMarked:BanishingStrike"],"picked":"SKIP","floor":24.0},{"not_picked":["theMarked:WastefulDefense","theMarked:ComboAttacks"],"picked":"theMarked:SummonStrength","floor":27.0},{"not_picked":["theMarked:SwordAndMagic+1","theMarked:Convert"],"picked":"theMarked:ComboAttacks","floor":28.0},{"not_picked":["theMarked:MysticalArsenal","theMarked:ElectricStrings"],"picked":"theMarked:WastefulAttack","floor":30.0},{"not_picked":["theMarked:TunnelVision","theMarked:StartUp","theMarked:Opportunist"],"picked":"SKIP","floor":31.0},{"not_picked":["theMarked:SoldierForm","theMarked:Challenge"],"picked":"theMarked:FavorableWinds","floor":33.0},{"not_picked":["theMarked:Frustration+1","theMarked:KeepCalmAndFightOn+1","theMarked:Reabsorb+1"],"picked":"SKIP","floor":35.0},{"not_picked":["theMarked:Frustration+1","theMarked:WardOff+1","theMarked:ResourceFulStrike+1"],"picked":"SKIP","floor":38},{"not_picked":["theMarked:ElectricStrings","theMarked:Overthink"],"picked":"theMarked:Overcharge+1","floor":41},{"not_picked":["theMarked:Polarize+1","theMarked:ResourceFulStrike"],"picked":"theMarked:Parkour+1","floor":45},{"not_picked":["theMarked:ElectricStrings+1","theMarked:WastefulDefense","theMarked:Electrocute+1"],"picked":"SKIP","floor":48}],"player_experience":1106168,"relics_obtained":[{"floor":9.0,"key":"Pantograph"},{"floor":11.0,"key":"Oddly Smooth Stone"},{"floor":26.0,"key":"Happy Flower"},{"floor":43,"key":"Bird Faced Urn"}],"event_choices":[{"damage_healed":0.0,"max_hp_gain":0.0,"max_hp_loss":0.0,"gold_gain":0.0,"event_name":"betterThird:BetterScrap","player_choice":"Relic ","floor":12.0,"gold_loss":0.0,"damage_taken":7.0,"cards_obtained":["Limit Break"]},{"damage_healed":0.0,"max_hp_gain":0.0,"max_hp_loss":0.0,"gold_gain":0.0,"cards_transformed":["theMarked:Strike"],"event_name":"Transmorgrifier","player_choice":"Transformed","floor":14.0,"gold_loss":0.0,"damage_taken":0.0,"cards_obtained":["theMarked:KeepCalmAndFightOn"]},{"damage_healed":0.0,"max_hp_gain":5.0,"max_hp_loss":0.0,"gold_gain":0.0,"event_name":"Forgotten Altar","player_choice":"Shed Blood","floor":20.0,"gold_loss":0.0,"damage_taken":19.0},{"damage_healed":0.0,"max_hp_gain":0.0,"max_hp_loss":0.0,"gold_gain":0.0,"event_name":"The Mausoleum","player_choice":"Opened","floor":22.0,"gold_loss":0.0,"damage_taken":0.0,"relics_obtained":["Mercury Hourglass"]},{"cards_removed":["theMarked:Strike"],"damage_healed":0.0,"max_hp_gain":0.0,"max_hp_loss":0.0,"gold_gain":0.0,"event_name":"Falling","player_choice":"Removed Attack","floor":36.0,"gold_loss":0.0,"damage_taken":0.0},{"damage_healed":0.0,"max_hp_gain":0.0,"max_hp_loss":0.0,"gold_gain":0.0,"event_name":"Designer","player_choice":"Upgrade","floor":37.0,"gold_loss":40.0,"damage_taken":0.0,"cards_upgraded":["theMarked:SummonStrength"]},{"damage_healed":0,"gold_gain":0,"player_choice":"Embrace Madness","damage_taken":10,"max_hp_gain":0,"max_hp_loss":0,"event_name":"Winding Halls","floor":39,"gold_loss":0,"cards_obtained":["Madness","Madness"]}],"is_beta":false,"boss_relics":[{"not_picked":["Black Star","Empty Cage"],"picked":"Sozu"},{"not_picked":["Velvet Choker","Busted Crown"],"picked":"theMarked:SpiritSword"}],"items_purged_floors":[7,21],"is_endless":false,"potions_floor_spawned":[1,2,3,10,19,27,28,30,35,45],"killed_by":"Donu and Deca","ascension_level":0}}