{"host":"4cz9gr89nglr7k8k","time":1608592407,"event":{"mods":["BaseMod","Minty Spire (QoL Compilation)","Relic Stats","Slay-I"],"gold_per_floor":[116,127,127,142,142,142,292,292,292,319,108,123,123,133,133,210,210,222,222,222,238,163,163,163,163],"floor_reached":24,"playtime":715,"items_purged":["Doubt"],"score":403,"play_id":"077821a5-e373-4703-a840-b62c7e89c455","local_time":"20201222001327","is_ascension_mode":true,"campfire_choices":[{"data":"Defragment","floor":6,"key":"SMITH"},{"data":"Chill","floor":8,"key":"SMITH"},{"floor":13,"key":"REST"},{"floor":15,"key":"REST"},{"floor":23,"key":"REST"}],"circlet_count":0,"master_deck":["AscendersBane","Strike_B","Strike_B","Strike_B","Strike_B","Defend_B","Defend_B","Defend_B","Zap","Dualcast","Self Repair","Chill+1","Defragment+1","Buffer","Bandage Up","Hello World","Redo","Defragment","Electrodynamics","Genetic Algorithm","Writhe","Cold Snap+1"],"relics":["Cracked Core","NeowsBlessing","InkBottle","Gremlin Horn","HornCleat","Fusion Hammer","Mango"],"acts_visited":["Exordium","TheCity"],"potions_floor_usage":[10,12,24,24],"damage_taken":[{"damage":0,"enemies":"Cultist","floor":1,"turns":1},{"damage":0,"enemies":"Small Slimes","floor":2,"turns":1},{"damage":0,"enemies":"2 Louse","floor":4,"turns":1},{"damage":49,"enemies":"3 Sentries","floor":10,"turns":12},{"damage":4,"enemies":"Looter","floor":12,"turns":4},{"damage":0,"enemies":"Blue Slaver","floor":14,"turns":5},{"damage":58,"enemies":"The Guardian","floor":16,"turns":11},{"damage":19,"enemies":"Chosen","floor":18,"turns":6},{"damage":0,"enemies":"3 Byrds","floor":21,"turns":4},{"damage":105,"enemies":"Book of Stabbing","floor":24,"turns":7}],"seed_played":"-2409890957522708936","potions_obtained":[{"floor":1,"key":"Dexterity Potion"},{"floor":12,"key":"Fruit Juice"},{"floor":16,"key":"SkillPotion"},{"floor":21,"key":"EssenceOfSteel"}],"is_trial":false,"path_per_floor":["M","M","?","M","?","R","?","R","T","E","$","M","R","M","R","B",null,"M","?","?","M","?","R","E"],"character_chosen":"DEFECT","items_purchased":["Bandage Up","Hello World"],"campfire_rested":3,"item_purchase_floors":[11,11],"current_hp_per_floor":[64,64,38,45,50,50,50,50,50,8,8,20,44,55,79,25,67,59,73,73,84,84,95,0,0],"gold":163,"neow_bonus":"THREE_ENEMY_KILL","is_daily":false,"chose_seed":false,"campfire_upgraded":2,"win_rate":0.0,"timestamp":1608592407,"path_taken":["M","?","?","M","?","R","?","R","T","E","?","?","R","M","R","BOSS","M","?","?","M","?","R","E"],"items_purchased_type":["Card","Card"],"build_version":"2020-12-13","purchased_purges":1,"victory":false,"max_hp_per_floor":[71,71,71,71,76,76,76,76,76,76,76,81,81,81,81,81,81,81,95,95,95,95,95,95,95],"relic_stats":{"Gremlin Horn":[3,3],"counters":[10,52],"obtain_stats":[{"HornCleat":10,"NeowsBlessing":0,"Gremlin Horn":9,"Mango":19,"Fusion Hammer":17,"Cracked Core":0,"InkBottle":3},{"HornCleat":4,"NeowsBlessing":0,"Gremlin Horn":3,"Mango":8,"Fusion Hammer":7,"Cracked Core":0,"InkBottle":2},{"HornCleat":15,"NeowsBlessing":0,"Gremlin Horn":3,"Mango":41,"Fusion Hammer":35,"Cracked Core":0,"InkBottle":2}],"InkBottle":[14]},"card_choices":[{"not_picked":["Cold Snap","Barrage"],"picked":"Self Repair","floor":1},{"not_picked":["Scrape","Stack"],"picked":"Chill","floor":2},{"not_picked":["Steam Power","Streamline"],"picked":"Defragment","floor":4},{"not_picked":["Fission","Stack"],"picked":"Buffer","floor":10},{"not_picked":["Barrage","Hologram"],"picked":"Redo","floor":12},{"not_picked":["Fusion","Loop"],"picked":"Defragment","floor":14},{"not_picked":["Biased Cognition","Multi-Cast"],"picked":"Electrodynamics","floor":16},{"not_picked":["Leap","Rebound"],"picked":"Genetic Algorithm","floor":18},{"not_picked":["Loop","Streamline"],"picked":"Cold Snap+1","floor":21}],"player_experience":1454478,"relics_obtained":[{"floor":9,"key":"Gremlin Horn"},{"floor":10,"key":"HornCleat"}],"event_choices":[{"damage_healed":0,"gold_gain":0,"player_choice":"Success","damage_taken":26,"relics_obtained":["InkBottle"],"max_hp_gain":0,"max_hp_loss":0,"event_name":"Scrap Ooze","floor":3,"gold_loss":0},{"damage_healed":0,"gold_gain":0,"player_choice":"Donut","damage_taken":0,"max_hp_gain":5,"max_hp_loss":0,"event_name":"Big Fish","floor":5,"gold_loss":0},{"damage_healed":0,"gold_gain":150,"player_choice":"AGREE","damage_taken":0,"max_hp_gain":0,"max_hp_loss":0,"event_name":"Liars Game","floor":7,"gold_loss":0,"cards_obtained":["Doubt"]},{"damage_healed":0,"gold_gain":0,"player_choice":"Opened","damage_taken":0,"relics_obtained":["Mango"],"max_hp_gain":0,"max_hp_loss":0,"event_name":"The Mausoleum","floor":19,"gold_loss":0,"cards_obtained":["Writhe"]},{"damage_healed":0,"gold_gain":0,"player_choice":"Ignored","damage_taken":0,"max_hp_gain":0,"max_hp_loss":0,"event_name":"Ghosts","floor":20,"gold_loss":0},{"cards_removed":["Defend_B"],"damage_healed":0,"gold_gain":0,"player_choice":"Gave Gold","damage_taken":0,"max_hp_gain":0,"max_hp_loss":0,"event_name":"Beggar","floor":22,"gold_loss":75}],"is_beta":false,"boss_relics":[{"not_picked":["FrozenCore","Ectoplasm"],"picked":"Fusion Hammer"}],"items_purged_floors":[11],"is_endless":false,"potions_floor_spawned":[1,12,16,21],"killed_by":"Book of Stabbing","ascension_level":19}}