{"host":"igi9xpgoc000gxf5","time":1608588511,"event":{"mods":["BaseMod","Colored Powertips","Downfall","Googly Eyes","Minty Spire (QoL Compilation)","StSLib"],"gold_per_floor":[99,111,111,111,111,286,286,296,296,326,343,343,359,433,449,449,449],"floor_reached":16,"playtime":489,"items_purged":[],"score":100,"play_id":"ff67a36f-03c2-4ad3-b301-8318fac8ec53","local_time":"20201221230831","is_ascension_mode":false,"campfire_choices":[{"data":"sneckomod:MorePower","floor":1,"key":"SMITH"},{"data":"sneckomod:Unknown1Cost","floor":3,"key":"SMITH"},{"data":"sneckomod:Unknown","floor":5,"key":"SMITH"},{"data":"sneckomod:UnknownEthereal","floor":9,"key":"SMITH"}],"circlet_count":0,"master_deck":["sneckomod:Strike","sneckomod:Strike","sneckomod:Defend+1","sneckomod:Defend","sneckomod:Defend+1","sneckomod:TailWhip+1","sneckomod:SnekBite","sneckomod:Unknown","sneckomod:Unknown+1","sneckomod:MorePower+1","sneckomod:UnknownRareAttack+1","sneckomod:Unknown1Cost+1","Doubt","sneckomod:UnknownClassTHE_CHAMP_GRAY+1","sneckomod:UnknownEthereal+1","sneckomod:UnknownRarePower+1","sneckomod:UnknownRarePower","sneckomod:UnknownUncommonAttack+1","sneckomod:SoulCleanse","sneckomod:UnknownClassGREEN+1","sneckomod:RainOfDice","sneckomod:Unknown1Cost+1","sneckomod:UnknownClassBLUE"],"relics":["sneckomod:SneckoSoul","Letter Opener","Tiny Chest","InkBottle"],"acts_visited":["Exordium"],"potions_floor_usage":[10],"damage_taken":[{"damage":8,"enemies":"Jaw Worm","floor":2,"turns":3},{"damage":2,"enemies":"Small Slimes","floor":8,"turns":3},{"damage":13,"enemies":"Lagavulin","floor":10,"turns":5},{"damage":12,"enemies":"2 Louse","floor":11,"turns":3},{"damage":5,"enemies":"Red Slaver","floor":13,"turns":2},{"damage":17,"enemies":"Exordium Thugs","floor":15,"turns":3},{"damage":43,"enemies":"downfall:Defect","floor":16,"turns":5}],"seed_played":"3335717325332171138","potions_obtained":[{"floor":8,"key":"hexamod:EctoCoolerPotion"}],"is_trial":false,"path_per_floor":["R","M","R","?","R","?","T","M","R","E","M","?","M","T","M","B"],"character_chosen":"THE_SNECKO","items_purchased":[],"campfire_rested":0,"item_purchase_floors":[],"current_hp_per_floor":[90,84,84,84,84,84,84,84,84,73,62,62,58,58,43,0,0],"gold":449,"neow_bonus":"TRANSFORM_CARD","is_daily":false,"chose_seed":false,"campfire_upgraded":4,"win_rate":0.0,"timestamp":1608588511,"path_taken":["R","M","R","?","R","?","T","M","R","E","M","?","?","?","M","BOSS"],"items_purchased_type":[],"build_version":"2020-12-13","purchased_purges":0,"victory":false,"max_hp_per_floor":[90,92,92,92,92,92,92,94,94,96,97,97,98,98,100,100,100],"card_choices":[{"not_picked":["sneckomod:UnknownClassPURPLE+1","sneckomod:UnknownClassTHE_CHAMP_GRAY+1"],"picked":"sneckomod:UnknownRareAttack+1","floor":2},{"not_picked":["sneckomod:UnknownClassBLUE","sneckomod:UnknownRareAttack"],"picked":"sneckomod:Unknown1Cost","floor":2},{"not_picked":["sneckomod:UnknownStrike+1","sneckomod:UnknownUncommonSkill+1"],"picked":"sneckomod:UnknownClassTHE_CHAMP_GRAY+1","floor":8},{"not_picked":["sneckomod:UnknownStrike","sneckomod:SerpentIdol"],"picked":"sneckomod:UnknownEthereal","floor":8},{"not_picked":["sneckomod:Unknown1Cost+1","sneckomod:UnknownEthereal+1"],"picked":"sneckomod:UnknownRarePower+1","floor":10},{"not_picked":["sneckomod:UnknownCommonAttack","sneckomod:Unknown3Cost"],"picked":"sneckomod:UnknownRarePower","floor":10},{"not_picked":["sneckomod:UnknownRarePower+1","sneckomod:UnknownExhaust+1"],"picked":"sneckomod:UnknownUncommonAttack+1","floor":11},{"not_picked":["sneckomod:DiceBlock","sneckomod:ImprovisedAttack"],"picked":"sneckomod:SoulCleanse","floor":11},{"not_picked":["sneckomod:UnknownRarePower+1","sneckomod:UnknownX+1"],"picked":"sneckomod:UnknownClassGREEN+1","floor":13},{"not_picked":["sneckomod:SoulCleanse","sneckomod:SoulRoll"],"picked":"sneckomod:RainOfDice","floor":13},{"not_picked":["sneckomod:UnknownBlock+1","sneckomod:Unknown2Cost+1"],"picked":"sneckomod:Unknown1Cost+1","floor":15},{"not_picked":["sneckomod:ImprovisedGuard","sneckomod:QuickMove"],"picked":"sneckomod:UnknownClassBLUE","floor":15}],"player_experience":889911,"relics_obtained":[{"floor":7,"key":"Letter Opener"},{"floor":10,"key":"Tiny Chest"},{"floor":14,"key":"InkBottle"}],"event_choices":[{"cards_removed":["Regret"],"damage_healed":0,"gold_gain":0,"player_choice":"Purged","damage_taken":0,"max_hp_gain":0,"max_hp_loss":0,"event_name":"Purifier","floor":12,"gold_loss":0}],"is_beta":false,"boss_relics":[],"items_purged_floors":[],"is_endless":false,"potions_floor_spawned":[8],"killed_by":"downfall:Defect","ascension_level":0}}