{"host":"jksa5rawk3m4gilz","time":1608563295,"event":{"mods":["BaseMod","Colored Map","Highlight Path","Minty Spire (QoL Compilation)","Quick Restart"],"gold_per_floor":[115,115,190,64,64,95,145,177,254,288,308,308,319,348,360,443,455,479,416,428,440,440],"floor_reached":21,"playtime":641,"items_purged":[],"score":417,"play_id":"e702ebe5-d020-4a57-b1e2-083390d292cb","local_time":"20201221160815","is_ascension_mode":true,"campfire_choices":[{"floor":12,"key":"REST"},{"data":"Blasphemy","floor":15,"key":"SMITH"}],"circlet_count":0,"master_deck":["AscendersBane","Strike_P+1","Strike_P","Strike_P","Defend_P","Defend_P","Defend_P","Defend_P","Eruption","Vigilance+1","SignatureMove","Blasphemy+1","Collect","TalkToTheHand+1","Vault"],"relics":["PureWater","NeowsBlessing","The Courier","Omamori","Lizard Tail","Toy Ornithopter","Singing Bowl","Molten Egg 2","MawBank","Calling Bell","Lantern","White Beast Statue","Shovel"],"acts_visited":["Exordium","TheCity"],"potions_floor_usage":[10,16,21],"damage_taken":[{"damage":0,"enemies":"Cultist","floor":1,"turns":1},{"damage":0,"enemies":"3 Sentries","floor":6,"turns":1},{"damage":0,"enemies":"Lagavulin","floor":8,"turns":1},{"damage":15,"enemies":"3 Sentries","floor":10,"turns":6},{"damage":7,"enemies":"Jaw Worm","floor":11,"turns":3},{"damage":2,"enemies":"2 Louse","floor":13,"turns":2},{"damage":14,"enemies":"Lagavulin","floor":14,"turns":6},{"damage":44,"enemies":"Slime Boss","floor":16,"turns":9},{"damage":0,"enemies":"Spheric Guardian","floor":18,"turns":3},{"damage":19,"enemies":"3 Byrds","floor":21,"turns":4}],"seed_played":"138505043310082210","potions_obtained":[{"floor":1,"key":"ColorlessPotion"},{"floor":11,"key":"LiquidMemories"},{"floor":13,"key":"BottledMiracle"},{"floor":18,"key":"Block Potion"}],"is_trial":false,"path_per_floor":["M","T","?","$","?","E","?","E","T","E","M","R","M","E","R","B",null,"M","?","?","M"],"character_chosen":"WATCHER","items_purchased":["Omamori"],"campfire_rested":1,"item_purchase_floors":[4],"current_hp_per_floor":[65,65,54,54,40,40,40,40,40,30,25,47,47,35,35,39,68,70,70,70,56,56],"gold":440,"neow_bonus":"THREE_ENEMY_KILL","is_daily":false,"chose_seed":false,"campfire_upgraded":1,"win_rate":0.0,"timestamp":1608563295,"path_taken":["M","?","?","?","?","E","?","E","T","E","?","R","M","E","R","BOSS","M","?","?","?"],"items_purchased_type":["Relic"],"build_version":"2020-12-13","purchased_purges":0,"victory":false,"max_hp_per_floor":[72,72,72,72,72,72,72,72,72,72,74,74,76,78,78,78,78,80,80,80,80,80],"card_choices":[{"not_picked":["ReachHeaven","Consecrate"],"picked":"SignatureMove","floor":1},{"not_picked":["Tantrum","EmptyFist"],"picked":"Blasphemy","floor":6},{"not_picked":["ClearTheMind","Consecrate"],"picked":"Collect","floor":8},{"not_picked":["EmptyFist+1","EmptyBody"],"picked":"TalkToTheHand+1","floor":10},{"not_picked":["EmptyFist+1","Protect","ClearTheMind"],"picked":"Singing Bowl","floor":11},{"not_picked":["FollowUp+1","WreathOfFlame","ClearTheMind"],"picked":"Singing Bowl","floor":13},{"not_picked":["Collect","Wallop+1","FlurryOfBlows+1"],"picked":"Singing Bowl","floor":14},{"not_picked":["ConjureBlade","Wish"],"picked":"Vault","floor":16},{"not_picked":["SashWhip+1","CarveReality+1","ThirdEye+1"],"picked":"Singing Bowl","floor":18}],"player_experience":2046946,"relics_obtained":[{"floor":2,"key":"The Courier"},{"floor":6,"key":"Lizard Tail"},{"floor":8,"key":"Toy Ornithopter"},{"floor":9,"key":"Singing Bowl"},{"floor":10,"key":"Molten Egg 2"},{"floor":14,"key":"MawBank"},{"floor":17,"key":"Lantern"},{"floor":17,"key":"White Beast Statue"},{"floor":17,"key":"Shovel"}],"event_choices":[{"damage_healed":0,"gold_gain":75,"player_choice":"Gather Gold","damage_taken":11,"max_hp_gain":0,"max_hp_loss":0,"event_name":"World of Goop","floor":3,"gold_loss":0},{"damage_healed":0,"gold_gain":0,"player_choice":"Entered Light","damage_taken":14,"max_hp_gain":0,"max_hp_loss":0,"event_name":"Shining Light","floor":5,"gold_loss":0,"cards_upgraded":["Strike_P","Vigilance"]},{"damage_healed":0,"gold_gain":50,"player_choice":"Gained Gold","damage_taken":0,"max_hp_gain":0,"max_hp_loss":0,"event_name":"Golden Wing","floor":7,"gold_loss":0},{"cards_removed":["Strike_P"],"damage_healed":0,"gold_gain":0,"player_choice":"Gave Gold","damage_taken":0,"max_hp_gain":0,"max_hp_loss":0,"event_name":"Beggar","floor":19,"gold_loss":75},{"damage_healed":0,"gold_gain":0,"player_choice":"Ignored","damage_taken":0,"max_hp_gain":0,"max_hp_loss":0,"event_name":"Vampires","floor":20,"gold_loss":0}],"is_beta":false,"boss_relics":[{"not_picked":["Fusion Hammer","Astrolabe"],"picked":"Calling Bell"}],"items_purged_floors":[],"is_endless":false,"potions_floor_spawned":[1,11,13,18],"killed_by":"3 Byrds","ascension_level":13}}