{"host":"f0gpob8hq9vgebej","time":1608535341,"event":{"mods":["AchievementEnabler","BaseMod","Googly Eyes","Minty Spire (QoL Compilation)","Quick Restart","SuperFastMode"],"gold_per_floor":[109,128,53,53,53,53,53,79,79,3,3,20,20,20],"floor_reached":13,"playtime":232,"items_purged":["Strike_G"],"score":130,"play_id":"19537066-135f-477f-88dc-38a2c0de7c24","local_time":"20201221162221","is_ascension_mode":true,"campfire_choices":[{"data":"A Thousand Cuts","floor":6,"key":"SMITH"},{"floor":11,"key":"REST"}],"circlet_count":0,"master_deck":["AscendersBane","Strike_G","Strike_G","Strike_G","Defend_G","Defend_G","Defend_G","Survivor","Neutralize","Night Terror","A Thousand Cuts+1","Blade Dance","Calculated Gamble","Escape Plan","Cloak And Dagger"],"relics":["Ring of the Snake","StoneCalendar","White Beast Statue"],"acts_visited":["Exordium"],"potions_floor_usage":[13,13],"damage_taken":[{"damage":0,"enemies":"2 Louse","floor":1,"turns":4},{"damage":7,"enemies":"Small Slimes","floor":2,"turns":3},{"damage":24,"enemies":"Lagavulin","floor":8,"turns":8},{"damage":4,"enemies":"Jaw Worm","floor":12,"turns":4},{"damage":17,"enemies":"3 Sentries","floor":13,"turns":4}],"seed_played":"-5214053315514097851","potions_obtained":[{"floor":2,"key":"Explosive Potion"},{"floor":8,"key":"Poison Potion"}],"is_trial":false,"path_per_floor":["M","M","$","?","?","R","?","E","T","$","R","M","E"],"character_chosen":"THE_SILENT","items_purchased":["Escape Plan"],"campfire_rested":1,"item_purchase_floors":[10],"current_hp_per_floor":[45,38,38,38,31,31,31,7,7,7,28,24,7,7],"gold":20,"neow_bonus":"TRANSFORM_TWO_CARDS","is_daily":false,"chose_seed":false,"campfire_upgraded":1,"win_rate":0.0,"timestamp":1608535341,"path_taken":["M","M","$","?","?","R","?","E","T","$","R","M","E"],"items_purchased_type":["Card"],"build_version":"2020-12-13","purchased_purges":1,"victory":false,"max_hp_per_floor":[70,70,70,70,70,70,70,70,70,70,70,70,70,70],"card_choices":[{"not_picked":["Prepared","Deflect"],"picked":"Blade Dance","floor":1},{"not_picked":["Caltrops","Terror","Underhanded Strike"],"picked":"SKIP","floor":2},{"not_picked":["Cloak And Dagger","Dash"],"picked":"Calculated Gamble","floor":8},{"not_picked":["Underhanded Strike","Slice"],"picked":"Cloak And Dagger","floor":12}],"player_experience":180596,"relics_obtained":[{"floor":8,"key":"StoneCalendar"},{"floor":9,"key":"White Beast Statue"}],"event_choices":[{"damage_healed":0,"gold_gain":0,"player_choice":"Ignored","damage_taken":0,"max_hp_gain":0,"max_hp_loss":0,"event_name":"Liars Game","floor":4,"gold_loss":0},{"cards_removed":["Defend_G"],"damage_healed":0,"gold_gain":0,"player_choice":"Card Removal","damage_taken":7,"max_hp_gain":0,"max_hp_loss":0,"event_name":"Golden Wing","floor":5,"gold_loss":0},{"damage_healed":0,"gold_gain":0,"player_choice":"Ignored","damage_taken":0,"max_hp_gain":0,"max_hp_loss":0,"event_name":"Golden Idol","floor":7,"gold_loss":0}],"is_beta":false,"boss_relics":[],"items_purged_floors":[3],"is_endless":false,"potions_floor_spawned":[2,8,12],"killed_by":"3 Sentries","ascension_level":12}}