{"host":"kmq7aw60w430zvtx","time":1608575796,"event":{"mods":["BaseMod","Downfall","GifTheSpireLib","Hermit","Hubris","Minty Spire (QoL Compilation)","Replay The Spire","StSLib","The Construct","The Cursed","The Hierophant","The Jungle","The Necromancer","The Runesmith"],"gold_per_floor":[116,116,116,132,145,145,156,189,189,223,223,223,251,300,300,300,300],"floor_reached":16,"playtime":737,"items_purged":[],"score":124,"play_id":"196035be-5b1f-4e40-8a9b-e742b81daf00","local_time":"20201221193636","is_ascension_mode":true,"campfire_choices":[{"floor":6,"key":"RECALL"},{"floor":12,"key":"REST"},{"floor":15,"key":"REST"}],"circlet_count":0,"master_deck":["Strike_B","Strike_B","Strike_B","Defend_B","Defend_B","Defend_B","Defend_B","Zap","Dualcast","Gash","Multi-Cast+1","Go for the Eyes","Gash","FTL","Storm","Genetic Algorithm","Rip and Tear"],"relics":["Cracked Core","Akabeko","Pet Ghost","Darkstone Periapt","Tiny Chest"],"acts_visited":["Exordium"],"potions_floor_usage":[8,10],"damage_taken":[{"damage":1,"enemies":"Jaw Worm","floor":1,"turns":4},{"damage":0,"enemies":"Small Slimes","floor":4,"turns":2},{"damage":0,"enemies":"2 Louse","floor":5,"turns":2},{"damage":7,"enemies":"Blue Slaver","floor":7,"turns":3},{"damage":26,"enemies":"3 Sentries","floor":8,"turns":8},{"damage":10,"enemies":"Replay:BlueRogue","floor":10,"turns":5},{"damage":15,"enemies":"3 Sentries","floor":13,"turns":7},{"damage":85,"enemies":"Fading Forest","floor":16,"turns":10}],"seed_played":"-7305706127791004032","potions_obtained":[{"floor":7,"key":"ColorlessPotion"},{"floor":8,"key":"DuplicationPotion"},{"floor":13,"key":"SteroidPotion"}],"is_trial":false,"path_per_floor":["M","?","$","M","M","R","M","E","T","E","?","R","E","T","R","B"],"character_chosen":"DEFECT","items_purchased":[],"campfire_rested":2,"item_purchase_floors":[],"current_hp_per_floor":[74,74,74,74,74,74,67,41,41,31,31,53,38,38,60,0,0],"gold":300,"neow_bonus":"TRANSFORM_CARD","is_daily":false,"chose_seed":false,"campfire_upgraded":0,"win_rate":0.0,"timestamp":1608575796,"path_taken":["M","?","$","M","M","R","M","E","T","E","?","R","E","?","R","BOSS"],"items_purchased_type":[],"build_version":"2020-12-13","purchased_purges":0,"victory":false,"max_hp_per_floor":[75,75,75,75,75,75,75,75,75,75,75,75,75,75,75,75,75],"card_choices":[{"not_picked":["Cold Snap","Steam"],"picked":"BasicCrystalCard","floor":1},{"not_picked":["Rebound","Sweeping Beam"],"picked":"Go for the Eyes","floor":4},{"not_picked":["Turbo","Stack"],"picked":"Gash","floor":5},{"not_picked":["Hologram","Melter"],"picked":"FTL","floor":7},{"not_picked":["Steam Power","Rebound"],"picked":"Storm","floor":8},{"not_picked":["Biased Cognition","Streamline"],"picked":"Genetic Algorithm","floor":10},{"not_picked":["Streamline","Hologram"],"picked":"Rip and Tear","floor":13}],"player_experience":245965,"relics_obtained":[{"floor":8,"key":"Akabeko"},{"floor":10,"key":"Pet Ghost"},{"floor":13,"key":"Darkstone Periapt"},{"floor":14,"key":"Tiny Chest"}],"event_choices":[{"damage_healed":0,"gold_gain":0,"player_choice":"Ignored","damage_taken":0,"max_hp_gain":0,"max_hp_loss":0,"event_name":"Golden Wing","floor":11,"gold_loss":0}],"is_beta":false,"boss_relics":[],"items_purged_floors":[],"is_endless":false,"potions_floor_spawned":[7,8,13],"killed_by":"Fading Forest","ascension_level":1}}