{"host":"h78e02h09yhg9y5r","time":1608521463,"event":{"mods":["ATMod(阿瑾Mod)","AchievementEnabler","Act Like it!","Aspiration","BaseMod","BetterRewards","Dota2Spire","Downfall","Hermit","KinomotoSakuraMod(木之本樱)","Minty Spire (QoL Compilation)","MostiFishMod","RumiaBox-露米娅的神秘盒子","Shop Mod","Spicy Shops","StSLib","The Runesmith","TheWitcher","【功能Mod】混沌之环修复补丁"],"gold_per_floor":[110,129,129,54,66,91,91,124,124,158,179,179,217,292,292,385,385,409,409,40,60,60,101,101,101,127,177,196,211,211,6,6,96,96,114,114,133,133,13,52,64,117,129,141,197,232,104,145,145,145,145],"floor_reached":52,"playtime":1820,"items_purged":["Strike_R","Slimebound:Tackle+1","Defend_R","Defend_R","Slimebound:Tackle+1"],"score":2324,"play_id":"2471890e-70b9-4191-89c0-ed966ae4fd4a","local_time":"20201221113103","is_ascension_mode":true,"campfire_choices":[{"data":"Entrench","floor":15,"key":"SMITH"},{"data":"MostiFishMod:CullingBlade","floor":24,"key":"SMITH"},{"data":"MostiFishMod:TheEndOfMoonlight","floor":30,"key":"SMITH"},{"data":"MostiFishMod:WinterMarkForm","floor":32,"key":"SMITH"},{"data":"MostiFishMod:UltimateDefense","floor":41,"key":"SMITH"},{"data":"Body Slam","floor":49,"key":"SMITH"}],"circlet_count":0,"master_deck":["AscendersBane","Defend_R","Defend_R","Bash","MostiFishMod:FrostNova","MostiFishMod:WinterMarkForm+1","AT_Dispersion+1","Entrench+1","Body Slam+1","MostiFishMod:CullingBlade+1","MostiFishMod:TheEndOfMoonlight+1","Rampage","MostiFishMod:UltimateDefense+1"],"relics":["Burning Blood","DaveBox","AT_ATBox","NeowsBlessing","FrostBlade","Question Card","Bottled Flame","Golden Idol","Self Forming Clay","Mummified Hand","AT_RedTearstoneRing","ImportantClient","AddBug","Question Card","Dota2Spire:BattleFury","MutagenicStrength","Dota2Spire:OrchidMalevolence","Bag of Marbles","Busted Crown","Question Card","MawBank","aspiration:HatOfInfinitePower","Art of War","Dota2Spire:DrumOfEndurance","Dota2Spire:Dagon"],"acts_visited":["Exordium","TheCity","TheBeyond"],"potions_floor_usage":[6],"damage_taken":[{"damage":0,"enemies":"Jaw Worm","floor":1,"turns":1},{"damage":0,"enemies":"Cultist","floor":2,"turns":1},{"damage":0,"enemies":"2 Louse","floor":5,"turns":1},{"damage":7,"enemies":"3 Sentries","floor":6,"turns":4},{"damage":9,"enemies":"Lagavulin","floor":8,"turns":5},{"damage":5,"enemies":"Gremlin Nob","floor":10,"turns":4},{"damage":11,"enemies":"Looter","floor":11,"turns":3},{"damage":0,"enemies":"Lagavulin","floor":13,"turns":3},{"damage":7,"enemies":"The Guardian","floor":16,"turns":6},{"damage":0,"enemies":"Spheric Guardian","floor":18,"turns":4},{"damage":0,"enemies":"2 Thieves","floor":21,"turns":2},{"damage":0,"enemies":"Gremlin Leader","floor":23,"turns":2},{"damage":3,"enemies":"Sentry and Sphere","floor":28,"turns":3},{"damage":0,"enemies":"Snake Plant","floor":29,"turns":1},{"damage":3,"enemies":"Champ","floor":33,"turns":4},{"damage":0,"enemies":"3 Darklings","floor":35,"turns":1},{"damage":6,"enemies":"Orb Walker","floor":37,"turns":2},{"damage":19,"enemies":"Nemesis","floor":40,"turns":3},{"damage":0,"enemies":"Reptomancer","floor":42,"turns":1},{"damage":7,"enemies":"Giant Head","floor":45,"turns":4},{"damage":0,"enemies":"Maw","floor":46,"turns":3},{"damage":15,"enemies":"Nemesis","floor":48,"turns":3},{"damage":23,"enemies":"Time Eater","floor":50,"turns":3},{"damage":5,"enemies":"Awakened One","floor":51,"turns":5}],"seed_played":"-8818847180173843399","potions_obtained":[{"floor":2,"key":"Block Potion"},{"floor":6,"key":"BloodPotion"},{"floor":11,"key":"AttackPotion"},{"floor":13,"key":"Guardian:BlockOnCardUsePotion"}],"is_trial":false,"path_per_floor":["M","M","?","$","M","E","?","E","T","E","M","?","E","?","R","B",null,"M","?","$","M","?","E","R","?","T","?","M","M","R","$","R","B",null,"M","?","M","?","$","E","R","E","T","?","E","M","$","E","R","B","B",null],"character_chosen":"IRONCLAD","items_purchased":["MostiFishMod:TheEndOfMoonlight","Dota2Spire:BattleFury"],"campfire_rested":0,"item_purchase_floors":[20,20],"current_hp_per_floor":[74,75,75,75,75,74,74,71,71,72,67,60,66,55,55,54,70,75,75,75,75,75,75,75,75,75,75,75,75,75,75,75,75,75,75,75,75,75,75,62,62,68,68,68,67,73,73,64,64,47,48],"gold":145,"neow_bonus":"THREE_ENEMY_KILL","is_daily":false,"chose_seed":false,"campfire_upgraded":6,"win_rate":0.0,"timestamp":1608521463,"path_taken":["M","M","?","$","?","E","?","E","T","E","M","?","E","?","R","BOSS","M","?","$","M","?","E","R","?","T","?","?","M","R","?","R","BOSS","M","?","M","?","$","E","R","E","T","?","E","M","$","E","R","BOSS","BOSS"],"items_purchased_type":["Card","Relic"],"build_version":"2020-12-13","purchased_purges":5,"victory":true,"max_hp_per_floor":[75,75,75,75,75,75,75,75,75,75,75,75,75,75,75,75,75,75,75,75,75,75,75,75,75,75,75,75,75,75,75,75,75,75,75,75,75,75,75,75,75,75,75,75,75,75,75,75,75,75,75],"card_choices":[{"not_picked":["Sentinel","Pommel Strike"],"picked":"Entrench","floor":1},{"not_picked":["Thunderclap","Clash","Havoc"],"picked":"Body Slam","floor":2},{"not_picked":["Hemokinesis","Bloodletting","Clash","AT_BodySlamDance"],"picked":"SKIP","floor":5},{"not_picked":["Hemokinesis","Bloodletting","Clash","AT_BodySlamDance"],"picked":"SKIP","floor":5},{"not_picked":["Pommel Strike","Sword Boomerang","Spot Weakness","MostiFishMod:ChineseTea"],"picked":"SKIP","floor":6},{"not_picked":["Spot Weakness","Hemokinesis","Evolve","Dual Wield"],"picked":"SKIP","floor":8},{"not_picked":["True Grit","Sword Boomerang","Pummel","Havoc"],"picked":"SKIP","floor":10},{"not_picked":["Clash","Battle Trance","True Grit","Sentinel"],"picked":"SKIP","floor":11},{"not_picked":["Cleave","Anger","Twin Strike","Intimidate"],"picked":"SKIP","floor":13},{"not_picked":["Double Tap","MostiFishMod:TemporaryOutbreak","MostiFishMod:ChineseTea"],"picked":"MostiFishMod:CullingBlade","floor":16},{"not_picked":["AT_DiedThrough","Spot Weakness","True Grit","Twin Strike"],"picked":"SKIP","floor":18},{"not_picked":["Inflame","Disarm","Reckless Charge","Evolve","AT_DrawKnifeCut"],"picked":"SKIP","floor":21},{"not_picked":["Inflame","Pommel Strike","AT_ShrugMaster+1","Clash","Hemokinesis"],"picked":"SKIP","floor":23},{"not_picked":["Body Slam","Combust","Cleave","Intimidate"],"picked":"Rampage","floor":28},{"not_picked":["Whirlwind","Clothesline+1","Perfected Strike","MostiFishMod:FireWorks","Carnage+1"],"picked":"SKIP","floor":29},{"not_picked":["Impervious","MostiFishMod:PerfectStrikeMKII","MostiFishMod:NeverNightCountry","Brutality"],"picked":"MostiFishMod:UltimateDefense","floor":33},{"not_picked":["Twin Strike+1","Whirlwind","Wild Strike"],"picked":"SKIP","floor":35},{"not_picked":["Thunderclap+1","Power Through+1","Clothesline","Pommel Strike"],"picked":"SKIP","floor":37},{"not_picked":["Rampage","Battle Trance","Whirlwind","Corruption"],"picked":"SKIP","floor":40},{"not_picked":["AT_IchimonjiDouble","Uppercut","Exhume","Cleave"],"picked":"SKIP","floor":42},{"not_picked":["Sentinel","Anger+1","Carnage+1","Pommel Strike+1"],"picked":"SKIP","floor":45},{"not_picked":["Fire Breathing","Pommel Strike+1","Blood for Blood","Perfected Strike+1"],"picked":"SKIP","floor":46},{"not_picked":["AT_Dispersion","Searing Blow","Heavy Blade+1","Flame Barrier+1"],"picked":"SKIP","floor":48}],"player_experience":528746,"relics_obtained":[{"floor":1,"key":"Question Card"},{"floor":6,"key":"Bottled Flame"},{"floor":8,"key":"Self Forming Clay"},{"floor":10,"key":"Mummified Hand"},{"floor":13,"key":"AT_RedTearstoneRing"},{"floor":16,"key":"ImportantClient"},{"floor":18,"key":"Question Card"},{"floor":23,"key":"Dota2Spire:OrchidMalevolence"},{"floor":26,"key":"Bag of Marbles"},{"floor":35,"key":"Question Card"},{"floor":40,"key":"MawBank"},{"floor":42,"key":"aspiration:HatOfInfinitePower"},{"floor":43,"key":"Art of War"},{"floor":45,"key":"Dota2Spire:DrumOfEndurance"},{"floor":48,"key":"Dota2Spire:Dagon"}],"event_choices":[{"damage_healed":0,"gold_gain":0,"player_choice":"Upgraded","damage_taken":0,"max_hp_gain":0,"max_hp_loss":0,"event_name":"Upgrade Shrine","floor":3,"gold_loss":0,"cards_upgraded":["AT_Dispersion"]},{"damage_healed":0,"gold_gain":0,"player_choice":"Take Wound","damage_taken":0,"relics_obtained":["Golden Idol"],"max_hp_gain":0,"max_hp_loss":0,"event_name":"Golden Idol","floor":7,"gold_loss":0,"cards_obtained":["Injury"]},{"cards_removed":["Injury"],"damage_healed":0,"gold_gain":0,"player_choice":"Card Removal","damage_taken":7,"max_hp_gain":0,"max_hp_loss":0,"event_name":"Golden Wing","floor":12,"gold_loss":0},{"damage_healed":0,"gold_gain":75,"player_choice":"Gather Gold","damage_taken":11,"max_hp_gain":0,"max_hp_loss":0,"event_name":"World of Goop","floor":14,"gold_loss":0},{"damage_healed":0,"gold_gain":0,"player_choice":"Inject Mutagens","damage_taken":0,"relics_obtained":["MutagenicStrength"],"max_hp_gain":0,"max_hp_loss":0,"event_name":"Drug Dealer","floor":22,"gold_loss":0},{"cards_removed":["Slimebound:Tackle"],"damage_healed":0,"gold_gain":0,"player_choice":"Elegance","damage_taken":0,"max_hp_gain":0,"max_hp_loss":0,"event_name":"Back to Basics","floor":25,"gold_loss":0},{"damage_healed":0,"gold_gain":50,"player_choice":"Stole From Cult","damage_taken":0,"max_hp_gain":0,"max_hp_loss":0,"event_name":"Nest","floor":27,"gold_loss":0},{"damage_healed":0,"gold_gain":0,"player_choice":"Ignored","damage_taken":0,"max_hp_gain":0,"max_hp_loss":0,"event_name":"Tomb of Lord Red Mask","floor":36,"gold_loss":0},{"damage_healed":0,"gold_gain":0,"player_choice":"Memory 1","damage_taken":0,"max_hp_gain":0,"max_hp_loss":0,"event_name":"SensoryStone","floor":44,"gold_loss":0}],"is_beta":false,"boss_relics":[{"not_picked":["FeatherPendant","Fusion Hammer"],"picked":"AddBug"},{"not_picked":["SoulBox","Sozu"],"picked":"Busted Crown"}],"items_purged_floors":[4,31,31,39,47],"is_endless":false,"potions_floor_spawned":[2,6,11,13,23,28,37,46,48],"ascension_level":20}}