{"host":"coame8l8goqx0svj","time":1608566910,"event":{"mods":["BaseMod","Downfall","Minty Spire (QoL Compilation)","StSLib"],"gold_per_floor":[99,118,118,128,139,51,103,135,60,93,93,93,37,22,38,137,137,137,137,155,70,70,70,70],"floor_reached":22,"playtime":1913,"items_purged":[],"score":272,"play_id":"c958a7e3-6884-414a-8286-62b84a7ff39e","local_time":"20201221170830","is_ascension_mode":true,"campfire_choices":[{"floor":1,"key":"RECALL"},{"data":"Guardian:PrismaticBeam","floor":9,"key":"SMITH"},{"data":"Guardian:HyperBeam_Guardian","floor":18,"key":"SMITH"}],"circlet_count":0,"master_deck":["Guardian:Strike_Guardian","Guardian:Strike_Guardian","Guardian:Strike_Guardian","Guardian:Defend_Guardian","Guardian:Defend_Guardian","Guardian:Defend_Guardian","Guardian:Defend_Guardian","Guardian:CurlUp","Guardian:TwinSlam","Guardian:PrismaticBarrier","Guardian:CrystalBeam","Guardian:PrismaticBeam+1","Guardian:TimeBomb","Guardian:TemporalStrike","Guardian:MultiBeam","Guardian:StasisStrike","Guardian:RollAttack","Guardian:HyperBeam_Guardian+1","Guardian:ArmoredProtocol+1","Guardian:Orbwalk"],"relics":["Velvet Choker","Vajra","Dream Catcher","downfall:HeartBlessingRed","Pear","Mercury Hourglass","Busted Crown"],"acts_visited":["Exordium","TheCity"],"potions_floor_usage":[16,16,22],"damage_taken":[{"damage":1,"enemies":"Cultist","floor":2,"turns":3},{"damage":0,"enemies":"Small Slimes","floor":4,"turns":3},{"damage":0,"enemies":"2 Louse","floor":5,"turns":3},{"damage":0,"enemies":"downfall:FleeingMerchant","floor":6,"turns":4},{"damage":23,"enemies":"3 Sentries","floor":8,"turns":10},{"damage":4,"enemies":"Lagavulin","floor":10,"turns":5},{"damage":0,"enemies":"downfall:FleeingMerchant","floor":13,"turns":4},{"damage":6,"enemies":"downfall:FleeingMerchant","floor":14,"turns":4},{"damage":0,"enemies":"Blue Slaver","floor":15,"turns":2},{"damage":27,"enemies":"downfall:Ironclad","floor":16,"turns":7},{"damage":1,"enemies":"Shell Parasite","floor":20,"turns":3},{"damage":25,"enemies":"downfall:FleeingMerchant","floor":21,"turns":4},{"damage":36,"enemies":"Book of Stabbing","floor":22,"turns":4}],"seed_played":"517122149742874657","potions_obtained":[{"floor":2,"key":"Guardian:DefensiveModePotion"},{"floor":4,"key":"ColorlessPotion"},{"floor":8,"key":"Dexterity Potion"}],"is_trial":false,"path_per_floor":["R","M","?","M","M","$","T","E","R","E","?","?","$","$","M","B",null,"R","?","M","$","E"],"character_chosen":"GUARDIAN","items_purchased":["Guardian:PrismaticBeam","Guardian:MultiBeam","Guardian:Orbwalk"],"campfire_rested":0,"item_purchase_floors":[6,13,21],"current_hp_per_floor":[72,71,71,71,71,71,71,48,48,54,47,47,47,41,41,14,71,71,53,52,27,0,0,0],"gold":70,"neow_bonus":"BOSS_RELIC","is_daily":false,"chose_seed":false,"campfire_upgraded":2,"win_rate":0.0,"timestamp":1608566910,"path_taken":["R","M","?","M","?","$","T","E","R","E","?","?","?","$","M","BOSS","R","?","M","$","E"],"items_purchased_type":["Card","Card","Card"],"build_version":"2020-12-13","purchased_purges":0,"victory":false,"max_hp_per_floor":[80,80,80,80,80,80,80,80,80,90,90,90,90,90,90,90,90,90,95,95,95,95,95,95],"card_choices":[{"not_picked":["Guardian:Incinerate","Guardian:SentryBeam","Guardian:Emergency"],"picked":"SKIP","floor":2},{"not_picked":["Guardian:DecasProtection","Guardian:Planning"],"picked":"Guardian:PrismaticBarrier","floor":4},{"not_picked":["Guardian:Preprogram","Guardian:Recover"],"picked":"Guardian:Gem_Cyan","floor":5},{"not_picked":["Guardian:Recover","Guardian:SentryBeam"],"picked":"Guardian:CrystalBeam","floor":6},{"not_picked":["Guardian:TemporalShield","Guardian:Gem_Green"],"picked":"Guardian:TimeBomb","floor":8},{"not_picked":["Guardian:Gem_Fragmented","Guardian:Gem_Cyan"],"picked":"Guardian:TemporalStrike","floor":10},{"not_picked":["Guardian:Planning","Guardian:BronzeOrb","Guardian:Suspension"],"picked":"SKIP","floor":13},{"not_picked":["Guardian:VentSteam","Guardian:ArmoredProtocol"],"picked":"Guardian:StasisStrike","floor":14},{"not_picked":["Guardian:Gem_Green","Guardian:Gem_Cyan"],"picked":"Guardian:RollAttack","floor":15},{"not_picked":["Guardian:RevengeProtocol","Guardian:ConstructionForm"],"picked":"Guardian:HyperBeam_Guardian","floor":16},{"not_picked":["Guardian:VentSteam"],"picked":"SKIP","floor":20},{"not_picked":[],"picked":"Guardian:ArmoredProtocol+1","floor":21}],"player_experience":1711185,"relics_obtained":[{"floor":7,"key":"Vajra"},{"floor":8,"key":"Dream Catcher"},{"floor":10,"key":"Pear"}],"event_choices":[{"damage_healed":0,"gold_gain":0,"player_choice":"Success","damage_taken":7,"relics_obtained":["Mercury Hourglass"],"max_hp_gain":0,"max_hp_loss":0,"event_name":"Scrap Ooze","floor":11,"gold_loss":0}],"is_beta":false,"boss_relics":[{"not_picked":["Runic Pyramid","Fusion Hammer"],"picked":"Busted Crown"}],"items_purged_floors":[],"is_endless":false,"potions_floor_spawned":[2,4,8],"killed_by":"Book of Stabbing","ascension_level":6}}