{"host":"6qo42zgaknezulyg","time":1608594982,"event":{"mods":["2.2 Compatiblity","BaseMod","Keyboard Shortcuts","Minty Spire (QoL Compilation)","Permanent Neow","Quick Restart","StSLib","SuperFastMode","The Runesmith"],"gold_per_floor":[119,135,152,102,121,121,6,18,65,90,90,123,123,142,142,244,244,258,270,270,284,21,56,56,68,68,96,123,123,45,71,71,173,173,192,102,102,112,162,193,208,208,276,287,287,303,337,359,371,383],"floor_reached":51,"playtime":2923,"items_purged":["Runesmith:Strike_RS","Pain"],"score":866,"play_id":"c728b4e9-f494-45e6-85d0-78503da785c8","local_time":"20201222085622","is_ascension_mode":true,"campfire_choices":[{"data":"Runesmith:HammerAndChisel","floor":6.0,"key":"SMITH"},{"floor":11.0,"key":"REST"},{"data":"Runesmith:PoweredAnvil","floor":15.0,"key":"SMITH"},{"data":"Apotheosis","floor":29.0,"key":"SMITH"},{"data":"Runesmith:GrandSlam","floor":32.0,"key":"SMITH"},{"floor":42,"key":"REST"},{"data":"Runesmith:MetallurgicalResearch","floor":45,"key":"SMITH"},{"floor":49,"key":"REST"}],"circlet_count":0,"master_deck":["Runesmith:Defend_RS","Runesmith:Defend_RS+1","Runesmith:CraftFirestone","Runesmith:Fortify","Runesmith:CraftObretio+1","Runesmith:HammerTime","Runesmith:HammerAndChisel+1","Runesmith:PoweredAnvil+1","Runesmith:BackupBattery","Runesmith:Accelerate","Runesmith:ReplicatingBarrier","Runesmith:HeatedChisel+1","Runesmith:Terraform+1","Apotheosis+1","Ghostly+1","Ghostly","Ghostly","Ghostly","Ghostly","Runesmith:CraftMagma+1","Runesmith:GrandSlam+1","Runesmith:Terraform+1","Runesmith:MetallurgicalResearch+1","Runesmith:HeatedChisel+1","Parasite","Runesmith:CraftVitae+1","Runesmith:CraftVitae+1"],"relics":["Runesmith:BrokenRuby","War Paint","Kunai","Dream Catcher","Runic Dome","WarpedTongs","Ornamental Fan","Darkstone Periapt","Letter Opener","Potion Belt","Runesmith:AutoHammer","Empty Cage","Gambling Chip","Happy Flower","Pear","MawBank"],"acts_visited":["Exordium","TheCity","TheBeyond"],"potions_floor_usage":[50,50,50,50],"damage_taken":[{"damage":1.0,"enemies":"2 Louse","floor":1.0,"turns":3.0},{"damage":7.0,"enemies":"Small Slimes","floor":2.0,"turns":5.0},{"damage":1.0,"enemies":"Cultist","floor":3.0,"turns":3.0},{"damage":20.0,"enemies":"Exordium Thugs","floor":5.0,"turns":5.0},{"damage":3.0,"enemies":"2 Fungi Beasts","floor":8.0,"turns":2.0},{"damage":10.0,"enemies":"3 Sentries","floor":10.0,"turns":4.0},{"damage":9.0,"enemies":"Lagavulin","floor":12.0,"turns":4.0},{"damage":0.0,"enemies":"Exordium Wildlife","floor":14.0,"turns":2.0},{"damage":17.0,"enemies":"Slime Boss","floor":16.0,"turns":10.0},{"damage":21.0,"enemies":"3 Byrds","floor":18.0,"turns":5.0},{"damage":4.0,"enemies":"Chosen","floor":19.0,"turns":4.0},{"damage":4.0,"enemies":"Snake Plant","floor":21.0,"turns":4.0},{"damage":12.0,"enemies":"Slavers","floor":23.0,"turns":6.0},{"damage":1.0,"enemies":"Shelled Parasite and Fungi","floor":25.0,"turns":6.0},{"damage":1.0,"enemies":"Gremlin Leader","floor":27.0,"turns":8.0},{"damage":2.0,"enemies":"Book of Stabbing","floor":31.0,"turns":7.0},{"damage":6.0,"enemies":"Collector","floor":33.0,"turns":9.0},{"damage":2.0,"enemies":"Orb Walker","floor":35.0,"turns":5.0},{"damage":1.0,"enemies":"3 Shapes","floor":38.0,"turns":6.0},{"damage":6.0,"enemies":"Mind Bloom Boss Battle","floor":39.0,"turns":6.0},{"damage":2.0,"enemies":"Nemesis","floor":40.0,"turns":9.0},{"damage":4,"enemies":"Writhing Mass","floor":41,"turns":5},{"damage":2,"enemies":"Jaw Worm Horde","floor":44,"turns":6},{"damage":2,"enemies":"Spire Growth","floor":46,"turns":5},{"damage":14,"enemies":"Giant Head","floor":47,"turns":10},{"damage":1,"enemies":"Writhing Mass","floor":48,"turns":4},{"damage":0,"enemies":"Awakened One","floor":50,"turns":22}],"seed_played":"-861129892795276131","potions_obtained":[{"floor":1.0,"key":"Fire Potion"},{"floor":2.0,"key":"Energy Potion"},{"floor":5.0,"key":"Fire Potion"},{"floor":14.0,"key":"Regen Potion"},{"floor":18.0,"key":"SkillPotion"},{"floor":21.0,"key":"PowerPotion"},{"floor":25.0,"key":"EssenceOfSteel"},{"floor":27.0,"key":"PowerPotion"},{"floor":35.0,"key":"LiquidBronze"},{"floor":39.0,"key":"Fruit Juice"},{"floor":44,"key":"Swift Potion"},{"floor":46,"key":"FairyPotion"}],"is_trial":false,"path_per_floor":["M","M","M","?","M","R","$","M","T","E","R","E","?","M","R","B",null,"M","M","?","M","$","E","?","M","T","E","T","R","$","E","R","B",null,"M","?","$","M","?","E","M","R","T","M","R","M","E","M","R","B",null],"character_chosen":"RUNESMITH_CLASS","items_purchased":["Runesmith:PoweredAnvil","Apotheosis","Runesmith:GrandSlam"],"campfire_rested":3,"item_purchase_floors":[7,22,30],"current_hp_per_floor":[48,41,40,40,20,20,20,17,17,7,28,19,19,19,19,2,70,49,57,57,53,53,41,35,34,34,33,33,33,33,31,31,25,35,33,33,33,32,31,29,31,44,54,52,52,50,36,35,51,51],"gold":395,"neow_bonus":"REMOVE_TWO","is_daily":false,"chose_seed":false,"campfire_upgraded":5,"win_rate":0.0,"timestamp":1608594982,"path_taken":["M","M","M","?","M","R","$","M","T","E","R","E","?","M","R","BOSS","M","M","?","?","$","E","?","M","T","E","?","R","$","E","R","BOSS","M","?","?","M","?","E","M","R","T","M","R","?","E","M","R","BOSS"],"items_purchased_type":["Card","Card","Card"],"build_version":"2020-12-13","purchased_purges":2,"victory":true,"max_hp_per_floor":[70,70,70,70,70,70,70,70,70,70,70,70,70,70,70,70,70,70,70,70,70,70,70,35,35,35,35,35,35,35,35,35,35,35,35,35,35,35,40,40,46,46,56,56,56,56,56,56,56,56],"card_choices":[{"not_picked":["Runesmith:Grindstone","Runesmith:Electrocute"],"picked":"Runesmith:CraftObretio","floor":1.0},{"not_picked":["Runesmith:NegativeSpace","Runesmith:ShiftingStrike"],"picked":"Runesmith:HammerTime","floor":2.0},{"not_picked":["Runesmith:EnergizedChisel","Runesmith:CraftMagma","Runesmith:ShiftingStrike"],"picked":"SKIP","floor":3.0},{"not_picked":["Runesmith:RunicBlueprint","Runesmith:Augment"],"picked":"Runesmith:HammerAndChisel","floor":5.0},{"not_picked":["Runesmith:RuneHurl","Runesmith:Grindstone","Runesmith:Empowerment"],"picked":"SKIP","floor":8.0},{"not_picked":["Runesmith:EarthShield","Runesmith:PoweredAnvil","Runesmith:Overpower"],"picked":"SKIP","floor":10.0},{"not_picked":["Runesmith:CraftSpiculum","Runesmith:Terraform"],"picked":"Runesmith:BackupBattery","floor":12.0},{"not_picked":["Runesmith:Empowerment","Runesmith:ChiselStab","Runesmith:Discharge"],"picked":"SKIP","floor":14.0},{"not_picked":["Runesmith:Supernova","Runesmith:DuctTape"],"picked":"Runesmith:ReplicatingBarrier","floor":16.0},{"not_picked":["Runesmith:BackupBattery","Runesmith:Repurpose","Runesmith:HammerThrow"],"picked":"SKIP","floor":18.0},{"not_picked":["Runesmith:Repurpose","Runesmith:RuneHurl"],"picked":"Runesmith:HeatedChisel+1","floor":19.0},{"not_picked":["Runesmith:Attraction","Runesmith:Grindstone"],"picked":"Runesmith:Terraform+1","floor":21.0},{"not_picked":["Runesmith:StaticCage+1","Runesmith:ChiselStab","Runesmith:ArcReactor"],"picked":"SKIP","floor":23.0},{"not_picked":["Runesmith:ChargedHammer","Runesmith:StaticCage","Runesmith:CraftObretio"],"picked":"SKIP","floor":25.0},{"not_picked":["Runesmith:ChiselStab","Runesmith:Retool"],"picked":"Runesmith:CraftMagma+1","floor":27.0},{"not_picked":["Runesmith:BackupBattery","Runesmith:CraftMedicinae"],"picked":"Runesmith:Terraform+1","floor":31.0},{"not_picked":["Runesmith:CraftIndustria","Runesmith:DuctTape"],"picked":"Runesmith:MetallurgicalResearch","floor":33.0},{"not_picked":["Runesmith:ElementalConversion","Runesmith:Overpower+1","Runesmith:HammerThrow+1"],"picked":"SKIP","floor":35.0},{"not_picked":["Runesmith:MakeshiftArmor","Runesmith:HeatedChisel","Runesmith:BackupBattery"],"picked":"SKIP","floor":38.0},{"not_picked":["Runesmith:OneForEveryone","Runesmith:RuneHurl"],"picked":"Runesmith:HeatedChisel+1","floor":39.0},{"not_picked":["Runesmith:Overpower","Runesmith:FissionHammer","Runesmith:Repurpose"],"picked":"SKIP","floor":40.0},{"not_picked":["Runesmith:Overpower+1","Runesmith:CraftIncendium","Runesmith:Superposition"],"picked":"SKIP","floor":41},{"not_picked":["Runesmith:CraftProtectio+1","Runesmith:Electrocute+1","Runesmith:ShiftingStrike+1"],"picked":"SKIP","floor":44},{"not_picked":["Runesmith:CraftProtectio+1","Runesmith:Electrocute+1","Runesmith:ShiftingStrike+1"],"picked":"SKIP","floor":44},{"not_picked":["Runesmith:ShiftingStrike+1","Runesmith:HeatExchange","Runesmith:ElementalConversion+1"],"picked":"SKIP","floor":46},{"not_picked":["Runesmith:Malloc+1","Runesmith:OneForEveryone+1"],"picked":"Runesmith:CraftVitae+1","floor":47},{"not_picked":["Runesmith:EarthShield+1","Runesmith:GenerateForcefield","Runesmith:CraftProtectio"],"picked":"SKIP","floor":48},{"not_picked":["Runesmith:HeatedChisel+1","Runesmith:Accelerate"],"picked":"Runesmith:CraftVitae+1","floor":49}],"player_experience":732701,"relics_obtained":[{"floor":9.0,"key":"War Paint"},{"floor":10.0,"key":"Kunai"},{"floor":12.0,"key":"Dream Catcher"},{"floor":23.0,"key":"Ornamental Fan"},{"floor":26.0,"key":"Darkstone Periapt"},{"floor":27.0,"key":"Letter Opener"},{"floor":28.0,"key":"Potion Belt"},{"floor":31.0,"key":"Runesmith:AutoHammer"},{"floor":39.0,"key":"Gambling Chip"},{"floor":40.0,"key":"Happy Flower"},{"floor":43,"key":"Pear"},{"floor":47,"key":"MawBank"}],"event_choices":[{"cards_removed":["Runesmith:Strike_RS"],"damage_healed":0.0,"max_hp_gain":0.0,"max_hp_loss":0.0,"gold_gain":0.0,"event_name":"The Cleric","player_choice":"Card Removal","floor":4.0,"gold_loss":50.0,"damage_taken":0.0},{"damage_healed":0.0,"max_hp_gain":0.0,"max_hp_loss":0.0,"gold_gain":0.0,"event_name":"Match and Keep!","player_choice":"2 cards matched","floor":13.0,"gold_loss":0.0,"damage_taken":0.0,"cards_obtained":["Runesmith:Accelerate","Runesmith:DuctTape"]},{"damage_healed":0.0,"max_hp_gain":0.0,"max_hp_loss":0.0,"gold_gain":0.0,"event_name":"Accursed Blacksmith","player_choice":"Rummage","floor":20.0,"gold_loss":0.0,"damage_taken":0.0,"relics_obtained":["WarpedTongs"],"cards_obtained":["Pain"]},{"damage_healed":0.0,"max_hp_gain":0.0,"max_hp_loss":35.0,"gold_gain":0.0,"event_name":"Ghosts","player_choice":"Became a Ghost","floor":24.0,"gold_loss":0.0,"damage_taken":0.0,"cards_obtained":["Ghostly","Ghostly","Ghostly","Ghostly","Ghostly"]},{"cards_removed":["Runesmith:Defend_RS"],"damage_healed":0.0,"max_hp_gain":0.0,"max_hp_loss":0.0,"gold_gain":0.0,"event_name":"Designer","player_choice":"Upgrade and Remove","floor":36.0,"gold_loss":90.0,"damage_taken":0.0,"cards_upgraded":["Ghostly"]},{"damage_healed":0.0,"max_hp_gain":0.0,"max_hp_loss":0.0,"gold_gain":0.0,"event_name":"MindBloom","player_choice":"Fight","floor":39.0,"gold_loss":0.0,"damage_taken":0.0}],"is_beta":false,"boss_relics":[{"not_picked":["Pandora\u0027s Box","Philosopher\u0027s Stone"],"picked":"Runic Dome"},{"not_picked":["SacredBark","Tiny House"],"picked":"Empty Cage"}],"items_purged_floors":[7,22],"is_endless":false,"potions_floor_spawned":[1,2,5,14,18,21,25,27,35,39,44,46,47],"ascension_level":1}}