{"host":"rolltorest","time":1608512948,"event":{"mods":["BaseMod","Minty Spire (QoL Compilation)","StSLib"],"gold_per_floor":[116,116,132,147,147,172,189,222,248,83,97,97,130,146,146,218,218,238,187,201,217,233,233,233],"floor_reached":23,"playtime":865,"items_purged":["Strike_B"],"score":480,"play_id":"254e5325-822c-4cbe-8992-4d48fa7ecc3b","local_time":"20201220170908","is_ascension_mode":true,"campfire_choices":[{"data":"Defragment","floor":12,"key":"SMITH"},{"data":"Hyperbeam","floor":15,"key":"SMITH"}],"circlet_count":0,"master_deck":["AscendersBane","Strike_B","Defend_B","Defend_B","Defend_B","Zap+1","Dualcast+1","Hello World+1","Conserve Battery+1","Sunder+1","Hologram","Streamline","Hyperbeam+1","Echo Form","Self Repair","Defragment","Defragment+1","Gash","Seek","Cold Snap","Capacitor","Defragment"],"relics":["Astrolabe","Meat on the Bone","Lantern","Nunchaku","Centennial Puzzle","Nuclear Battery"],"acts_visited":["Exordium","TheCity"],"potions_floor_usage":[16,23],"damage_taken":[{"damage":2,"enemies":"Jaw Worm","floor":1,"turns":4},{"damage":0,"enemies":"2 Louse","floor":3,"turns":3},{"damage":1,"enemies":"Small Slimes","floor":4,"turns":3},{"damage":8,"enemies":"Gremlin Nob","floor":6,"turns":3},{"damage":6,"enemies":"Exordium Wildlife","floor":7,"turns":3},{"damage":0,"enemies":"Lagavulin","floor":8,"turns":5},{"damage":0,"enemies":"2 Fungi Beasts","floor":11,"turns":2},{"damage":22,"enemies":"3 Sentries","floor":13,"turns":7},{"damage":0,"enemies":"Exordium Thugs","floor":14,"turns":2},{"damage":5,"enemies":"Hexaghost","floor":16,"turns":7},{"damage":27,"enemies":"3 Byrds","floor":18,"turns":3},{"damage":0,"enemies":"Chosen","floor":20,"turns":2},{"damage":22,"enemies":"Snake Plant","floor":21,"turns":4},{"damage":29,"enemies":"Chosen and Byrds","floor":22,"turns":7},{"damage":87,"enemies":"Gremlin Leader","floor":23,"turns":6}],"seed_played":"-1283239611793715078","potions_obtained":[{"floor":1,"key":"FocusPotion"},{"floor":6,"key":"Dexterity Potion"},{"floor":14,"key":"FocusPotion"},{"floor":18,"key":"FocusPotion"},{"floor":22,"key":"FairyPotion"}],"is_trial":false,"path_per_floor":["M","?","M","M","?","E","M","E","T","$","M","R","E","M","R","B",null,"M","$","M","M","M","E"],"character_chosen":"DEFECT","items_purchased":["Defragment","Cold Snap"],"campfire_rested":0,"item_purchase_floors":[10,19],"current_hp_per_floor":[62,67,67,66,43,35,41,48,48,48,48,48,45,45,45,47,69,49,49,49,53,43,0,0],"gold":233,"neow_bonus":"BOSS_RELIC","is_daily":false,"chose_seed":false,"campfire_upgraded":2,"win_rate":0.0,"timestamp":1608512948,"path_taken":["M","?","M","M","?","E","M","E","T","$","M","R","E","M","R","BOSS","M","$","M","M","M","E"],"items_purchased_type":["Card","Card"],"build_version":"2020-12-18","purchased_purges":1,"victory":false,"max_hp_per_floor":[71,76,76,76,76,76,76,76,76,76,76,76,76,76,76,76,76,76,76,76,76,76,76,76],"card_choices":[{"not_picked":["Coolheaded","Turbo"],"picked":"Hologram","floor":1},{"not_picked":["Steam Power","Barrage"],"picked":"Streamline","floor":3},{"not_picked":["Chaos","Compile Driver"],"picked":"Hyperbeam","floor":4},{"not_picked":["Melter","Cold Snap"],"picked":"Echo Form","floor":6},{"not_picked":["Chaos","Cold Snap"],"picked":"Self Repair","floor":7},{"not_picked":["All For One","Double Energy"],"picked":"Defragment","floor":8},{"not_picked":["Redo","Hologram","Chaos"],"picked":"SKIP","floor":11},{"not_picked":["Turbo","Auto Shields"],"picked":"Gash","floor":13},{"not_picked":["Leap","Steam Power","Conserve Battery"],"picked":"SKIP","floor":14},{"not_picked":["Amplify","Machine Learning"],"picked":"Seek","floor":16},{"not_picked":["Barrage","Conserve Battery","Chaos"],"picked":"SKIP","floor":18},{"not_picked":["Conserve Battery","Hologram","Auto Shields"],"picked":"SKIP","floor":20},{"not_picked":["Steam+1","Rebound"],"picked":"Capacitor","floor":21},{"not_picked":["Double Energy","Self Repair"],"picked":"Defragment","floor":22}],"player_experience":1696889,"relics_obtained":[{"floor":6,"key":"Meat on the Bone"},{"floor":8,"key":"Lantern"},{"floor":9,"key":"Nunchaku"},{"floor":13,"key":"Centennial Puzzle"}],"event_choices":[{"damage_healed":0,"gold_gain":0,"player_choice":"Donut","damage_taken":0,"max_hp_gain":5,"max_hp_loss":0,"event_name":"Big Fish","floor":2,"gold_loss":0},{"damage_healed":0,"gold_gain":0,"player_choice":"Entered Light","damage_taken":23,"max_hp_gain":0,"max_hp_loss":0,"event_name":"Shining Light","floor":5,"gold_loss":0,"cards_upgraded":["Zap","Dualcast"]}],"is_beta":true,"boss_relics":[{"not_picked":["SacredBark","Calling Bell"],"picked":"Nuclear Battery"}],"items_purged_floors":[10],"is_endless":false,"potions_floor_spawned":[1,6,7,8,14,18,22],"killed_by":"Gremlin Leader","ascension_level":20}}