{"host":"0vd2boh2oi7jm085","time":1608595091,"event":{"mods":["BaseMod","Colored Map","Colored Powertips","Highlight Path","Minty Spire (QoL Compilation)","Quick Restart","StSLib","The IronCluck"],"gold_per_floor":[116,129,129,129,146,146,146,146,146,146,163,498,38,38,38,115,115,130,144,144,35,50,50,67,67,67,13,30,30,30],"floor_reached":29,"playtime":679,"items_purged":[],"score":424,"play_id":"356c30a0-afbd-4fec-8e2c-4ae029abfc62","local_time":"20201221155811","is_ascension_mode":true,"campfire_choices":[{"data":"Barricade","floor":6.0,"key":"SMITH"},{"data":"Bash","floor":8.0,"key":"SMITH"},{"data":"Defend_R","floor":10.0,"key":"SMITH"},{"floor":15.0,"key":"REST"},{"floor":23.0,"key":"REST"},{"floor":25,"key":"REST"}],"circlet_count":0,"master_deck":["AscendersBane","Strike_R","Strike_R","Strike_R","Strike_R","Defend_R+1","Defend_R","Defend_R","Defend_R","Bash+1","Barricade+1","Shockwave","Demon Form","Shrug It Off","Ghostly Armor","Good Instincts"],"relics":["Burning Blood","White Beast Statue","StoneCalendar","Old Coin","Membership Card","Mummified Hand","Magic Flower","Philosopher\u0027s Stone","Lantern","Incense Burner"],"acts_visited":["Exordium","TheCity"],"potions_floor_usage":[24,28,28],"damage_taken":[{"damage":5.0,"enemies":"Small Slimes","floor":1.0,"turns":3.0},{"damage":6.0,"enemies":"Cultist","floor":2.0,"turns":3.0},{"damage":9.0,"enemies":"Jaw Worm","floor":5.0,"turns":4.0},{"damage":28.0,"enemies":"Exordium Thugs","floor":11.0,"turns":6.0},{"damage":42.0,"enemies":"Lagavulin","floor":12.0,"turns":7.0},{"damage":28.0,"enemies":"Slime Boss","floor":16.0,"turns":9.0},{"damage":21.0,"enemies":"Shell Parasite","floor":18.0,"turns":6.0},{"damage":31.0,"enemies":"2 Thieves","floor":19.0,"turns":4.0},{"damage":29.0,"enemies":"Centurion and Healer","floor":22.0,"turns":7.0},{"damage":56,"enemies":"3 Cultists","floor":24,"turns":7},{"damage":32,"enemies":"Snake Plant","floor":28,"turns":6},{"damage":26,"enemies":"Shelled Parasite and Fungi","floor":29,"turns":3}],"seed_played":"3735010373098963778","potions_obtained":[{"floor":11.0,"key":"ColorlessPotion"},{"floor":12.0,"key":"GamblersBrew"},{"floor":16.0,"key":"LiquidMemories"},{"floor":18.0,"key":"SkillPotion"},{"floor":19.0,"key":"Weak Potion"},{"floor":20.0,"key":"BloodPotion"},{"floor":22.0,"key":"GamblersBrew"},{"floor":24,"key":"LiquidMemories"},{"floor":28,"key":"Fire Potion"}],"is_trial":false,"path_per_floor":["M","M","?","?","M","R","T","R","T","R","M","E","$","?","R","B",null,"M","M","?","$","M","R","M","R","T","$","M","M"],"character_chosen":"IRONCLAD","items_purchased":["Membership Card","Mummified Hand","Magic Flower","Shrug It Off","Lantern","Good Instincts"],"campfire_rested":3,"item_purchase_floors":[13,13,13,21,21,27],"current_hp_per_floor":[76,76,81,81,78,78,78,78,78,78,56,20,20,20,46,27,72,60,38,38,38,44,70,23,49,49,49,26,0,0],"gold":30,"neow_bonus":"TEN_PERCENT_HP_BONUS","is_daily":false,"chose_seed":false,"campfire_upgraded":3,"win_rate":0.0,"timestamp":1608595091,"path_taken":["M","M","?","?","?","R","?","R","T","R","?","E","$","?","R","BOSS","M","M","?","?","M","R","M","R","T","$","M","?"],"items_purchased_type":["Relic","Relic","Relic","Card","Relic","Card"],"build_version":"2020-12-13","purchased_purges":0,"victory":false,"max_hp_per_floor":[82,82,87,87,87,87,87,87,87,87,87,87,87,87,87,87,87,87,87,87,87,87,87,87,87,87,87,87,87,87],"card_choices":[{"not_picked":["Armaments","Sword Boomerang","Pommel Strike"],"picked":"SKIP","floor":1.0},{"not_picked":["Shrug It Off","Clash"],"picked":"Barricade","floor":2.0},{"not_picked":["Thunderclap","True Grit","Shockwave"],"picked":"SKIP","floor":5.0},{"not_picked":["Disarm","Armaments"],"picked":"Shockwave","floor":11.0},{"not_picked":["Burning Pact","Seeing Red"],"picked":"Demon Form","floor":12.0},{"not_picked":["Pommel Strike+1","Clothesline","Clash"],"picked":"SKIP","floor":18.0},{"not_picked":["Wild Strike","Heavy Blade","Feed"],"picked":"SKIP","floor":19.0},{"not_picked":["Cleave","Disarm"],"picked":"Ghostly Armor","floor":22.0},{"not_picked":["Battle Trance","Inflame","Sword Boomerang"],"picked":"SKIP","floor":24},{"not_picked":["Flex","Cleave","Thunderclap"],"picked":"SKIP","floor":28}],"player_experience":97105,"relics_obtained":[{"floor":7.0,"key":"White Beast Statue"},{"floor":9.0,"key":"StoneCalendar"},{"floor":12.0,"key":"Old Coin"},{"floor":26,"key":"Incense Burner"}],"event_choices":[{"damage_healed":0.0,"max_hp_gain":5.0,"max_hp_loss":0.0,"gold_gain":0.0,"event_name":"Big Fish","player_choice":"Donut","floor":3.0,"gold_loss":0.0,"damage_taken":0.0},{"cards_removed":["Strike_R"],"damage_healed":0.0,"max_hp_gain":0.0,"max_hp_loss":0.0,"gold_gain":0.0,"event_name":"Bonfire Elementals","player_choice":"Offered Basic","floor":4.0,"gold_loss":0.0,"damage_taken":0.0},{"damage_healed":0.0,"max_hp_gain":0.0,"max_hp_loss":0.0,"gold_gain":0.0,"event_name":"Shining Light","player_choice":"Ignored","floor":14.0,"gold_loss":0.0,"damage_taken":0.0},{"damage_healed":0.0,"max_hp_gain":0.0,"max_hp_loss":0.0,"gold_gain":0.0,"event_name":"Lab","player_choice":"Got Potions","floor":20.0,"gold_loss":0.0,"damage_taken":0.0}],"is_beta":false,"boss_relics":[{"not_picked":["Busted Crown","Runic Cube"],"picked":"Philosopher\u0027s Stone"}],"items_purged_floors":[],"is_endless":false,"potions_floor_spawned":[11,12,16,18,19,22,24,28],"killed_by":"Shelled Parasite and Fungi","ascension_level":18}}