{"host":"Kdaddybrian","time":1608572650,"event":{"mods":["AchievementEnabler","BaseMod","Bestiary","Colored Powertips","Minty Spire (QoL Compilation)","Potion Indicator Mod","Quick Restart","Rare Cards Sparkle","Relic Stats","StSLib","Uncapped"],"gold_per_floor":[110,13,26,44,61,86,86,120,120,136,158,158,176,201,201,304,304,314,314,334,351,4,4,24,24,74,74,89,89,105,130,130,235,235,254,254,274,293,293,293,326,345,345,345,374,374,409,409,409,409,409,409,12,43,43,43],"floor_reached":55,"playtime":3040,"items_purged":["Strike_G"],"score":1171,"play_id":"b47f2652-3748-47d8-95c6-75c6843a099c","local_time":"20201221124410","is_ascension_mode":true,"campfire_choices":[{"data":"Finisher","floor":7.0,"key":"SMITH"},{"floor":12.0,"key":"REST"},{"data":"Leg Sweep","floor":15.0,"key":"SMITH"},{"floor":23.0,"key":"REST"},{"floor":25.0,"key":"REST"},{"data":"After Image","floor":27.0,"key":"SMITH"},{"data":"Malaise","floor":29.0,"key":"SMITH"},{"floor":32.0,"key":"REST"},{"floor":40.0,"key":"RECALL"},{"floor":49.0,"key":"REST"},{"data":"Malaise","floor":52.0,"key":"SMITH"}],"circlet_count":0,"master_deck":["AscendersBane","Strike_G","Strike_G","Strike_G","Defend_G","Defend_G","Defend_G","Defend_G","Defend_G","Survivor","Neutralize","Dagger Throw","Finisher+1","Blade Dance","Sucker Punch","Cloak And Dagger","Masterful Stab","Crippling Poison","Crippling Poison","Blade Dance","Leg Sweep+1","Blade Dance","Acrobatics","After Image+1","Blade Dance","Cloak And Dagger","Well Laid Plans","Malaise+1","Panacea","Blur","Footwork+1","Cloak And Dagger+1","Malaise+1","Finisher+1","Terror","Accuracy","Prepared+1","Acrobatics+1"],"relics":["Ring of the Snake","Potion Belt","Lizard Tail","Ornamental Fan","Odd Mushroom","Mercury Hourglass","Busted Crown","Strawberry","StrikeDummy","WristBlade","TungstenRod","Toxic Egg 2","Bottled Tornado","Eternal Feather","Vajra","Nunchaku"],"acts_visited":["Exordium","TheCity","TheBeyond","TheEnding"],"potions_floor_usage":[54,55,55,55],"damage_taken":[{"damage":4.0,"enemies":"2 Louse","floor":1.0,"turns":3.0},{"damage":0.0,"enemies":"Jaw Worm","floor":3.0,"turns":3.0},{"damage":0.0,"enemies":"Cultist","floor":4.0,"turns":3.0},{"damage":0.0,"enemies":"Blue Slaver","floor":5.0,"turns":2.0},{"damage":18.0,"enemies":"3 Sentries","floor":6.0,"turns":8.0},{"damage":12.0,"enemies":"Lagavulin","floor":8.0,"turns":5.0},{"damage":5.0,"enemies":"Red Slaver","floor":10.0,"turns":4.0},{"damage":5.0,"enemies":"The Mushroom Lair","floor":11.0,"turns":4.0},{"damage":0.0,"enemies":"3 Louse","floor":13.0,"turns":3.0},{"damage":8.0,"enemies":"Gremlin Nob","floor":14.0,"turns":3.0},{"damage":15.0,"enemies":"Hexaghost","floor":16.0,"turns":13.0},{"damage":0.0,"enemies":"Spheric Guardian","floor":18.0,"turns":3.0},{"damage":0.0,"enemies":"Shell Parasite","floor":20.0,"turns":3.0},{"damage":3.0,"enemies":"Cultist and Chosen","floor":21.0,"turns":5.0},{"damage":23.0,"enemies":"Snecko","floor":24.0,"turns":7.0},{"damage":12.0,"enemies":"Snake Plant","floor":28.0,"turns":5.0},{"damage":0.0,"enemies":"3 Cultists","floor":30.0,"turns":6.0},{"damage":17.0,"enemies":"Slavers","floor":31.0,"turns":5.0},{"damage":50.0,"enemies":"Collector","floor":33.0,"turns":13.0},{"damage":0.0,"enemies":"3 Shapes","floor":35.0,"turns":7.0},{"damage":0.0,"enemies":"Orb Walker","floor":37.0,"turns":3.0},{"damage":0.0,"enemies":"Writhing Mass","floor":38.0,"turns":7.0},{"damage":17.0,"enemies":"Nemesis","floor":41.0,"turns":7.0},{"damage":12.0,"enemies":"Transient","floor":42.0,"turns":5.0},{"damage":29.0,"enemies":"Giant Head","floor":45.0,"turns":8.0},{"damage":9.0,"enemies":"Reptomancer","floor":47.0,"turns":5.0},{"damage":52.0,"enemies":"Time Eater","floor":50.0,"turns":17.0},{"damage":88,"enemies":"Shield and Spear","floor":54,"turns":8},{"damage":27,"enemies":"The Heart","floor":55,"turns":2}],"seed_played":"7287099632655762730","potions_obtained":[{"floor":1.0,"key":"Strength Potion"},{"floor":5.0,"key":"Fire Potion"},{"floor":8.0,"key":"FearPotion"},{"floor":14.0,"key":"Regen Potion"},{"floor":16.0,"key":"Swift Potion"},{"floor":21.0,"key":"Poison Potion"},{"floor":28.0,"key":"Weak Potion"},{"floor":30.0,"key":"SneckoOil"},{"floor":31.0,"key":"ColorlessPotion"},{"floor":37.0,"key":"Swift Potion"},{"floor":41.0,"key":"LiquidBronze"},{"floor":47.0,"key":"Dexterity Potion"},{"floor":54,"key":"FearPotion"}],"is_trial":false,"path_per_floor":["M","$","M","M","M","E","R","E","T","M","?","R","M","E","R","B",null,"M","?","M","M","$","R","M","R","T","R","M","R","M","E","R","B",null,"M","?","M","M","?","R","E","M","T","?","E","T","E","?","R","B",null,"R","$","E","B"],"character_chosen":"THE_SILENT","items_purchased":["Blade Dance","Sucker Punch","Well Laid Plans","Malaise","Panacea","Vajra","Accuracy","BlessingOfTheForge","BlessingOfTheForge","Prepared+1","Acrobatics+1"],"campfire_rested":5,"item_purchase_floors":[2,2,22,22,22,53,53,53,53,53,53],"current_hp_per_floor":[59,59,59,59,59,41,41,29,29,24,19,40,40,32,32,17,57,57,57,57,54,54,70,47,68,75,75,63,63,77,60,77,27,65,65,65,65,65,65,65,48,36,36,67,38,38,29,29,67,15,54,67,67,14,0,0],"gold":43,"neow_bonus":"THREE_CARDS","is_daily":false,"chose_seed":false,"campfire_upgraded":5,"win_rate":0.0,"timestamp":1608572650,"path_taken":["M","$","M","M","M","E","R","E","T","M","?","R","M","E","R","BOSS","M","?","M","M","$","R","?","R","T","R","M","R","M","E","R","BOSS","M","?","?","M","?","R","E","M","T","?","E","?","E","?","R","BOSS","R","$","E","BOSS"],"items_purchased_type":["Card","Card","Card","Card","Card","Relic","Card","Potion","Potion","Card","Card"],"build_version":"2020-12-18","purchased_purges":1,"victory":false,"max_hp_per_floor":[70,70,70,70,70,70,70,70,70,70,70,70,70,70,70,70,70,70,70,70,70,70,70,70,70,77,77,77,77,77,77,77,77,77,77,77,77,77,77,77,77,77,77,67,67,67,67,67,67,67,67,67,67,67,67,67],"relic_stats":{"Lizard Tail":33,"Nunchaku":[0],"Busted Crown":32,"counters":[29,165],"Ornamental Fan":[424],"Eternal Feather":34,"obtain_stats":[{"Potion Belt":6,"Vajra":53,"Eternal Feather":47,"Odd Mushroom":11,"Bottled Tornado":46,"Mercury Hourglass":14,"Lizard Tail":8,"Nunchaku":54,"Busted Crown":17,"WristBlade":34,"Ornamental Fan":9,"Strawberry":26,"Toxic Egg 2":45,"StrikeDummy":31,"TungstenRod":41,"Ring of the Snake":0},{"Potion Belt":5,"Vajra":27,"Eternal Feather":26,"Odd Mushroom":8,"Bottled Tornado":25,"Mercury Hourglass":10,"Lizard Tail":6,"Nunchaku":28,"Busted Crown":11,"WristBlade":19,"Ornamental Fan":6,"Strawberry":15,"Toxic Egg 2":25,"StrikeDummy":18,"TungstenRod":23,"Ring of the Snake":0},{"Potion Belt":19,"Vajra":155,"Eternal Feather":138,"Odd Mushroom":32,"Bottled Tornado":133,"Mercury Hourglass":38,"Lizard Tail":24,"Nunchaku":163,"Busted Crown":50,"WristBlade":96,"Ornamental Fan":24,"Strawberry":68,"Toxic Egg 2":133,"StrikeDummy":83,"TungstenRod":120,"Ring of the Snake":0}],"TungstenRod":35,"Ring of the Snake":[58],"Mercury Hourglass":[454]},"card_choices":[{"not_picked":["Deflect","Quick Slash"],"picked":"Dagger Throw","floor":0.0},{"not_picked":["Footwork","Endless Agony"],"picked":"Finisher","floor":1.0},{"not_picked":["Reflex","Prepared"],"picked":"Cloak And Dagger","floor":3.0},{"not_picked":["Sucker Punch","Blur"],"picked":"Masterful Stab","floor":4.0},{"not_picked":["Underhanded Strike","Skewer","Prepared"],"picked":"SKIP","floor":5.0},{"not_picked":["Dagger Spray","Deadly Poison"],"picked":"Crippling Poison","floor":6.0},{"not_picked":["Flying Knee","Grand Finale"],"picked":"Crippling Poison","floor":8.0},{"not_picked":["Prepared","Deflect"],"picked":"Blade Dance","floor":10.0},{"not_picked":["Die Die Die","Acrobatics"],"picked":"Leg Sweep","floor":11.0},{"not_picked":["Bouncing Flask","Riddle With Holes"],"picked":"Blade Dance","floor":13.0},{"not_picked":["Calculated Gamble","Setup"],"picked":"Acrobatics","floor":14.0},{"not_picked":["A Thousand Cuts","Tools of the Trade"],"picked":"After Image","floor":16.0},{"not_picked":[],"picked":"Blade Dance","floor":18.0},{"not_picked":["Deadly Poison"],"picked":"SKIP","floor":20.0},{"not_picked":[],"picked":"Cloak And Dagger","floor":21.0},{"not_picked":[],"picked":"Blur","floor":24.0},{"not_picked":[],"picked":"Footwork+1","floor":28.0},{"not_picked":[],"picked":"Cloak And Dagger+1","floor":30.0},{"not_picked":["Prepared"],"picked":"SKIP","floor":31.0},{"not_picked":[],"picked":"Malaise","floor":33.0},{"not_picked":["Quick Slash+1"],"picked":"SKIP","floor":35.0},{"not_picked":[],"picked":"Finisher+1","floor":37.0},{"not_picked":[],"picked":"Terror","floor":38.0},{"not_picked":["Setup"],"picked":"SKIP","floor":41.0},{"not_picked":["Quick Slash+1"],"picked":"SKIP","floor":42.0},{"not_picked":["Bane"],"picked":"SKIP","floor":45.0},{"not_picked":["Slice"],"picked":"SKIP","floor":47.0},{"not_picked":["Riddle With Holes"],"picked":"SKIP","floor":54}],"player_experience":2891658,"relics_obtained":[{"floor":6.0,"key":"Potion Belt"},{"floor":8.0,"key":"Lizard Tail"},{"floor":9.0,"key":"Ornamental Fan"},{"floor":11.0,"key":"Odd Mushroom"},{"floor":14.0,"key":"Mercury Hourglass"},{"floor":26.0,"key":"Strawberry"},{"floor":31.0,"key":"StrikeDummy"},{"floor":41.0,"key":"TungstenRod"},{"floor":45.0,"key":"Toxic Egg 2"},{"floor":46.0,"key":"Bottled Tornado"},{"floor":47.0,"key":"Eternal Feather"},{"floor":54,"key":"Nunchaku"}],"event_choices":[{"damage_healed":0.0,"max_hp_gain":0.0,"max_hp_loss":0.0,"gold_gain":0.0,"event_name":"Mushrooms","player_choice":"Fought Mushrooms","floor":11.0,"gold_loss":0.0,"damage_taken":0.0},{"damage_healed":0.0,"max_hp_gain":0.0,"max_hp_loss":0.0,"gold_gain":0.0,"event_name":"NoteForYourself","player_choice":"Ignored","floor":19.0,"gold_loss":0.0,"damage_taken":0.0},{"cards_removed":["Strike_G"],"damage_healed":0.0,"max_hp_gain":0.0,"max_hp_loss":0.0,"gold_gain":0.0,"event_name":"Purifier","player_choice":"Purged","floor":36.0,"gold_loss":0.0,"damage_taken":0.0},{"damage_healed":0.0,"max_hp_gain":0.0,"max_hp_loss":0.0,"gold_gain":0.0,"event_name":"Tomb of Lord Red Mask","player_choice":"Ignored","floor":39.0,"gold_loss":0.0,"damage_taken":0.0},{"damage_healed":67.0,"max_hp_gain":0.0,"max_hp_loss":10.0,"gold_gain":0.0,"event_name":"The Moai Head","player_choice":"Heal","floor":44.0,"gold_loss":0.0,"damage_taken":0.0},{"damage_healed":0.0,"max_hp_gain":0.0,"max_hp_loss":0.0,"gold_gain":0.0,"event_name":"Mysterious Sphere","player_choice":"Ignored","floor":48.0,"gold_loss":0.0,"damage_taken":0.0}],"is_beta":true,"boss_relics":[{"not_picked":["Runic Dome","Snecko Eye"],"picked":"Busted Crown"},{"not_picked":["Ring of the Serpent","HoveringKite"],"picked":"WristBlade"}],"items_purged_floors":[22],"is_endless":false,"potions_floor_spawned":[1,5,8,14,16,21,28,30,31,37,41,47,54],"killed_by":"The Heart","ascension_level":10}}