{"host":"51f0ad793vly1w6u","time":1608550822,"event":{"mods":["BaseMod","Colored Map","DeckTracker","Minty Spire (QoL Compilation)","StSLib","SuperFastMode"],"gold_per_floor":[118,43,43,60,72,100,100,110,136,136,155,216,216,251,251,323,323,335,355,355,355,18,18,31,44,44,44,75,85,85,117,117,194,194,206,206,219,219,219,219,219,219,246,269,291,291,303,88,88,88,88],"floor_reached":52,"playtime":943,"items_purged":["Clash","Strike_R"],"score":1850,"play_id":"08123e3e-637e-4304-8fce-2e699779c4b7","local_time":"20201221204022","is_ascension_mode":true,"campfire_choices":[{"data":"Inflame","floor":7.0,"key":"SMITH"},{"data":"Bash","floor":10.0,"key":"SMITH"},{"data":"Limit Break","floor":15,"key":"SMITH"},{"data":"Limit Break","floor":23,"key":"SMITH"},{"floor":27,"key":"REST"},{"data":"Inflame","floor":32,"key":"SMITH"},{"data":"Sword Boomerang","floor":40,"key":"SMITH"},{"data":"Shrug It Off","floor":42,"key":"SMITH"},{"data":"Battle Trance","floor":46,"key":"SMITH"},{"data":"Pummel","floor":49,"key":"SMITH"}],"circlet_count":0,"master_deck":["AscendersBane","Strike_R","Strike_R","Strike_R","Defend_R","Defend_R","Defend_R","Defend_R","Bash+1","Inflame+1","Sword Boomerang+1","Pummel+1","Shrug It Off+1","Limit Break+1","Limit Break+1","Reaper","Inflame+1","Battle Trance+1","Pommel Strike+1","Shrug It Off+1","Bloodletting+1","Shockwave+1","Impervious+1","Flex+1","Warcry+1","Deep Breath+1"],"relics":["Burning Blood","Lizard Tail","Orichalcum","Dream Catcher","Bag of Marbles","Velvet Choker","Membership Card","Mummified Hand","Oddly Smooth Stone","Art of War","Toxic Egg 2","Runic Pyramid","CeramicFish","Anchor"],"acts_visited":["Exordium","TheCity","TheBeyond"],"potions_floor_usage":[16,19,33,50,51],"damage_taken":[{"damage":16.0,"enemies":"Small Slimes","floor":1.0,"turns":4.0},{"damage":7.0,"enemies":"Jaw Worm","floor":4.0,"turns":3.0},{"damage":3.0,"enemies":"2 Louse","floor":5.0,"turns":3.0},{"damage":25.0,"enemies":"3 Sentries","floor":6.0,"turns":7.0},{"damage":7.0,"enemies":"Large Slime","floor":8.0,"turns":5.0},{"damage":20.0,"enemies":"Exordium Thugs","floor":11.0,"turns":3.0},{"damage":21,"enemies":"Lagavulin","floor":14,"turns":6},{"damage":7,"enemies":"Hexaghost","floor":16,"turns":4},{"damage":16,"enemies":"2 Thieves","floor":18,"turns":2},{"damage":32,"enemies":"Shell Parasite","floor":19,"turns":4},{"damage":33,"enemies":"Snake Plant","floor":24,"turns":4},{"damage":17,"enemies":"Sentry and Sphere","floor":25,"turns":4},{"damage":0,"enemies":"Gremlin Leader","floor":28,"turns":4},{"damage":28,"enemies":"Cultist and Chosen","floor":29,"turns":7},{"damage":28,"enemies":"Slavers","floor":31,"turns":5},{"damage":15,"enemies":"Champ","floor":33,"turns":7},{"damage":0,"enemies":"3 Darklings","floor":35,"turns":3},{"damage":5,"enemies":"Orb Walker","floor":37,"turns":3},{"damage":22,"enemies":"Spire Growth","floor":44,"turns":4},{"damage":12,"enemies":"Writhing Mass","floor":45,"turns":4},{"damage":30,"enemies":"Transient","floor":47,"turns":6},{"damage":32,"enemies":"Donu and Deca","floor":50,"turns":5},{"damage":60,"enemies":"Awakened One","floor":51,"turns":7}],"seed_played":"-1236819542700540351","potions_obtained":[{"floor":1.0,"key":"SkillPotion"},{"floor":4.0,"key":"LiquidBronze"},{"floor":5.0,"key":"PowerPotion"},{"floor":11.0,"key":"Fire Potion"},{"floor":19,"key":"Dexterity Potion"},{"floor":33,"key":"LiquidBronze"},{"floor":35,"key":"EssenceOfSteel"},{"floor":45,"key":"Block Potion"}],"is_trial":false,"path_per_floor":["M","?","?","M","M","E","R","M","T","R","M","?","?","E","R","B",null,"M","M","?","?","$","R","M","M","T","R","E","M","?","E","R","B",null,"M","?","M","?","?","R","?","R","T","M","M","R","M","$","R","B","B",null],"character_chosen":"IRONCLAD","items_purchased":["Membership Card","Mummified Hand","GamblersBrew","Anchor","Deep Breath+1"],"campfire_rested":1,"item_purchase_floors":[22,22,48,48,48],"current_hp_per_floor":[58,58,63,62,65,46,46,45,45,45,31,31,31,16,16,15,59,69,43,43,43,43,43,37,26,26,47,73,66,66,59,59,50,67,73,73,73,69,69,69,69,69,69,69,63,63,69,69,69,69,62],"gold":88,"neow_bonus":"ONE_RARE_RELIC","is_daily":false,"chose_seed":false,"campfire_upgraded":9,"win_rate":0.0,"timestamp":1608550822,"path_taken":["M","?","?","M","M","E","R","M","T","R","M","?","?","E","R","BOSS","M","M","?","?","$","R","M","M","T","R","E","M","?","E","R","BOSS","M","?","?","?","?","R","?","R","T","M","M","R","M","$","R","BOSS","BOSS"],"items_purchased_type":["Relic","Relic","Potion","Relic","Card"],"build_version":"2020-12-13","purchased_purges":2,"victory":true,"max_hp_per_floor":[68,68,73,73,73,73,73,73,73,73,73,73,73,73,73,73,73,73,73,73,73,73,73,73,73,73,73,73,73,73,73,73,73,73,73,73,73,69,69,69,69,69,69,69,69,69,69,69,69,69,69],"card_choices":[{"not_picked":["Searing Blow","True Grit"],"picked":"Clash","floor":1.0},{"not_picked":["Shrug It Off","Body Slam"],"picked":"Inflame","floor":4.0},{"not_picked":["Headbutt","Shockwave"],"picked":"Sword Boomerang","floor":5.0},{"not_picked":["Flex","Thunderclap"],"picked":"Pummel","floor":6.0},{"not_picked":["Warcry","Feel No Pain"],"picked":"Sword Boomerang","floor":8.0},{"not_picked":["Rupture","Body Slam"],"picked":"Shrug It Off","floor":11.0},{"not_picked":["Bloodletting","Uppercut"],"picked":"Limit Break","floor":14},{"not_picked":["Immolate","Corruption"],"picked":"Reaper","floor":16},{"not_picked":["Blood for Blood","Twin Strike","Clothesline"],"picked":"SKIP","floor":18},{"not_picked":["Armaments","Feel No Pain"],"picked":"Inflame","floor":19},{"not_picked":["Clash","Body Slam"],"picked":"Pommel Strike+1","floor":24},{"not_picked":["Headbutt","Iron Wave+1"],"picked":"Shrug It Off","floor":25},{"not_picked":["Uppercut","Perfected Strike+1"],"picked":"Power Through+1","floor":27},{"not_picked":["Sword Boomerang","Pummel"],"picked":"Bloodletting+1","floor":28},{"not_picked":["Hemokinesis","Fire Breathing","Twin Strike"],"picked":"SKIP","floor":29},{"not_picked":["Disarm+1","Iron Wave"],"picked":"Shockwave+1","floor":31},{"not_picked":["Berserk","Corruption"],"picked":"Impervious+1","floor":33},{"not_picked":["Shrug It Off+1","Perfected Strike","Pummel"],"picked":"SKIP","floor":35},{"not_picked":["Hemokinesis+1","Combust","Thunderclap+1"],"picked":"SKIP","floor":37},{"not_picked":["Body Slam","Power Through+1"],"picked":"Flex+1","floor":44},{"not_picked":["Pommel Strike","Anger+1"],"picked":"Warcry+1","floor":45},{"not_picked":["Clash+1","Wild Strike+1","Brutality"],"picked":"SKIP","floor":47}],"player_experience":1373162,"relics_obtained":[{"floor":6.0,"key":"Orichalcum"},{"floor":9.0,"key":"Dream Catcher"},{"floor":14,"key":"Bag of Marbles"},{"floor":26,"key":"Oddly Smooth Stone"},{"floor":28,"key":"Art of War"},{"floor":31,"key":"Toxic Egg 2"},{"floor":43,"key":"CeramicFish"}],"event_choices":[{"cards_removed":["Strike_R"],"damage_healed":0.0,"max_hp_gain":0.0,"max_hp_loss":0.0,"gold_gain":0.0,"event_name":"The Cleric","player_choice":"Card Removal","floor":2.0,"gold_loss":75.0,"damage_taken":0.0},{"damage_healed":0.0,"max_hp_gain":5.0,"max_hp_loss":0.0,"gold_gain":0.0,"event_name":"Big Fish","player_choice":"Donut","floor":3.0,"gold_loss":0.0,"damage_taken":0.0},{"damage_healed":0.0,"max_hp_gain":0.0,"max_hp_loss":0.0,"gold_gain":61.0,"event_name":"Golden Wing","player_choice":"Gained Gold","floor":12.0,"gold_loss":0.0,"damage_taken":0.0},{"damage_healed":0,"gold_gain":0,"player_choice":"1 cards matched","damage_taken":0,"max_hp_gain":0,"max_hp_loss":0,"event_name":"Match and Keep!","floor":13,"gold_loss":0,"cards_obtained":["Limit Break"]},{"damage_healed":0,"gold_gain":0,"player_choice":"Ignored","damage_taken":0,"max_hp_gain":0,"max_hp_loss":0,"event_name":"Ghosts","floor":20,"gold_loss":0},{"damage_healed":0,"gold_gain":0,"player_choice":"Read","damage_taken":0,"max_hp_gain":0,"max_hp_loss":0,"event_name":"The Library","floor":21,"gold_loss":0,"cards_obtained":["Battle Trance"]},{"damage_healed":0,"gold_gain":0,"player_choice":"Ignored","damage_taken":0,"max_hp_gain":0,"max_hp_loss":0,"event_name":"The Mausoleum","floor":30,"gold_loss":0},{"cards_removed":["Power Through"],"damage_healed":0,"gold_gain":0,"player_choice":"Offered Uncommon","damage_taken":0,"max_hp_gain":0,"max_hp_loss":0,"event_name":"Bonfire Elementals","floor":36,"gold_loss":0},{"damage_healed":0,"gold_gain":0,"player_choice":"Max HP","damage_taken":0,"max_hp_gain":0,"max_hp_loss":4,"event_name":"Winding Halls","floor":38,"gold_loss":0},{"cards_removed":["Sword Boomerang"],"damage_healed":0,"gold_gain":0,"player_choice":"Removed Attack","damage_taken":0,"max_hp_gain":0,"max_hp_loss":0,"event_name":"Falling","floor":39,"gold_loss":0},{"damage_healed":0,"gold_gain":0,"player_choice":"Upgraded","damage_taken":0,"max_hp_gain":0,"max_hp_loss":0,"event_name":"Upgrade Shrine","floor":41,"gold_loss":0,"cards_upgraded":["Shrug It Off"]}],"is_beta":false,"boss_relics":[{"not_picked":["Snecko Eye","Mark of Pain"],"picked":"Velvet Choker"},{"not_picked":["SacredBark","Calling Bell"],"picked":"Runic Pyramid"}],"items_purged_floors":[22,48],"is_endless":false,"potions_floor_spawned":[1,4,5,11,19,33,35,45],"ascension_level":20}}