{"host":"ymw71f7rc9ndansy","time":1608530162,"event":{"mods":["ATMod(°¢èªMod)","Aspiration","BaseMod","DeckTracker","Hubris","Library of Ruina","Library of Ruina Extra","Lobotomy","LobotomyExtend","Minty Spire (QoL Compilation)","MostiFishMod","Remove Card Discount Mod","Replay The Spire","StSLib","TestMod","¡¾ÒÅÎï¿¨ÅÆ¡¿REMEMod"],"gold_per_floor":[117,117,132,146,158,188,201,227,239,251,247,266,266,50,50,125,125,142,138,153,170,186,186,180,180,207,207,239,239,259,273,273,345,345,356,367,218,236,256,290,290,225,225,559,570,605,605,618,618,618,618,618,618,618,509,536,536],"floor_reached":58,"playtime":1828,"items_purged":["Strike_G","Strike_G","Strike_G","Strike_G","Strike_G","MostiFishMod:WinterMarkForm","Defend_G","MostiFishMod:FrostNova","Defend_G","Defend_G","Defend_G","Defend_G","Survivor","Neutralize","MostiFishMod:Neurotoxin+1","Blade Dance","REME_Flogging","AT_EssenceShift+1","Acrobatics+1","Die Die Die"],"score":3137,"play_id":"9e2a255b-2944-4179-944a-b1c92e323c19","local_time":"20201221135602","is_ascension_mode":true,"campfire_choices":[{"data":"MostiFishMod:Dislodge","floor":13,"key":"SMITH"},{"data":"AT_EssenceShift","floor":15,"key":"SMITH"},{"data":"MostiFishMod:UniGreen","floor":23,"key":"SMITH"},{"data":"MostiFishMod:Neurotoxin","floor":25,"key":"SMITH"},{"data":"AT_ShadowStep","floor":27,"key":"SMITH"},{"data":"AT_FocusSwordFire","floor":29,"key":"SMITH"},{"data":"MostiFishMod:AdrenalineArouse","floor":41,"key":"SMITH"},{"data":"AT_ArcaneSupremacy","floor":47,"key":"SMITH"},{"floor":49,"key":"RECALL"},{"data":"Finesse","floor":54,"key":"SMITH"}],"circlet_count":0,"master_deck":["AscendersBane","AT_FocusSwordFire+1","MostiFishMod:Dislodge+1","AT_ShadowStep+1","Finesse+1","MostiFishMod:UniGreen+1","MostiFishMod:AdrenalineArouse+1","Accuracy+1","AT_ArcaneSupremacy+1","MostiFishMod:ButterFly+1"],"relics":["Ring of the Snake","testmod-TestBox","DaveBox","REME_ComplimentaryCards","AT_ATBox","Medical Kit","testmod-FatalChain","Question Card","StrikeDummy","MawBank","Membership Card","ImportantClient","BirthdayGift-Icosahedron","AT_BellDemon","aspiration:Stabinomicon","Bronze Scales","hubris:BottledRain","Smiling Mask","testmod-TurbochargingSystem","Philosopher\u0027s Stone","Art of War","testmod-OneHitWonder","PageOfSpiderBud","Darkstone Periapt","PageOfAspirationHeart","PreservedInsect","hubris:ToyBattleship","Potion Belt","Oddly Smooth Stone","Old Coin","Akabeko","Bag of Marbles","DianPoetry","AT_SilvercatRing","aspiration:Nostalgia","PureWater","SynthV","PageOfSingingMachine","Boot"],"acts_visited":["Exordium","TheCity","TheBeyond","TheEnding"],"potions_floor_usage":[7,8,50],"damage_taken":[{"damage":0,"enemies":"2 Louse","floor":1,"turns":2},{"damage":4,"enemies":"Cultist","floor":3,"turns":3},{"damage":0,"enemies":"Small Slimes","floor":4,"turns":2},{"damage":12,"enemies":"Exordium Wildlife","floor":5,"turns":2},{"damage":8,"enemies":"Gremlin Nob","floor":6,"turns":3},{"damage":6,"enemies":"Large Slime","floor":7,"turns":3},{"damage":10,"enemies":"3 Sentries","floor":8,"turns":3},{"damage":5,"enemies":"Blue Slaver","floor":12,"turns":3},{"damage":0,"enemies":"Fading Forest","floor":16,"turns":7},{"damage":0,"enemies":"Shell Parasite","floor":18,"turns":2},{"damage":0,"enemies":"2 Thieves","floor":20,"turns":1},{"damage":0,"enemies":"Centurion and Healer","floor":21,"turns":1},{"damage":0,"enemies":"Snecko","floor":22,"turns":1},{"damage":0,"enemies":"Book of Stabbing","floor":28,"turns":1},{"damage":0,"enemies":"Shelled Parasite and Fungi","floor":30,"turns":1},{"damage":0,"enemies":"Snake Plant","floor":31,"turns":1},{"damage":0,"enemies":"Champ","floor":33,"turns":1},{"damage":0,"enemies":"3 Shapes","floor":35,"turns":1},{"damage":0,"enemies":"Orb Walker","floor":36,"turns":1},{"damage":0,"enemies":"Maw","floor":38,"turns":1},{"damage":0,"enemies":"4 Shapes","floor":39,"turns":1},{"damage":0,"enemies":"Giant Head","floor":40,"turns":1},{"damage":0,"enemies":"R_Hoarder","floor":44,"turns":2},{"damage":0,"enemies":"Spire Growth","floor":45,"turns":1},{"damage":0,"enemies":"Reptomancer","floor":46,"turns":1},{"damage":0,"enemies":"Writhing Mass","floor":48,"turns":1},{"damage":0,"enemies":"Time Eater","floor":50,"turns":3},{"damage":0,"enemies":"Replay:Hell Engine","floor":51,"turns":1},{"damage":0,"enemies":"Shield and Spear","floor":56,"turns":1},{"damage":39,"enemies":"The Heart","floor":57,"turns":4}],"seed_played":"6664924992599451274","potions_obtained":[{"floor":3,"key":"LifebloodPotion"},{"floor":4,"key":"Block Potion"},{"floor":7,"key":"Adrenaline Potion"},{"floor":16,"key":"Energy Potion"},{"floor":44,"key":"SteroidPotion"},{"floor":48,"key":"Poison Potion"}],"is_trial":false,"path_per_floor":["M","?","M","M","M","E","M","E","T","?","$","M","R","$","R","B",null,"M","$","M","M","M","R","$","R","T","R","E","R","M","M","R","B",null,"M","M","$","M","M","E","R","$","T","E","M","E","R","M","R","B","B",null,null,"R","$","E","B",null],"character_chosen":"THE_SILENT","items_purchased":["Membership Card","Finesse","PageOfSpiderBud","REME_Flogging","Potion Belt","SynthV","MostiFishMod:ButterFly"],"campfire_rested":0,"item_purchase_floors":[14,14,37,37,42,55,55],"current_hp_per_floor":[59,59,55,55,43,35,29,19,19,19,19,14,14,14,14,14,53,54,54,55,56,57,57,57,57,57,57,58,58,59,60,66,66,66,66,66,66,66,66,66,66,66,66,66,66,66,66,66,66,66,66,66,66,66,66,66,28],"gold":536,"neow_bonus":"THREE_RARE_CARDS","is_daily":false,"chose_seed":false,"campfire_upgraded":9,"win_rate":0.0,"timestamp":1608530162,"path_taken":["M","?","?","M","M","E","M","E","T","?","$","?","R","$","R","BOSS","M","$","M","M","M","R","$","R","T","R","E","R","M","?","R","BOSS","M","M","$","M","M","E","R","$","T","E","M","E","R","M","R","BOSS","BOSS","R","$","E","BOSS"],"items_purchased_type":["Relic","Card","Relic","Card","Relic","Relic","Card"],"build_version":"2020-12-13","purchased_purges":20,"victory":true,"max_hp_per_floor":[66,66,66,66,66,66,66,66,66,66,66,66,66,66,66,66,66,66,66,66,66,66,66,66,66,66,66,66,66,66,66,66,66,66,66,66,66,66,66,66,66,66,66,66,66,66,66,66,66,66,66,66,66,66,66,66,66],"card_choices":[{"not_picked":["After Image","aspiration:Lunge"],"picked":"MostiFishMod:Dislodge","floor":0},{"not_picked":["Prepared","Outmaneuver"],"picked":"Blade Dance","floor":1},{"not_picked":["Crippling Poison","Flechettes","Poisoned Stab"],"picked":"MostiFishMod:FrostNova","floor":3},{"not_picked":["REME_GreenPollution","Slice","Flying Knee"],"picked":"MostiFishMod:Neurotoxin","floor":4},{"not_picked":["Poisoned Stab","Outmaneuver","Terror"],"picked":"AT_EssenceShift","floor":6},{"not_picked":["Catalyst","Heel Hook","Flying Knee"],"picked":"Acrobatics","floor":7},{"not_picked":["Toxin Wave","ReplayTheSpireMod:Shiv Toss","Bane"],"picked":"AT_ShadowStep","floor":8},{"not_picked":["Dagger Spray","PiercingWail","Prepared","AT_TwilightShroud"],"picked":"SKIP","floor":12},{"not_picked":["MostiFishMod:SpreadingSpore","REME_SpectralBlade","REME_ShadowForm"],"picked":"MostiFishMod:UniGreen","floor":16},{"not_picked":["Acrobatics","Prepared","Underhanded Strike","Dagger Spray"],"picked":"SKIP","floor":18},{"not_picked":["MostiFishMod:PerfectParry","Bane","Leg Sweep","Outmaneuver"],"picked":"SKIP","floor":20},{"not_picked":["Tools of the Trade","Backflip","Dagger Throw","Deflect+1"],"picked":"SKIP","floor":21},{"not_picked":["Hidden Blade","Draining Mist","Prepared+1","Bouncing Flask+1"],"picked":"SKIP","floor":22},{"not_picked":["Masterful Stab","Sucker Punch","hubris:SlightOfHand","MostiFishMod:InvigoratingSolution"],"picked":"SKIP","floor":28},{"not_picked":["Cloak And Dagger","Quick Slash","Acrobatics","Dagger Throw"],"picked":"SKIP","floor":30},{"not_picked":["Cloak And Dagger","Quick Slash","Acrobatics","Dagger Throw"],"picked":"SKIP","floor":30},{"not_picked":["Backflip+1","Blade Dance","Blur","Flying Knee"],"picked":"SKIP","floor":31},{"not_picked":["AT_EssenceShift","REME_GrazeFinale","aspiration:Lunge"],"picked":"MostiFishMod:AdrenalineArouse","floor":33},{"not_picked":["Outmaneuver","Dodge and Roll","AT_KneejerkReflex","Quick Slash"],"picked":"SKIP","floor":35},{"not_picked":["Slice","Cloak And Dagger","Sucker Punch+1","hubris:SlightOfHand"],"picked":"SKIP","floor":36},{"not_picked":["Slice","Hidden Blade+1","Flying Knee"],"picked":"Accuracy","floor":38},{"not_picked":["Bane","Dodge and Roll","Tactician+1","ReplayTheSpireMod:Tripwire"],"picked":"SKIP","floor":39},{"not_picked":["MostiFishMod:PreservedThorns","Deadly Poison","REME_CopyPotion","Slice+1"],"picked":"SKIP","floor":40},{"not_picked":["MostiFishMod:UniGreen","Toxin Wave","hubris:SlightOfHand+1"],"picked":"AT_ArcaneSupremacy","floor":44},{"not_picked":["PiercingWail","Toxin Wave+1","Sucker Punch+1","Backflip"],"picked":"SKIP","floor":45},{"not_picked":["Leg Sweep","Blade Dance","PiercingWail"],"picked":"Die Die Die","floor":46},{"not_picked":["Deadly Poison","Outmaneuver","Slice","Caltrops+1"],"picked":"SKIP","floor":48},{"not_picked":["Leg Sweep","Bane","Accuracy","Slice"],"picked":"SKIP","floor":56}],"player_experience":1022624,"relics_obtained":[{"floor":1,"key":"Question Card"},{"floor":6,"key":"StrikeDummy"},{"floor":8,"key":"MawBank"},{"floor":16,"key":"ImportantClient"},{"floor":26,"key":"AT_BellDemon"},{"floor":28,"key":"aspiration:Stabinomicon"},{"floor":28,"key":"Bronze Scales"},{"floor":30,"key":"hubris:BottledRain"},{"floor":31,"key":"Smiling Mask"},{"floor":33,"key":"testmod-TurbochargingSystem"},{"floor":35,"key":"Art of War"},{"floor":36,"key":"testmod-OneHitWonder"},{"floor":38,"key":"Darkstone Periapt"},{"floor":39,"key":"PageOfAspirationHeart"},{"floor":40,"key":"PreservedInsect"},{"floor":40,"key":"hubris:ToyBattleship"},{"floor":43,"key":"Oddly Smooth Stone"},{"floor":44,"key":"Old Coin"},{"floor":44,"key":"Akabeko"},{"floor":45,"key":"Bag of Marbles"},{"floor":46,"key":"DianPoetry"},{"floor":46,"key":"AT_SilvercatRing"},{"floor":48,"key":"aspiration:Nostalgia"},{"floor":56,"key":"PageOfSingingMachine"},{"floor":56,"key":"Boot"}],"event_choices":[{"damage_healed":0,"gold_gain":0,"player_choice":"Ignored","damage_taken":0,"max_hp_gain":0,"max_hp_loss":0,"event_name":"WeMeetAgain","floor":2,"gold_loss":0},{"cards_removed":["ReplayTheSpireMod:Restless Dread"],"damage_healed":0,"gold_gain":0,"player_choice":"Purged","damage_taken":0,"max_hp_gain":0,"max_hp_loss":0,"event_name":"Purifier","floor":10,"gold_loss":0}],"is_beta":false,"boss_relics":[{"not_picked":["Tiny House","Abe\u0027s Treasure"],"picked":"BirthdayGift-Icosahedron"},{"not_picked":["Runic Dome","RhineCircuit"],"picked":"Philosopher\u0027s Stone"}],"items_purged_floors":[11,11,11,11,11,11,11,11,14,19,19,24,24,24,37,37,42,55,55,55],"is_endless":false,"potions_floor_spawned":[3,4,7,16,22,28,30,31,33,39,44,45,46,48],"ascension_level":20}}