{"host":"gtsam8qo3hezee2t","time":1608512652,"event":{"mods":["Ascension Reborn","BaseMod","Card Forge","Colored Map","Colored Powertips","Conspire","DeckTracker","Downfall","Energized Spire","Friendly Minions","Halation","Highlight Path","Hubris","Infinite Spire","Luminous","Minty Spire (QoL Compilation)","Random Character Mod","Relic Sorter","Relic Stats","Replay The Spire","Spikes Relics","StSLib","Td1madao Mod","The Cursed","The Jungle","The Wild Card"],"gold_per_floor":[114,114,114,134,134,168,168,195,219,219,19,19,19,63,63,94,94],"floor_reached":16,"playtime":647,"items_purged":[],"score":148,"play_id":"724254c5-e258-4fbd-b222-cc6dd2b0604a","local_time":"20201220200412","is_ascension_mode":true,"campfire_choices":[{"floor":7,"key":"RECALL"},{"data":"Luminous:Light_Wash_Luminous","floor":10,"key":"SMITH"},{"data":"Luminous:Light_Wash_Luminous","floor":15,"key":"SMITH"}],"circlet_count":0,"master_deck":["Luminous:Light_Flash_Shower","Luminous:Light_Flash_Shower","Luminous:Light_Flash_Shower","Luminous:Dark_Abyssal_Drop","Luminous:Dark_Abyssal_Drop","Luminous:Dark_Abyssal_Drop","Luminous:Defend_Luminous","Luminous:Defend_Luminous","Luminous:Defend_Luminous","Luminous:Defend_Luminous","Luminous:Switch_Luminous","Luminous:Dark_Pressure_Void","Luminous:Dark_Raid","Luminous:Dark_Pressure_Void","Luminous:Light_Wash_Luminous+1","conspire:SpireCoStock","conspire:SpireCoStock","conspire:SpireCoStock","conspire:SpireCoStock","Luminous:Light_Wash_Luminous+1"],"relics":["Luminous:MirrorRelic","Hammer of Thor","Seething Fire","Anvil of the Gods","NeowsBlessing","Replay:Bandana","GiantMaggot"],"acts_visited":["Exordium"],"potions_floor_usage":[],"damage_taken":[{"damage":2,"enemies":"conspire:RoseBush","floor":1,"turns":1},{"damage":0,"enemies":"Jaw Worm","floor":4,"turns":1},{"damage":0,"enemies":"Gremlin Nob","floor":6,"turns":1},{"damage":1,"enemies":"Cultist","floor":8,"turns":3},{"damage":6,"enemies":"2 Fungi Beasts","floor":14,"turns":4},{"damage":79,"enemies":"Fading Forest","floor":16,"turns":10}],"seed_played":"-4302381947024260047","potions_obtained":[{"floor":1,"key":"Flashbang"},{"floor":8,"key":"Elixir"}],"is_trial":false,"path_per_floor":["M","?","?","M","$","E","R","M","T","R","?","T","$","M","R","B"],"character_chosen":"LuminousClass","items_purchased":[],"campfire_rested":0,"item_purchase_floors":[],"current_hp_per_floor":[73,73,75,75,75,75,75,74,74,74,74,74,74,68,68,0,0],"gold":94,"neow_bonus":"THREE_ENEMY_KILL","is_daily":false,"chose_seed":false,"campfire_upgraded":2,"win_rate":0.0,"timestamp":1608512652,"path_taken":["M","?","?","M","$","E","R","?","T","R","?","?","$","M","R","BOSS"],"items_purchased_type":[],"build_version":"2020-12-13","purchased_purges":0,"victory":false,"max_hp_per_floor":[75,75,75,75,75,75,75,75,75,75,75,75,75,75,75,75,75],"relic_stats":{"counters":[6,20],"obtain_stats":[{"Replay:Bandana":6,"NeowsBlessing":0,"Anvil of the Gods":0,"GiantMaggot":12,"Hammer of Thor":0,"Luminous:MirrorRelic":0,"Seething Fire":0},{"Replay:Bandana":3,"NeowsBlessing":0,"Anvil of the Gods":0,"GiantMaggot":4,"Hammer of Thor":0,"Luminous:MirrorRelic":0,"Seething Fire":0},{"Replay:Bandana":3,"NeowsBlessing":0,"Anvil of the Gods":0,"GiantMaggot":6,"Hammer of Thor":0,"Luminous:MirrorRelic":0,"Seething Fire":0}]},"card_choices":[{"not_picked":["Luminous:Abyss_Heart_Luminous","Luminous:Light_Sylvan_Lance"],"picked":"Luminous:Dark_Pressure_Void","floor":1},{"not_picked":["Luminous:Date_of_Light_Luminous","Luminous:Dark_Morning_Star"],"picked":"Luminous:Dark_Raid","floor":4},{"not_picked":["Luminous:Dark_Dim_Erosion","Luminous:Balance_Death_Scythe"],"picked":"Luminous:Dark_Pressure_Void","floor":6},{"not_picked":["Luminous:Light_Gather","Luminous:Accumulation_Luminous"],"picked":"Luminous:Light_Wash_Luminous","floor":8},{"not_picked":["Luminous:Light_Ray_of_Redemption","Luminous:Dark_Raid"],"picked":"Luminous:Light_Wash_Luminous","floor":14}],"player_experience":728714,"relics_obtained":[{"floor":6,"key":"Replay:Bandana"},{"floor":12,"key":"GiantMaggot"}],"event_choices":[{"damage_healed":0,"gold_gain":0,"player_choice":"Ignored","damage_taken":0,"max_hp_gain":0,"max_hp_loss":0,"event_name":"Golden Wing","floor":2,"gold_loss":0},{"damage_healed":2,"gold_gain":0,"player_choice":"Full Heal","damage_taken":0,"max_hp_gain":0,"max_hp_loss":0,"event_name":"Wheel of Change","floor":3,"gold_loss":0},{"damage_healed":0,"gold_gain":0,"player_choice":"Invest 4","damage_taken":0,"max_hp_gain":0,"max_hp_loss":0,"event_name":"conspire:Investor","floor":11,"gold_loss":0}],"is_beta":false,"boss_relics":[],"items_purged_floors":[],"is_endless":false,"potions_floor_spawned":[1,8],"killed_by":"Fading Forest","ascension_level":0}}