{"host":"tvwbxqry54t86y0v","time":1608532635,"event":{"mods":["2.2 Compatiblity","A Magickal Journey","Astrologer","BaseMod","Beaked The Cultist","BetterRewards","Block Reminder","Clockwork Mod","Colored Powertips","DeckTracker","Downfall","GungeonMod","Hermit","Hubris","Infinite Spire","Ironclad Rager","Marked Mod","Mimic Mod","Minty Spire (QoL Compilation)","Potionbrewer","Replay The Spire","Shade Mod","Somnambulant","StSLib","The Bug Knight","The Cursed","The Druid","The Elementalist","The Exalted","The Forsaken","The Hierophant","The Jungle","The Mystic","The Problem Sleuth","The Runesmith","The Senshi","The Spell Scribe","The Valiant","The Wild Card","TheFirefly","TheHeartMod","Unceasing Turn Reminder","thorton"],"gold_per_floor":[199,199,649,649,665,590,614,631,661,661,679,444,519,59,77,183,183,183,134,127,127,155,155,155,155],"floor_reached":23,"playtime":3584,"items_purged":[],"score":185,"play_id":"062870fd-8742-45de-a3d4-fe298286ba93","local_time":"20201221173715","is_ascension_mode":false,"campfire_choices":[{"floor":1,"key":"RECALL"},{"data":"hexamod:GhostflameBarrier","floor":6,"key":"SMITH"},{"data":"hexamod:SuperheatedStrike","floor":10,"key":"SMITH"},{"data":"hexamod:SearingWound","floor":18,"key":"SMITH"},{"data":"hexamod:GhostOfSpirePresent","floor":21,"key":"SMITH"}],"circlet_count":0,"master_deck":["hexamod:Strike","hexamod:Strike","hexamod:Strike","hexamod:Strike","hexamod:Defend","hexamod:Defend","hexamod:Defend","hexamod:Defend","hexamod:Sear+1","hexamod:Float","Slimebound:Icky","Slimebound:Icky","Slimebound:Icky","hexamod:GhostflameBarrier+1","hexamod:Hexaguard","hexamod:SuperheatedStrike+1","hexamod:ChargedBarrage","hexamod:SecondSeal","hexamod:GhostOfSpirePresent+1","hexamod:SearingWound+1","hexamod:HeatCrush","hexamod:FirstSeal"],"relics":["hexamod:SpiritBrand","downfall:HeartBlessingRed","Strawberry","hexamod:InflammatoryLetter","Bromod:ArcaneNullifier","hubris:OldNail","Tiny Chest","Toolbox","Ring of Chaos"],"acts_visited":["Exordium","TheCity"],"potions_floor_usage":[16,22,23,23],"damage_taken":[{"damage":9,"enemies":"Jaw Worm","floor":5,"turns":4},{"damage":0,"enemies":"Small Slimes","floor":8,"turns":3},{"damage":10,"enemies":"Replay:BlueRogue","floor":9,"turns":8},{"damage":0,"enemies":"Cultist","floor":11,"turns":3},{"damage":2,"enemies":"downfall:FleeingMerchant","floor":12,"turns":4},{"damage":0,"enemies":"downfall:FleeingMerchant","floor":14,"turns":4},{"damage":14,"enemies":"Large Slime","floor":15,"turns":4},{"damage":9,"enemies":"downfall:Ironclad","floor":16,"turns":9},{"damage":1,"enemies":"downfall:FleeingMerchant","floor":19,"turns":4},{"damage":8,"enemies":"downfall:FleeingMerchant","floor":20,"turns":4},{"damage":11,"enemies":"Chosen","floor":22,"turns":6},{"damage":72,"enemies":"Gremlin Leader","floor":23,"turns":8}],"seed_played":"-7255693680089471060","potions_obtained":[{"floor":9,"key":"potionbrewer:NoxiousPotion"},{"floor":13,"key":"downfall:CursedFountainPotion"},{"floor":15,"key":"FearPotion"},{"floor":22,"key":"hexamod:InfernoChargePotion"}],"is_trial":false,"path_per_floor":["R","?","?","?","M","R","T","M","E","R","M","$","?","$","M","B",null,"R","$","$","R","M","E"],"character_chosen":"THE_SPIRIT","items_purchased":["Bromod:ArcaneNullifier","hexamod:GhostOfSpirePresent","hubris:OldNail","Tiny Chest","Toolbox","hexamod:HeatCrush"],"campfire_rested":0,"item_purchase_floors":[12,12,14,14,14,19],"current_hp_per_floor":[70,70,70,75,66,66,73,73,63,63,63,61,82,82,68,59,82,82,81,73,73,62,0,0,0],"gold":155,"neow_bonus":"HUNDRED_GOLD","is_daily":false,"chose_seed":false,"campfire_upgraded":4,"win_rate":0.0,"timestamp":1608532635,"path_taken":["R","?","?","?","M","R","T","?","E","R","M","?","?","$","M","BOSS","R","?","$","R","M","E"],"items_purchased_type":["Relic","Card","Relic","Relic","Relic","Card"],"build_version":"2020-12-13","purchased_purges":0,"victory":false,"max_hp_per_floor":[70,70,70,75,75,75,82,82,82,82,82,82,82,82,82,82,82,82,82,82,82,82,82,82,82],"card_choices":[{"not_picked":["hexamod:AdvancingGuard","hexamod:PhantomCloak"],"picked":"hexamod:GhostflameBarrier","floor":5},{"not_picked":["hexamod:HauntingEcho","hexamod:NightmareGuise"],"picked":"hexamod:Hexaguard","floor":8},{"not_picked":["hexamod:StepThrough","hexamod:AdvancingGuard"],"picked":"hexamod:SuperheatedStrike","floor":9},{"not_picked":["hexamod:AdvancingGuard","hexamod:RainOfEmbers"],"picked":"hexamod:ChargedBarrage","floor":11},{"not_picked":["hexamod:PhantomFireball","hexamod:SpectralAdrenaline"],"picked":"hexamod:SecondSeal","floor":12},{"not_picked":["hexamod:SwordOfDarkness","hexamod:GhostOfSpireFuture","hexamod:InspiringFlames"],"picked":"SKIP","floor":14},{"not_picked":["hexamod:PowerFromBeyond","hexamod:FastForward","hexamod:Firestarter"],"picked":"SKIP","floor":15},{"not_picked":["hexamod:WildfireWeapon","hexamod:GhostflameInferno"],"picked":"hexamod:SearingWound","floor":16},{"not_picked":["hexamod:FastForward","hexamod:HeatMetal","hexamod:GhostShield"],"picked":"SKIP","floor":19},{"not_picked":["hexamod:GhostShield+1","hexamod:EtherealExpedition+1","hexamod:BurningTouch+1"],"picked":"SKIP","floor":20},{"not_picked":["hexamod:RainOfEmbers","hexamod:BacktrackSmack"],"picked":"hexamod:FirstSeal","floor":22}],"player_experience":1051290,"relics_obtained":[{"floor":7,"key":"Strawberry"},{"floor":9,"key":"hexamod:InflammatoryLetter"}],"event_choices":[{"damage_healed":0,"gold_gain":0,"player_choice":"Donut","damage_taken":0,"max_hp_gain":5,"max_hp_loss":0,"event_name":"Big Fish","floor":4,"gold_loss":0}],"is_beta":false,"boss_relics":[{"not_picked":["Pandora\u0027s Box","Ectoplasm"],"picked":"Ring of Chaos"}],"items_purged_floors":[],"is_endless":false,"potions_floor_spawned":[9,15,22],"killed_by":"Gremlin Leader","ascension_level":0}}