{"host":"p245q48pmopyklqs","time":1608537556,"event":{"mods":["AchievementEnabler","BaseMod","DeckTracker","Minty Spire (QoL Compilation)","Relic Stats","StSLib","SuperFastMode"],"gold_per_floor":[110,129,149,149,149,190,215,215,215,215,255,274,214,5,5,5,5],"floor_reached":16,"playtime":2141,"items_purged":["Strike_G","Strike_G"],"score":220,"play_id":"f13cbd45-2cb0-4348-924a-92a5b348dd06","local_time":"20201221165916","is_ascension_mode":true,"campfire_choices":[{"data":"Glass Knife","floor":8,"key":"SMITH"},{"data":"Malaise","floor":10,"key":"SMITH"},{"data":"Dagger Spray","floor":15,"key":"SMITH"}],"circlet_count":0,"master_deck":["AscendersBane","Strike_G","Strike_G","Defend_G","Defend_G","Defend_G","Defend_G","Defend_G","Survivor","Neutralize","Malaise+1","PiercingWail","Dagger Spray+1","Glass Knife+1","Backstab"],"relics":["Ring of the Snake","Golden Idol","Gremlin Horn","The Courier","Mummified Hand","TheAbacus"],"acts_visited":["Exordium"],"potions_floor_usage":[6,11,16],"damage_taken":[{"damage":15.0,"enemies":"Small Slimes","floor":1.0,"turns":4.0},{"damage":3.0,"enemies":"Jaw Worm","floor":2.0,"turns":6.0},{"damage":1.0,"enemies":"2 Louse","floor":3.0,"turns":3.0},{"damage":8,"enemies":"Lagavulin","floor":6,"turns":7},{"damage":2,"enemies":"2 Fungi Beasts","floor":7,"turns":4},{"damage":5,"enemies":"3 Sentries","floor":11,"turns":6},{"damage":8,"enemies":"Looter","floor":12,"turns":4},{"damage":33,"enemies":"Hexaghost","floor":16,"turns":14}],"seed_played":"-2395261685190517551","potions_obtained":[{"floor":2.0,"key":"BlessingOfTheForge"},{"floor":3.0,"key":"CultistPotion"},{"floor":12,"key":"Regen Potion"}],"is_trial":false,"path_per_floor":["M","M","M","?","?","E","M","R","T","R","E","M","$","$","R","B"],"character_chosen":"THE_SILENT","items_purchased":["TheAbacus"],"campfire_rested":0,"item_purchase_floors":[14],"current_hp_per_floor":[44,41,40,40,40,32,30,30,30,30,25,17,17,17,17,0,0],"gold":5,"neow_bonus":"ONE_RANDOM_RARE_CARD","is_daily":false,"chose_seed":false,"campfire_upgraded":3,"win_rate":0.0,"timestamp":1608537556,"path_taken":["M","M","M","?","?","E","M","R","T","R","E","M","?","$","R","BOSS"],"items_purchased_type":["Relic"],"build_version":"2020-12-13","purchased_purges":2,"victory":false,"max_hp_per_floor":[66,66,66,66,60,60,60,60,60,60,60,60,60,60,60,60,60],"relic_stats":{"TheAbacus":[30],"Gremlin Horn":[3,3],"counters":[8,48],"Golden Idol":25,"Mummified Hand":[0],"obtain_stats":[{"TheAbacus":14,"Gremlin Horn":6,"Golden Idol":5,"Mummified Hand":11,"The Courier":9,"Ring of the Snake":0},{"TheAbacus":7,"Gremlin Horn":4,"Golden Idol":3,"Mummified Hand":6,"The Courier":5,"Ring of the Snake":0},{"TheAbacus":34,"Gremlin Horn":20,"Golden Idol":13,"Mummified Hand":30,"The Courier":24,"Ring of the Snake":0}],"Ring of the Snake":[16]},"card_choices":[{"not_picked":["Distraction","Sucker Punch"],"picked":"PiercingWail","floor":1.0},{"not_picked":["Dagger Throw","Dodge and Roll"],"picked":"Dagger Spray","floor":2.0},{"not_picked":["Dodge and Roll","PiercingWail"],"picked":"Glass Knife","floor":3.0},{"not_picked":["Bane","Slice","Flying Knee"],"picked":"SKIP","floor":6},{"not_picked":["Sucker Punch","Dagger Throw","Dagger Spray"],"picked":"SKIP","floor":7},{"not_picked":["Sucker Punch","Outmaneuver","Dodge and Roll"],"picked":"SKIP","floor":11},{"not_picked":["Tactician","Setup"],"picked":"Backstab","floor":12}],"player_experience":2318902,"relics_obtained":[{"floor":6,"key":"Gremlin Horn"},{"floor":9,"key":"The Courier"},{"floor":11,"key":"Mummified Hand"}],"event_choices":[{"cards_removed":["Strike_G"],"damage_healed":0.0,"max_hp_gain":0.0,"max_hp_loss":0.0,"gold_gain":0.0,"event_name":"Living Wall","player_choice":"Forget","floor":4.0,"gold_loss":0.0,"damage_taken":0.0},{"damage_healed":0.0,"max_hp_gain":0.0,"max_hp_loss":6.0,"gold_gain":0.0,"event_name":"Golden Idol","player_choice":"Lose Max HP","floor":5.0,"gold_loss":0.0,"damage_taken":0.0,"relics_obtained":["Golden Idol"]}],"is_beta":false,"boss_relics":[],"items_purged_floors":[13,14],"is_endless":false,"potions_floor_spawned":[2,3,12],"killed_by":"Hexaghost","ascension_level":20}}