{"host":"3vcyg0agvrtrxr7t","time":1608514846,"event":{"mods":["Act Like it!","BaseMod","Beaked The Cultist","Colored Map","Duelist Mod","Friendly Minions","Glutton Mod","Hermit","Kiyohime????","KomeijiMod","Lobotomy","Marisa????????","Minty Spire (QoL Compilation)","Replay The Spire","StSLib","The Construct","The Cursed","The Disciple","The Gatherer","The Hierophant","The Mystic","The Necromancer","The Servant 0.9.4"],"gold_per_floor":[138,171,171,171,210,239,239,239,239,249,201,201,46,46,46,170,170,183,183,60,71,71,71],"floor_reached":22,"playtime":1324,"items_purged":[],"score":289,"play_id":"2905e3af-5a1b-4b9e-832f-050393dac7a1","local_time":"20201220204046","daily_mods":["Allstar","Purple Cards","Heirloom","Flight","Elite Swarm"],"is_ascension_mode":true,"campfire_choices":[{"floor":7.0,"key":"REST"},{"floor":8.0,"key":"REST"},{"floor":12,"key":"REST"},{"floor":15,"key":"REST"}],"circlet_count":0,"master_deck":["Strike_S","Strike_S","Strike_S","Strike_S","Defend_S+1","Defend_S","Defend_S","Defend_S","KidneyShot","Exchange","Survey Options","Poisoned Strike","ReplayTheSpireMod:Uncanny Aura","Mind Blast","HandOfGreed","Rearm","Rearm","Rewind","SoulSculpture","Moondial","FlawlessForm","Ricochet","SurpressingFire","Shuttle","Shuttle","Luminosity"],"relics":["Uniform","CaptainsWheel","Ring of Fangs","Ring of Searing","Bird Faced Urn","Replay:Ringing Soul","Gremlin Food","ThirstyCross","Ring of Chaos"],"acts_visited":["TheCity"],"potions_floor_usage":[10,10,16,21],"damage_taken":[{"damage":7.0,"enemies":"Jaw Worm","floor":1.0,"turns":2.0},{"damage":7.0,"enemies":"2 Louse","floor":2.0,"turns":3.0},{"damage":21.0,"enemies":"Small Slimes","floor":5.0,"turns":5.0},{"damage":36.0,"enemies":"Gremlin Nob","floor":6.0,"turns":6.0},{"damage":35,"enemies":"3 Louse","floor":10,"turns":6},{"damage":41,"enemies":"Slime Boss","floor":16,"turns":15},{"damage":29,"enemies":"Shell Parasite","floor":18,"turns":8},{"damage":51,"enemies":"Spheric Guardian","floor":21,"turns":12}],"seed_played":"8482691570877597281","potions_obtained":[{"floor":2.0,"key":"AttackPotion"},{"floor":6.0,"key":"ColorlessPotion"},{"floor":18,"key":"SkillPotion"}],"is_trial":true,"path_per_floor":["M","M","?","?","M","E","R","R","T","M","$","R","$","?","R","B",null,"M","?","$","M","?"],"character_chosen":"THE_SERVANT","items_purchased":["SkillPotion","Gremlin Food","SurpressingFire","Shuttle"],"campfire_rested":4,"item_purchase_floors":[11,13,20,20],"current_hp_per_floor":[52,45,45,60,39,3,22,41,41,9,9,29,29,29,49,11,56,32,56,59,15,0,0],"gold":71,"neow_bonus":"","is_daily":false,"chose_seed":false,"campfire_upgraded":0,"win_rate":0.0,"timestamp":1608514846,"path_taken":["M","M","?","?","M","E","R","R","T","M","$","R","$","?","R","BOSS","M","?","$","M","?"],"items_purchased_type":["Potion","Relic","Card","Card"],"build_version":"2020-12-13","purchased_purges":0,"victory":false,"max_hp_per_floor":[65,65,65,65,65,65,65,65,65,68,68,68,68,68,68,71,71,74,74,77,80,85,85],"card_choices":[{"not_picked":["Alleviate","Revamp"],"picked":"Rearm","floor":1.0},{"not_picked":["TimeWarp","Moondial"],"picked":"Rearm","floor":2.0},{"not_picked":["Desolation","Alleviate"],"picked":"Rewind","floor":5.0},{"not_picked":["FloweringNight","ForgedInTime"],"picked":"SoulSculpture","floor":6.0},{"not_picked":["BestPractice","TimeWarp"],"picked":"Moondial","floor":10},{"not_picked":["FloweringNight","Duplication"],"picked":"FlawlessForm","floor":16},{"not_picked":["Defy","Barrier+1"],"picked":"Ricochet","floor":18},{"not_picked":["BottledTime+1","Revamp"],"picked":"Luminosity","floor":21}],"player_experience":77360,"relics_obtained":[{"floor":3.0,"key":"Ring of Fangs"},{"floor":3.0,"key":"Ring of Searing"},{"floor":6.0,"key":"Bird Faced Urn"},{"floor":9.0,"key":"Replay:Ringing Soul"}],"event_choices":[{"damage_healed":24,"gold_gain":0,"player_choice":"Heal","damage_taken":0,"max_hp_gain":0,"max_hp_loss":0,"event_name":"The Library","floor":19,"gold_loss":0}],"is_beta":false,"boss_relics":[{"not_picked":["Busted Crown","Replay:Wanted Poster"],"picked":"Ring of Chaos"}],"items_purged_floors":[],"is_endless":true,"potions_floor_spawned":[2,6,18],"ascension_level":9}}