{"host":"g462bm4kxxqxmkbv","time":1608570843,"event":{"mods":["2.2 Compatiblity","Act Like it!","Aspiration","Bard","BaseMod","Better Note","Better Third Choice","Better Vampires","Colored Map","Conspire","Dio Mod","Downfall","Hallownest","Hermit","Hero for Fun","Hubris","Infinite Spire","Minty Spire (QoL Compilation)","Permanent Neow","Quick Restart","Rare Cards Sparkle","Replay The Spire","Shop Mod","Small Relic Pack","Spicy Shops","StSLib","The Bladedancer","The Bug Knight","The Cursed","The Disciple","The Druid","The Exalted","The Hierophant","The Judge","The Jungle","The Kombatant","The Necromancer","The Sage","The Servant 0.9.4","The Valiant","The Wild Card"],"gold_per_floor":[99,99,131,131,131,131,177,102,102,146,162,162,187,210,234,246,246,246],"floor_reached":16,"playtime":931,"items_purged":[],"score":133,"play_id":"85dde100-d93d-446b-b202-21bc2d5746ad","local_time":"20201222001403","is_ascension_mode":false,"campfire_choices":[{"floor":1,"key":"RECALL"},{"data":"champ:Taunt","floor":4,"key":"SMITH"},{"data":"champ:FocusedBerserking","floor":6,"key":"SMITH"},{"data":"champ:Execute","floor":8,"key":"SMITH"}],"circlet_count":0,"master_deck":["champ:Strike","champ:Strike","champ:Strike","champ:Strike","champ:Defend","champ:Defend","champ:Defend","champ:Defend","champ:Execute+1","champ:Taunt+1","champ:FaceSlap","champ:FocusedBerserking+1","champ:BringItOn","champ:FightOn","champ:PerfectedStrike","champ:CheapShot","champ:TornadoPunch","champ:VampiricStrike","champ:ViciousMockery"],"relics":["champ:ChampionCrown","downfall:HeartsMalice","Replay:Bandana","Bromod:ArcaneMomentum","downfall:HeartBlessingRed"],"acts_visited":["Exordium"],"potions_floor_usage":[16,16],"damage_taken":[{"damage":0,"enemies":"Gremlin Nob","floor":3,"turns":1},{"damage":0,"enemies":"Jaw Worm","floor":5,"turns":1},{"damage":0,"enemies":"Cultist","floor":9,"turns":1},{"damage":59,"enemies":"3 Sentries","floor":10,"turns":9},{"damage":0,"enemies":"2 Louse","floor":11,"turns":2},{"damage":19,"enemies":"Gremlin Gang","floor":13,"turns":6},{"damage":0,"enemies":"Red Slaver","floor":14,"turns":2},{"damage":10,"enemies":"Large Slime","floor":15,"turns":4},{"damage":48,"enemies":"downfall:Silent","floor":16,"turns":7}],"seed_played":"-4063639062215196711","potions_obtained":[{"floor":3,"key":"LiquidMemories"},{"floor":13,"key":"champ:UltimateStancePotion"},{"floor":14,"key":"Explosive Potion"}],"is_trial":false,"path_per_floor":["R_BF","?","E","R","M","R","T","R","M","E","M","?","M","M","M","B"],"character_chosen":"THE_CHAMP","items_purchased":[],"campfire_rested":0,"item_purchase_floors":[],"current_hp_per_floor":[90,90,90,90,90,90,90,90,90,46,46,46,27,27,35,0,0,0],"gold":246,"neow_bonus":"THREE_ENEMY_KILL","is_daily":false,"chose_seed":false,"campfire_upgraded":3,"win_rate":0.0,"timestamp":1608570843,"path_taken":["R_BF","?","E","R","M","R","T","R","?","E","M","?","M","M","M","BOSS"],"items_purchased_type":[],"build_version":"2020-12-13","purchased_purges":0,"victory":false,"max_hp_per_floor":[90,90,90,90,90,90,90,90,90,90,90,90,90,90,90,90,90,90],"card_choices":[{"not_picked":["champ:Encircle","champ:Backstep"],"picked":"champ:FaceSlap","floor":3},{"not_picked":["champ:ArenaPreparation","champ:Encircle"],"picked":"champ:FocusedBerserking","floor":5},{"not_picked":["champ:SwordThrow","champ:FanOfKnives"],"picked":"champ:BringItOn","floor":9},{"not_picked":["champ:Riposte","champ:BladeFlurry"],"picked":"champ:FightOn","floor":10},{"not_picked":["champ:GladiatorsShout","champ:StanceDance"],"picked":"champ:PerfectedStrike","floor":11},{"not_picked":["champ:FlashCut","champ:DefensiveShout"],"picked":"champ:TornadoPunch","floor":13},{"not_picked":["champ:SkillfulDodge","champ:FlashCut"],"picked":"champ:VampiricStrike","floor":14},{"not_picked":["champ:Haymaker","champ:EnGarde"],"picked":"champ:ViciousMockery","floor":15}],"player_experience":441023,"relics_obtained":[{"floor":3,"key":"Replay:Bandana"},{"floor":7,"key":"Bromod:ArcaneMomentum"},{"floor":10,"key":"aspiration:HiddenCompartment"}],"event_choices":[{"damage_healed":0,"gold_gain":0,"player_choice":"Ignored","damage_taken":0,"max_hp_gain":0,"max_hp_loss":0,"event_name":"Transmorgrifier","floor":2,"gold_loss":0}],"is_beta":false,"boss_relics":[],"items_purged_floors":[],"is_endless":false,"potions_floor_spawned":[3,13,14,15],"killed_by":"downfall:Silent","ascension_level":0}}