{"host":"Kdaddybrian","time":1608515340,"event":{"mods":["AchievementEnabler","BaseMod","Bestiary","Colored Powertips","Minty Spire (QoL Compilation)","Potion Indicator Mod","Quick Restart","Rare Cards Sparkle","Relic Stats","StSLib","Uncapped"],"gold_per_floor":[111,129,140,151,164,192,192,218,218,218,127,152,152,163,163,268,268,282,3,16,16,31,57,57,71,96,123,123,123,140,140,140,244,244,257,275,550,217,217,243,261,261,285,303,303,322,333,358,358,358,358,358,63,95,95],"floor_reached":56,"playtime":3350,"items_purged":["Strike_R","Regret"],"score":1866,"play_id":"b8acb804-cfb7-41ba-bb58-78a4f480de40","local_time":"20201220204900","is_ascension_mode":true,"campfire_choices":[{"data":"Spot Weakness","floor":7.0,"key":"SMITH"},{"floor":10.0,"key":"REST"},{"data":"Limit Break","floor":15.0,"key":"SMITH"},{"floor":24.0,"key":"REST"},{"floor":28.0,"key":"REST"},{"floor":32.0,"key":"DIG"},{"floor":42,"key":"RECALL"},{"floor":45,"key":"DIG"},{"floor":49,"key":"DIG"},{"floor":52,"key":"DIG"}],"circlet_count":0,"master_deck":["AscendersBane","Defend_R","Defend_R","Defend_R","Defend_R","Bash","Flex","Twin Strike","Spot Weakness+1","Shrug It Off","Thunderclap","Anger","Limit Break+1","Feel No Pain","Headbutt","Spot Weakness+1","Offering","Dramatic Entrance","Spot Weakness","Heavy Blade+1","Offering","Shockwave+1","Battle Trance+1","Juggernaut","Feel No Pain","Sword Boomerang","Shockwave","Bite","Bite","Bite","Bite","Bite+1","Corruption","Shockwave+1","Flame Barrier","Sword Boomerang+1","Dark Embrace+1","Shrug It Off+1","Havoc"],"relics":["Burning Blood","Strawberry","FossilizedHelix","Tiny Chest","Pear","Bronze Scales","Runic Pyramid","Medical Kit","Matryoshka","Shuriken","War Paint","Shovel","Ancient Tea Set","Centennial Puzzle","Busted Crown","Vajra","Magic Flower","Singing Bowl","Bag of Marbles","The Courier","Anchor","Red Skull","Paper Frog","Orrery","Lantern","Whetstone"],"acts_visited":["Exordium","TheCity","TheBeyond","TheEnding"],"potions_floor_usage":[44,50,50,50,55,55],"damage_taken":[{"damage":12.0,"enemies":"Jaw Worm","floor":1.0,"turns":3.0},{"damage":1.0,"enemies":"Cultist","floor":2.0,"turns":4.0},{"damage":4.0,"enemies":"2 Louse","floor":3.0,"turns":4.0},{"damage":20.0,"enemies":"Gremlin Gang","floor":4.0,"turns":4.0},{"damage":12.0,"enemies":"3 Louse","floor":5.0,"turns":5.0},{"damage":25.0,"enemies":"Lagavulin","floor":6.0,"turns":7.0},{"damage":12.0,"enemies":"Gremlin Nob","floor":8.0,"turns":4.0},{"damage":15.0,"enemies":"3 Sentries","floor":12.0,"turns":6.0},{"damage":0.0,"enemies":"2 Fungi Beasts","floor":14.0,"turns":2.0},{"damage":38.0,"enemies":"Hexaghost","floor":16.0,"turns":6.0},{"damage":14.0,"enemies":"3 Byrds","floor":18.0,"turns":3.0},{"damage":27.0,"enemies":"Shell Parasite","floor":20.0,"turns":4.0},{"damage":15.0,"enemies":"Snake Plant","floor":22.0,"turns":4.0},{"damage":29.0,"enemies":"Slavers","floor":23.0,"turns":3.0},{"damage":19.0,"enemies":"Shelled Parasite and Fungi","floor":25.0,"turns":3.0},{"damage":0.0,"enemies":"Gremlin Leader","floor":27.0,"turns":4.0},{"damage":19.0,"enemies":"Centurion and Healer","floor":30.0,"turns":3.0},{"damage":32.0,"enemies":"Champ","floor":33.0,"turns":8.0},{"damage":0.0,"enemies":"Orb Walker","floor":35.0,"turns":2.0},{"damage":7.0,"enemies":"3 Darklings","floor":36.0,"turns":3.0},{"damage":14.0,"enemies":"Reptomancer","floor":40.0,"turns":5.0},{"damage":6,"enemies":"Transient","floor":41,"turns":5},{"damage":7,"enemies":"Sphere and 2 Shapes","floor":44,"turns":4},{"damage":19,"enemies":"Spire Growth","floor":46,"turns":4},{"damage":8,"enemies":"Jaw Worm Horde","floor":47,"turns":2},{"damage":41,"enemies":"Nemesis","floor":48,"turns":5},{"damage":55,"enemies":"Awakened One","floor":50,"turns":8},{"damage":20,"enemies":"Shield and Spear","floor":54,"turns":5},{"damage":123,"enemies":"The Heart","floor":55,"turns":8}],"seed_played":"2523182686354237624","potions_obtained":[{"floor":1.0,"key":"AttackPotion"},{"floor":2.0,"key":"FairyPotion"},{"floor":3.0,"key":"Fire Potion"},{"floor":4.0,"key":"EssenceOfSteel"},{"floor":14.0,"key":"Dexterity Potion"},{"floor":18.0,"key":"Fruit Juice"},{"floor":23.0,"key":"SneckoOil"},{"floor":27.0,"key":"Regen Potion"},{"floor":36.0,"key":"BlessingOfTheForge"},{"floor":41,"key":"EntropicBrew"},{"floor":44,"key":"Dexterity Potion"}],"is_trial":false,"path_per_floor":["M","M","M","M","M","E","R","E","T","R","$","E","?","M","R","B",null,"M","$","M","?","M","E","R","M","T","E","R","T","M","?","R","B",null,"M","M","?","$","T","E","M","R","T","M","R","M","M","E","R","B",null,"R","$","E","B",null],"character_chosen":"IRONCLAD","items_purchased":["Feel No Pain","Headbutt","Medical Kit","PowerPotion","Vajra","Flame Barrier","Orrery","Lantern","Energy Potion","Havoc"],"campfire_rested":3,"item_purchase_floors":[11,11,19,19,38,38,53,53,53,53],"current_hp_per_floor":[73,78,80,66,60,41,41,35,45,74,74,65,65,71,71,39,83,75,80,59,59,50,27,57,44,44,50,80,80,76,71,71,53,67,71,71,71,71,71,71,71,71,71,73,73,65,77,62,62,40,69,69,77,86,43],"gold":95,"neow_bonus":"RANDOM_COMMON_RELIC","is_daily":false,"chose_seed":false,"campfire_upgraded":2,"win_rate":0.0,"timestamp":1608515340,"path_taken":["M","M","M","M","M","E","R","E","T","R","$","E","?","M","R","BOSS","M","$","M","?","?","E","R","M","T","E","R","?","?","?","R","BOSS","M","M","?","$","?","E","M","R","T","M","R","M","M","E","R","BOSS","R","$","E","BOSS"],"items_purchased_type":["Card","Card","Relic","Potion","Relic","Card","Relic","Relic","Potion","Card"],"build_version":"2020-12-18","purchased_purges":2,"victory":true,"max_hp_per_floor":[87,87,87,87,87,87,87,87,97,97,97,97,97,97,97,97,97,97,102,102,102,102,102,102,102,102,102,102,102,102,71,71,71,71,71,71,71,71,71,71,71,71,71,73,73,75,77,79,79,79,79,79,87,89,89],"relic_stats":{"Singing Bowl":18,"counters":[29,128],"Magic Flower":[65],"Whetstone":["Heavy Blade","Bite"],"War Paint":["Shockwave","Spot Weakness"],"Medical Kit":[4],"Burning Blood":170,"Centennial Puzzle":[29],"Shovel":4,"Busted Crown":28,"Shuriken":[23],"Bronze Scales":[368],"Tiny Chest":2,"obtain_stats":[{"Lantern":53,"Singing Bowl":40,"Vajra":38,"Magic Flower":39,"Whetstone":54,"Ancient Tea Set":29,"Burning Blood":0,"Centennial Puzzle":32,"Matryoshka":23,"Shovel":27,"Strawberry":0,"Tiny Chest":8,"Red Skull":49,"Runic Pyramid":17,"Paper Frog":52,"Pear":9,"The Courier":45,"War Paint":26,"Medical Kit":19,"Anchor":48,"Busted Crown":34,"Shuriken":26,"Bronze Scales":12,"Orrery":53,"Bag of Marbles":43,"FossilizedHelix":6},{"Lantern":27,"Singing Bowl":21,"Vajra":20,"Magic Flower":20,"Whetstone":28,"Ancient Tea Set":16,"Burning Blood":0,"Centennial Puzzle":17,"Matryoshka":14,"Shovel":16,"Strawberry":0,"Tiny Chest":7,"Red Skull":26,"Runic Pyramid":10,"Paper Frog":27,"Pear":7,"The Courier":23,"War Paint":15,"Medical Kit":11,"Anchor":26,"Busted Crown":18,"Shuriken":15,"Bronze Scales":8,"Orrery":27,"Bag of Marbles":22,"FossilizedHelix":6},{"Lantern":115,"Singing Bowl":87,"Vajra":82,"Magic Flower":82,"Whetstone":120,"Ancient Tea Set":66,"Burning Blood":0,"Centennial Puzzle":69,"Matryoshka":59,"Shovel":66,"Strawberry":0,"Tiny Chest":31,"Red Skull":107,"Runic Pyramid":45,"Paper Frog":115,"Pear":31,"The Courier":96,"War Paint":62,"Medical Kit":48,"Anchor":107,"Busted Crown":77,"Shuriken":62,"Bronze Scales":37,"Orrery":115,"Bag of Marbles":92,"FossilizedHelix":27}]},"card_choices":[{"not_picked":["Pummel","Entrench"],"picked":"Flex","floor":1.0},{"not_picked":["Burning Pact","Perfected Strike"],"picked":"Twin Strike","floor":2.0},{"not_picked":["Second Wind","Cleave"],"picked":"Spot Weakness","floor":3.0},{"not_picked":["Pommel Strike","Warcry"],"picked":"Shrug It Off","floor":4.0},{"not_picked":["Burning Pact","Pummel"],"picked":"Thunderclap","floor":5.0},{"not_picked":["Battle Trance","Sword Boomerang"],"picked":"Anger","floor":6.0},{"not_picked":["Disarm","Blood for Blood"],"picked":"Limit Break","floor":8.0},{"not_picked":["Entrench","Rupture"],"picked":"Spot Weakness","floor":12.0},{"not_picked":["Sword Boomerang","Twin Strike"],"picked":"Heavy Blade","floor":14.0},{"not_picked":["Exhume","Barricade"],"picked":"Offering","floor":16.0},{"not_picked":["Warcry","Pommel Strike"],"picked":"Shockwave","floor":18.0},{"not_picked":["Flex","Anger"],"picked":"Battle Trance+1","floor":20.0},{"not_picked":["Entrench+1","Anger"],"picked":"Feel No Pain","floor":22.0},{"not_picked":["Hemokinesis+1","Warcry","Carnage"],"picked":"SKIP","floor":23.0},{"not_picked":["Dropkick","Anger"],"picked":"Sword Boomerang","floor":25.0},{"not_picked":["Havoc","Pommel Strike+1"],"picked":"Shockwave","floor":27.0},{"not_picked":["Searing Blow","Clothesline","Iron Wave+1"],"picked":"SKIP","floor":30.0},{"not_picked":["Juggernaut","Double Tap"],"picked":"Corruption","floor":33.0},{"not_picked":[],"picked":"Shockwave+1","floor":35.0},{"not_picked":["Searing Blow+1"],"picked":"SKIP","floor":36.0},{"not_picked":[],"picked":"Sword Boomerang+1","floor":40.0},{"not_picked":[],"picked":"Dark Embrace+1","floor":41},{"not_picked":["True Grit+1"],"picked":"Singing Bowl","floor":44},{"not_picked":["Sever Soul+1"],"picked":"Singing Bowl","floor":46},{"not_picked":["Pommel Strike+1"],"picked":"Singing Bowl","floor":47},{"not_picked":["Sword Boomerang+1"],"picked":"Singing Bowl","floor":48},{"not_picked":["Havoc+1"],"picked":"Singing Bowl","floor":53},{"not_picked":["Twin Strike+1"],"picked":"Singing Bowl","floor":53},{"not_picked":[],"picked":"Shrug It Off+1","floor":53},{"not_picked":["Blood for Blood"],"picked":"Singing Bowl","floor":53},{"not_picked":["Sword Boomerang+1"],"picked":"Singing Bowl","floor":53},{"not_picked":["Uppercut"],"picked":"Singing Bowl","floor":54}],"player_experience":2888308,"relics_obtained":[{"floor":6.0,"key":"FossilizedHelix"},{"floor":8.0,"key":"Tiny Chest"},{"floor":9.0,"key":"Pear"},{"floor":12.0,"key":"Bronze Scales"},{"floor":23.0,"key":"Matryoshka"},{"floor":26.0,"key":"Shuriken"},{"floor":26.0,"key":"War Paint"},{"floor":27.0,"key":"Shovel"},{"floor":29.0,"key":"Ancient Tea Set"},{"floor":32.0,"key":"Centennial Puzzle"},{"floor":39.0,"key":"Magic Flower"},{"floor":40.0,"key":"Singing Bowl"},{"floor":43,"key":"Bag of Marbles"},{"floor":45,"key":"The Courier"},{"floor":48,"key":"Anchor"},{"floor":49,"key":"Red Skull"},{"floor":52,"key":"Paper Frog"},{"floor":54,"key":"Whetstone"}],"event_choices":[{"damage_healed":0.0,"max_hp_gain":0.0,"max_hp_loss":0.0,"gold_gain":0.0,"event_name":"Match and Keep!","player_choice":"3 cards matched","floor":13.0,"gold_loss":0.0,"damage_taken":0.0,"cards_obtained":["Offering","Dramatic Entrance","Spot Weakness"]},{"damage_healed":0.0,"max_hp_gain":0.0,"max_hp_loss":0.0,"gold_gain":0.0,"cards_transformed":["Strike_R"],"event_name":"Transmorgrifier","player_choice":"Transformed","floor":21.0,"gold_loss":0.0,"damage_taken":0.0,"cards_obtained":["Juggernaut"]},{"damage_healed":0.0,"max_hp_gain":0.0,"max_hp_loss":31.0,"gold_gain":0.0,"event_name":"Vampires","player_choice":"Became a vampire","floor":31.0,"gold_loss":0.0,"damage_taken":0.0,"cards_obtained":["Bite","Bite","Bite","Bite","Bite"]},{"damage_healed":0.0,"max_hp_gain":0.0,"max_hp_loss":0.0,"gold_gain":275.0,"event_name":"Golden Shrine","player_choice":"Desecrate","floor":37.0,"gold_loss":0.0,"damage_taken":0.0,"cards_obtained":["Regret"]}],"is_beta":true,"boss_relics":[{"not_picked":["Ectoplasm","Astrolabe"],"picked":"Runic Pyramid"},{"not_picked":["Calling Bell","SacredBark"],"picked":"Busted Crown"}],"items_purged_floors":[19,38],"is_endless":false,"potions_floor_spawned":[1,2,3,4,14,18,23,27,36,41,44],"ascension_level":10}}