{"host":"ktoxvvst1mwxww91","time":1608581881,"event":{"mods":["BaseMod","Hermit","Minty Spire (QoL Compilation)","StSLib","The Hierophant","The Mystic","The Necromancer"],"gold_per_floor":[112,187,204,204,224,255,255,288,334,334,344,354,128,160,160,265,265,281,295,183,283,297,297,297,297,297,308,358,375,375,402,414,528,540,562,424,404,424,434,434,460,460,510,510,539,555,555,0,0,0,0,0,0,0,0],"floor_reached":54,"playtime":2986,"items_purged":["hermit:Strike_Hermit","hermit:Scavenge"],"score":1091,"play_id":"fc510fa5-5abf-434a-8f54-c18f25744d87","local_time":"20201221211801","is_ascension_mode":true,"campfire_choices":[{"data":"hermit:Grudge","floor":7.0,"key":"SMITH"},{"floor":10.0,"key":"REST"},{"floor":15.0,"key":"REST"},{"data":"hermit:Manifest","floor":23.0,"key":"SMITH"},{"data":"hermit:Manifest","floor":25.0,"key":"SMITH"},{"data":"hermit:FatalDesire","floor":30.0,"key":"SMITH"},{"floor":32.0,"key":"REST"},{"data":"hermit:Determination","floor":40.0,"key":"SMITH"},{"data":"hermit:ShadowCloak","floor":47,"key":"SMITH"},{"floor":49,"key":"RECALL"},{"data":"hermit:Adapt","floor":52,"key":"SMITH"}],"circlet_count":0,"master_deck":["hermit:Defend_Hermit","hermit:Defend_Hermit","hermit:Defend_Hermit","hermit:Defend_Hermit","hermit:Spite+1","hermit:Misfire+1","hermit:Dive","hermit:Grudge+1","hermit:Grudge+1","hermit:FlashPowder","hermit:SprayPray+1","hermit:SprayPray+1","hermit:Malice+1","hermit:Manifest+1","hermit:Manifest+1","hermit:FatalDesire+1","hermit:Manifest","hermit:Dissolve+1","hermit:ShadowCloak+1","hermit:HeroicBravado+1","hermit:SprayPray+1","hermit:Misfire+1","hermit:Determination+1","hermit:Gestalt+1","hermit:Misfire+1","hermit:Adapt+1","hermit:HoleUp+1","hermit:Dive+1","Master of Strategy+1","Parasite","hermit:Grudge+1"],"relics":["Astrolabe","Molten Egg 2","Toy Ornithopter","Dream Catcher","Membership Card","Bag of Preparation","hermit:BartenderGlass","Toxic Egg 2","MawBank","Empty Cage","Oddly Smooth Stone","Orrery","PreservedInsect","Boot","Red Mask"],"acts_visited":["Exordium","TheCity","TheBeyond","TheEnding"],"potions_floor_usage":[46,46,46,46,50,50,50,54,54],"damage_taken":[{"damage":0.0,"enemies":"2 Louse","floor":1.0,"turns":1.0},{"damage":0.0,"enemies":"Small Slimes","floor":3.0,"turns":2.0},{"damage":0.0,"enemies":"Cultist","floor":5.0,"turns":2.0},{"damage":15.0,"enemies":"Gremlin Nob","floor":6.0,"turns":3.0},{"damage":19.0,"enemies":"Lagavulin","floor":8.0,"turns":4.0},{"damage":2.0,"enemies":"Exordium Wildlife","floor":11.0,"turns":3.0},{"damage":6.0,"enemies":"Lots of Slimes","floor":12.0,"turns":3.0},{"damage":13.0,"enemies":"3 Sentries","floor":14.0,"turns":8.0},{"damage":33.0,"enemies":"The Guardian","floor":16.0,"turns":16.0},{"damage":6.0,"enemies":"2 Thieves","floor":18.0,"turns":4.0},{"damage":18.0,"enemies":"Spheric Guardian","floor":19.0,"turns":5.0},{"damage":4.0,"enemies":"Cultist and Chosen","floor":22.0,"turns":7.0},{"damage":10.0,"enemies":"Snake Plant","floor":24.0,"turns":4.0},{"damage":17.0,"enemies":"Shelled Parasite and Fungi","floor":27.0,"turns":8.0},{"damage":1.0,"enemies":"3 Cultists","floor":29.0,"turns":3.0},{"damage":49.0,"enemies":"Book of Stabbing","floor":31.0,"turns":7.0},{"damage":43.0,"enemies":"Collector","floor":33.0,"turns":16.0},{"damage":7.0,"enemies":"3 Shapes","floor":35.0,"turns":9.0},{"damage":3.0,"enemies":"Orb Walker","floor":38.0,"turns":7.0},{"damage":13.0,"enemies":"Sphere and 2 Shapes","floor":39.0,"turns":6.0},{"damage":32.0,"enemies":"Giant Head","floor":41.0,"turns":12.0},{"damage":2.0,"enemies":"Nemesis","floor":45.0,"turns":11.0},{"damage":5,"enemies":"Writhing Mass","floor":46,"turns":7},{"damage":74,"enemies":"Awakened One","floor":50,"turns":24},{"damage":110,"enemies":"Shield and Spear","floor":54,"turns":9}],"seed_played":"8818031561361588966","potions_obtained":[{"floor":1.0,"key":"SkillPotion"},{"floor":5.0,"key":"FearPotion"},{"floor":6.0,"key":"BlessingOfTheForge"},{"floor":16.0,"key":"AttackPotion"},{"floor":18.0,"key":"FearPotion"},{"floor":19.0,"key":"AttackPotion"},{"floor":31.0,"key":"BlessingOfTheForge"},{"floor":37.0,"key":"GamblersBrew"},{"floor":39.0,"key":"EntropicBrew"},{"floor":41.0,"key":"Block Potion"}],"is_trial":false,"path_per_floor":["M","?","M","?","M","E","R","E","T","R","M","M","$","E","R","B",null,"M","M","$","?","M","R","M","R","T","M","?","M","R","E","R","B",null,"M","$","?","M","M","R","E","?","T","?","E","M","R","?","R","B",null,"R","$","E"],"character_chosen":"HERMIT","items_purchased":["Membership Card","hermit:Malice+1","hermit:Manifest","Fruit Juice","hermit:Manifest","Oddly Smooth Stone","Orrery"],"campfire_rested":3,"item_purchase_floors":[13,13,13,20,20,36,36],"current_hp_per_floor":[68,57,57,57,57,42,42,23,23,45,43,37,37,24,46,13,60,69,51,51,51,67,67,67,67,67,50,50,59,59,25,49,16,64,57,57,57,59,61,61,44,44,44,44,42,57,57,57,57,13,63,63,63,0,0],"gold":0,"neow_bonus":"BOSS_RELIC","is_daily":false,"chose_seed":false,"campfire_upgraded":7,"win_rate":0.0,"timestamp":1608581881,"path_taken":["M","?","M","?","M","E","R","E","T","R","?","M","$","E","R","BOSS","M","M","$","?","M","R","M","R","T","?","?","M","R","E","R","BOSS","M","$","?","M","?","R","E","?","T","?","E","M","R","?","R","BOSS","R","$","E"],"items_purchased_type":["Relic","Card","Card","Potion","Card","Relic","Relic"],"build_version":"2020-12-13","purchased_purges":2,"victory":false,"max_hp_per_floor":[75,75,75,75,75,75,75,75,75,75,75,75,75,75,75,75,75,75,75,75,75,80,80,80,80,80,80,80,80,80,80,80,80,80,80,80,80,80,80,80,80,80,80,80,80,80,80,80,80,80,80,80,80,80,80],"card_choices":[{"not_picked":["hermit:CalledShot","hermit:BigShot"],"picked":"hermit:Dive","floor":1.0},{"not_picked":["hermit:Misfire","hermit:Deadeye"],"picked":"hermit:Grudge","floor":3.0},{"not_picked":["hermit:HighCaliber","hermit:TrackingShot","hermit:LowProfile"],"picked":"SKIP","floor":5.0},{"not_picked":["hermit:HoleUp","hermit:Vantage"],"picked":"hermit:Grudge+1","floor":6.0},{"not_picked":["hermit:FullyLoaded","hermit:TakeCover"],"picked":"hermit:FlashPowder","floor":8.0},{"not_picked":["hermit:FlashPowder","hermit:Coalescence"],"picked":"hermit:SprayPray+1","floor":10.0},{"not_picked":["hermit:Brawl","hermit:Shortfuse+1"],"picked":"hermit:Scavenge","floor":11.0},{"not_picked":["hermit:Reprieve","hermit:LoneWolf"],"picked":"hermit:SprayPray+1","floor":12.0},{"not_picked":["hermit:Brawl","hermit:Coalescence"],"picked":"hermit:Manifest","floor":14.0},{"not_picked":["hermit:EternalForm","hermit:Purgatory+1"],"picked":"hermit:FatalDesire","floor":16.0},{"not_picked":["hermit:GoldenBullet+1","hermit:PistolWhip+1","hermit:Maintenance"],"picked":"SKIP","floor":18.0},{"not_picked":["hermit:Desperado+1","hermit:ItchyTrigger+1","hermit:Ricochet+1"],"picked":"SKIP","floor":19.0},{"not_picked":["hermit:Shortfuse+1","hermit:CursedWeapon+1"],"picked":"hermit:Malice+1","floor":22.0},{"not_picked":["hermit:Snipe+1","hermit:Coalescence+1","hermit:CalledShot+1"],"picked":"SKIP","floor":27.0},{"not_picked":["hermit:Quickdraw+1","hermit:Ricochet+1","hermit:Enervate+1"],"picked":"SKIP","floor":29.0},{"not_picked":["hermit:Quickdraw+1","hermit:SprayPray+1"],"picked":"hermit:Dissolve+1","floor":31.0},{"not_picked":["hermit:Cheat+1","hermit:Misfire+1"],"picked":"hermit:ShadowCloak","floor":32.0},{"not_picked":["hermit:HighNoon","hermit:RoundhouseKick+1"],"picked":"hermit:HeroicBravado+1","floor":33.0},{"not_picked":["hermit:Horror+1","hermit:WideOpen+1"],"picked":"hermit:SprayPray+1","floor":35.0},{"not_picked":["hermit:Shortfuse+1","hermit:WideOpen+1"],"picked":"hermit:Misfire+1","floor":36.0},{"not_picked":["hermit:Feint+1","hermit:FullyLoaded+1"],"picked":"hermit:Determination","floor":36.0},{"not_picked":["hermit:Misfire+1","hermit:Vantage+1"],"picked":"hermit:Gestalt+1","floor":36.0},{"not_picked":["hermit:ItchyTrigger+1","hermit:Purgatory+1"],"picked":"hermit:Misfire+1","floor":36.0},{"not_picked":["hermit:Horror+1","hermit:Coalescence+1"],"picked":"hermit:Adapt","floor":36.0},{"not_picked":["hermit:BodyArmor+1","hermit:LuckOfTheDraw+1"],"picked":"hermit:HoleUp+1","floor":38.0},{"not_picked":["hermit:Ricochet+1","hermit:LuckOfTheDraw+1"],"picked":"hermit:Dive+1","floor":39.0},{"not_picked":["hermit:Roulette+1","hermit:Enervate+1","hermit:Desperado+1"],"picked":"SKIP","floor":41.0},{"not_picked":["Discovery+1","Enlightenment+1"],"picked":"Master of Strategy+1","floor":42.0},{"not_picked":["hermit:Quickdraw+1","hermit:TrackingShot+1","hermit:BodyArmor+1"],"picked":"SKIP","floor":45.0},{"not_picked":["hermit:Quickdraw+1","hermit:NoHoldsBarred+1"],"picked":"hermit:Grudge+1","floor":46}],"player_experience":909134,"relics_obtained":[{"floor":6.0,"key":"Molten Egg 2"},{"floor":8.0,"key":"Toy Ornithopter"},{"floor":9.0,"key":"Dream Catcher"},{"floor":14.0,"key":"Bag of Preparation"},{"floor":26.0,"key":"Toxic Egg 2"},{"floor":31.0,"key":"MawBank"},{"floor":41.0,"key":"PreservedInsect"},{"floor":45.0,"key":"Boot"}],"event_choices":[{"damage_healed":0.0,"max_hp_gain":0.0,"max_hp_loss":0.0,"gold_gain":75.0,"event_name":"World of Goop","player_choice":"Gather Gold","floor":2.0,"gold_loss":0.0,"damage_taken":11.0},{"cards_removed":["hermit:Strike_Hermit"],"damage_healed":0.0,"max_hp_gain":0.0,"max_hp_loss":0.0,"gold_gain":0.0,"event_name":"Purifier","player_choice":"Purged","floor":4.0,"gold_loss":0.0,"damage_taken":0.0},{"damage_healed":0.0,"max_hp_gain":0.0,"max_hp_loss":0.0,"gold_gain":100.0,"event_name":"Golden Shrine","player_choice":"Pray","floor":21.0,"gold_loss":0.0,"damage_taken":0.0},{"damage_healed":0.0,"max_hp_gain":0.0,"max_hp_loss":0.0,"gold_gain":100.0,"event_name":"The Joust","player_choice":"Bet on Murderer","floor":28.0,"gold_loss":50.0,"damage_taken":0.0},{"damage_healed":0.0,"max_hp_gain":0.0,"max_hp_loss":0.0,"gold_gain":0.0,"event_name":"The Woman in Blue","player_choice":"Bought 1 Potion","floor":37.0,"gold_loss":0.0,"damage_taken":0.0},{"damage_healed":0.0,"max_hp_gain":0.0,"max_hp_loss":0.0,"gold_gain":0.0,"event_name":"SensoryStone","player_choice":"Memory 1","floor":42.0,"gold_loss":0.0,"damage_taken":0.0},{"cards_removed":["hermit:Malice"],"damage_healed":0.0,"max_hp_gain":0.0,"max_hp_loss":0.0,"gold_gain":0.0,"event_name":"Falling","player_choice":"Removed Attack","floor":44.0,"gold_loss":0.0,"damage_taken":0.0},{"damage_healed":0,"gold_gain":0,"player_choice":"Paid","damage_taken":0,"relics_obtained":["Red Mask"],"max_hp_gain":0,"max_hp_loss":0,"event_name":"Tomb of Lord Red Mask","floor":48,"gold_loss":555}],"is_beta":false,"boss_relics":[{"not_picked":["hermit:DentedPlate","Coffee Dripper"],"picked":"hermit:BartenderGlass"},{"not_picked":["Busted Crown","Sozu"],"picked":"Empty Cage"}],"items_purged_floors":[13,20],"is_endless":false,"potions_floor_spawned":[1,5,6,16,18,19,31,39,41,45],"killed_by":"Shield and Spear","ascension_level":9}}