{"host":"4amcrcg6ktw8dbzk","time":1608553113,"event":{"mods":["ATMod(°¢èªMod)","BaseMod","Dota2Spire","Minty Spire (QoL Compilation)","MostiFishMod","Spicy Shops","StSLib","Waifu the Spire"],"gold_per_floor":[118,118,13,30,50,83,83,83,83,8,8,22,36,65,65,144,144,162,36,54,54,70,99,99,130,130,150,167,167,183,196,196,272,272,284,8,18,72,97,124,24,58,85,110,110,110,110,130,130,130,130,130,130,62,88,88],"floor_reached":57,"playtime":3799,"items_purged":["Strike_B","Strike_B","Zap"],"score":3380,"play_id":"0f88b6f5-57aa-41ee-9c83-63134576374a","local_time":"20201221201833","is_ascension_mode":true,"campfire_choices":[{"floor":8.0,"key":"REST"},{"floor":11.0,"key":"REST"},{"floor":15.0,"key":"REST"},{"data":"MostiFishMod:SeaWaves","floor":24.0,"key":"SMITH"},{"data":"Turbo","floor":29.0,"key":"SMITH"},{"data":"Defragment","floor":32.0,"key":"SMITH"},{"floor":47,"key":"RECALL"},{"data":"Coolheaded","floor":49,"key":"SMITH"},{"data":"Discovery","floor":53,"key":"SMITH"}],"circlet_count":0,"master_deck":["AscendersBane","Strike_B","Defend_B","Defend_B","Defend_B","Defend_B","Dualcast","AT_RightCognition+1","Discovery+1","Cold Snap","Ball Lightning+1","Genetic Algorithm","Turbo+1","MostiFishMod:SeaWaves+1","AT_WaterDrop","Heatsinks","Storm","Defragment+1","Storm","MostiFishMod:ReadyAimFire","Tempest","AT_DarkMatter","Recycle","Multi-Cast","AT_ThreeBodyProblem+1","Madness","Madness","Coolheaded+1"],"relics":["Cracked Core","DaveBox","AT_ATBox","MetatronsCube","Question Card","AT_SilvercatRing","White Beast Statue","Incense Burner","ImportantClient","BirthdayGift-Icosahedron","Runic Capacitor","Singing Bowl","Dota2Spire:MagicBottle","Peace Pipe","Dota2Spire:Bloodstone","DataDisk","Dota2Spire:ArcaneBoots","DianPoetry","Girya","HornCleat","Dota2Spire:OrchidMalevolence","Dota2Spire:ArmletOfMordiggian","Dota2Spire:MonkeyKingBar","Bag of Preparation","Toy Ornithopter"],"acts_visited":["Exordium","TheCity","TheBeyond","TheEnding"],"potions_floor_usage":[],"damage_taken":[{"damage":4.0,"enemies":"Jaw Worm","floor":1.0,"turns":3.0},{"damage":2.0,"enemies":"Cultist","floor":4.0,"turns":4.0},{"damage":9.0,"enemies":"Small Slimes","floor":5.0,"turns":4.0},{"damage":34.0,"enemies":"Gremlin Nob","floor":6.0,"turns":4.0},{"damage":21.0,"enemies":"Exordium Thugs","floor":12.0,"turns":3.0},{"damage":10.0,"enemies":"Gremlin Gang","floor":13.0,"turns":5.0},{"damage":0.0,"enemies":"Lagavulin","floor":14.0,"turns":3.0},{"damage":24.0,"enemies":"Slime Boss","floor":16.0,"turns":5.0},{"damage":0.0,"enemies":"Spheric Guardian","floor":18.0,"turns":3.0},{"damage":0.0,"enemies":"Chosen","floor":20.0,"turns":3.0},{"damage":0.0,"enemies":"Snecko","floor":22.0,"turns":3.0},{"damage":7.0,"enemies":"Slavers","floor":23.0,"turns":2.0},{"damage":2.0,"enemies":"Book of Stabbing","floor":25.0,"turns":3.0},{"damage":0.0,"enemies":"Cultist and Chosen","floor":27.0,"turns":3.0},{"damage":0.0,"enemies":"Snake Plant","floor":28.0,"turns":2.0},{"damage":0.0,"enemies":"3 Cultists","floor":30.0,"turns":2.0},{"damage":0.0,"enemies":"Shelled Parasite and Fungi","floor":31.0,"turns":2.0},{"damage":0.0,"enemies":"Collector","floor":33.0,"turns":3.0},{"damage":0.0,"enemies":"3 Darklings","floor":35.0,"turns":1.0},{"damage":0.0,"enemies":"Orb Walker","floor":37.0,"turns":1.0},{"damage":0.0,"enemies":"2 Orb Walkers","floor":38.0,"turns":1.0},{"damage":0.0,"enemies":"Mind Bloom Boss Battle","floor":39.0,"turns":1.0},{"damage":0.0,"enemies":"Reptomancer","floor":40.0,"turns":1.0},{"damage":0,"enemies":"Nemesis","floor":42,"turns":1},{"damage":0,"enemies":"Giant Head","floor":44,"turns":1},{"damage":0,"enemies":"3 Darklings","floor":48,"turns":1},{"damage":0,"enemies":"Awakened One","floor":50,"turns":2},{"damage":0,"enemies":"Time Eater","floor":51,"turns":1},{"damage":0,"enemies":"Shield and Spear","floor":55,"turns":1},{"damage":25,"enemies":"The Heart","floor":56,"turns":4}],"seed_played":"5143927950489503993","potions_obtained":[{"floor":5.0,"key":"ColorlessPotion"},{"floor":12.0,"key":"Dota2Spire:Clarity"},{"floor":13.0,"key":"LiquidMemories"},{"floor":16.0,"key":"EssenceOfSteel"}],"is_trial":false,"path_per_floor":["M","?","$","M","M","E","?","R","T","$","R","M","M","E","R","B",null,"M","$","M","?","M","E","R","E","T","M","M","R","M","M","R","B",null,"M","$","M","?","?","E","$","E","T","E","?","?","R","M","R","B","B",null,"R","$","E","B",null],"character_chosen":"DEFECT","items_purchased":["AT_SilvercatRing","Runic Capacitor","DataDisk","Dota2Spire:ArcaneBoots","Bag of Preparation"],"campfire_rested":3,"item_purchase_floors":[3,19,36,36,54],"current_hp_per_floor":[60,60,60,58,49,15,8,29,29,29,50,29,19,19,40,16,57,58,58,59,39,40,36,36,35,35,36,39,39,40,43,43,44,73,74,74,77,78,79,80,80,81,81,84,84,69,69,70,70,71,72,83,83,83,84,60],"gold":88,"neow_bonus":"RANDOM_COLORLESS","is_daily":false,"chose_seed":false,"campfire_upgraded":5,"win_rate":0.0,"timestamp":1608553113,"path_taken":["M","?","$","M","?","E","?","R","T","?","R","?","M","E","R","BOSS","M","$","M","?","M","E","R","E","T","M","M","R","M","M","R","BOSS","M","$","M","?","?","E","?","E","T","E","?","?","R","M","R","BOSS","BOSS","R","$","E","BOSS"],"items_purchased_type":["Relic","Relic","Relic","Relic","Relic"],"build_version":"2020-12-13","purchased_purges":3,"victory":true,"max_hp_per_floor":[71,71,71,71,71,71,71,71,71,71,71,71,71,71,71,71,71,71,71,71,76,76,78,78,78,78,78,80,80,80,82,82,82,82,82,82,84,84,84,84,84,84,84,86,86,86,86,86,86,86,86,86,86,86,86,86],"card_choices":[{"not_picked":["AT_PowerWithin","Forethought"],"picked":"Discovery","floor":0.0},{"not_picked":["AT_HeatAcrobatics","Go for the Eyes"],"picked":"Cold Snap","floor":1.0},{"not_picked":["FTL","Streamline","Redo","Go for the Eyes"],"picked":"SKIP","floor":4.0},{"not_picked":["Steam","Static Discharge","Go for the Eyes"],"picked":"Ball Lightning","floor":5.0},{"not_picked":["Steam","MostiFishMod:IceShield","Undo"],"picked":"Genetic Algorithm","floor":6.0},{"not_picked":["Hologram","Genetic Algorithm","FTL"],"picked":"Turbo","floor":12.0},{"not_picked":["Doom and Gloom","Steam","Gash","Undo"],"picked":"SKIP","floor":13.0},{"not_picked":["Doom and Gloom","Steam","Gash","Undo"],"picked":"SKIP","floor":13.0},{"not_picked":["Rebound","Double Energy","Beam Cell"],"picked":"MostiFishMod:SeaWaves","floor":14.0},{"not_picked":["MostiFishMod:StarOceanB","Buffer","Meteor Strike"],"picked":"AT_WaterDrop","floor":16.0},{"not_picked":["FTL+1","Redo+1","Hello World"],"picked":"Heatsinks","floor":18.0},{"not_picked":["AT_HeatAcrobatics+1","Gash","AT_RobotInSpace","Ball Lightning"],"picked":"SKIP","floor":20.0},{"not_picked":["MostiFishMod:FourSeasons","Redo","Turbo","Steam"],"picked":"SKIP","floor":22.0},{"not_picked":["Beam Cell","Barrage","Conserve Battery","Capacitor"],"picked":"Singing Bowl","floor":23.0},{"not_picked":["Chill","AT_WarpDrive","AT_ThunderBolt"],"picked":"Storm","floor":25.0},{"not_picked":["Barrage","MostiFishMod:SeaWaves","Conserve Battery"],"picked":"Defragment","floor":27.0},{"not_picked":["Leap","Turbo","Melter","Lockon"],"picked":"Singing Bowl","floor":28.0},{"not_picked":["AT_ThunderBolt","AT_HeatAcrobatics","Barrage"],"picked":"Storm","floor":30.0},{"not_picked":["AT_HeatAcrobatics","Gash","Darkness","Redo"],"picked":"Singing Bowl","floor":31.0},{"not_picked":["Electrodynamics","MostiFishMod:Exploitation","MostiFishMod:Impulse"],"picked":"MostiFishMod:ReadyAimFire","floor":33.0},{"not_picked":["Sweeping Beam","Melter","Loop"],"picked":"Tempest","floor":35.0},{"not_picked":["Sweeping Beam","Barrage","Blizzard+1","Hologram+1"],"picked":"Singing Bowl","floor":37.0},{"not_picked":["Barrage","Redo","Conserve Battery+1"],"picked":"AT_DarkMatter","floor":38.0},{"not_picked":["Gash","Undo+1","Conserve Battery"],"picked":"Recycle","floor":39.0},{"not_picked":["Leap","Reboot","Auto Shields+1"],"picked":"Multi-Cast","floor":40.0},{"not_picked":["Chill+1","Stack","Double Energy"],"picked":"AT_ThreeBodyProblem+1","floor":42},{"not_picked":["Go for the Eyes","Barrage+1","Gash","Recycle+1"],"picked":"Singing Bowl","floor":44},{"not_picked":["Self Repair","AT_HeatAcrobatics","Compile Driver"],"picked":"Coolheaded","floor":48},{"not_picked":["Hologram","MostiFishMod:Nova","Barrage"],"picked":"MostiFishMod:STOP","floor":55}],"player_experience":303939,"relics_obtained":[{"floor":1.0,"key":"Question Card"},{"floor":6.0,"key":"White Beast Statue"},{"floor":14.0,"key":"Incense Burner"},{"floor":16.0,"key":"ImportantClient"},{"floor":23.0,"key":"Singing Bowl"},{"floor":25.0,"key":"Dota2Spire:MagicBottle"},{"floor":26.0,"key":"Peace Pipe"},{"floor":38.0,"key":"DianPoetry"},{"floor":39.0,"key":"Girya"},{"floor":40.0,"key":"HornCleat"},{"floor":42,"key":"Dota2Spire:OrchidMalevolence"},{"floor":43,"key":"Dota2Spire:ArmletOfMordiggian"},{"floor":44,"key":"Dota2Spire:MonkeyKingBar"},{"floor":55,"key":"Toy Ornithopter"}],"event_choices":[{"cards_removed":["Strike_B"],"damage_healed":0.0,"max_hp_gain":0.0,"max_hp_loss":0.0,"gold_gain":0.0,"event_name":"Purifier","player_choice":"Purged","floor":2.0,"gold_loss":0.0,"damage_taken":0.0},{"cards_removed":["Clumsy"],"damage_healed":0.0,"max_hp_gain":0.0,"max_hp_loss":0.0,"gold_gain":0.0,"event_name":"Golden Wing","player_choice":"Card Removal","floor":7.0,"gold_loss":0.0,"damage_taken":7.0},{"damage_healed":0.0,"max_hp_gain":5.0,"max_hp_loss":0.0,"gold_gain":0.0,"event_name":"Forgotten Altar","player_choice":"Shed Blood","floor":21.0,"gold_loss":0.0,"damage_taken":25.0},{"damage_healed":0.0,"max_hp_gain":0.0,"max_hp_loss":0.0,"gold_gain":0.0,"event_name":"Mysterious Sphere","player_choice":"Fight","floor":38.0,"gold_loss":0.0,"damage_taken":0.0},{"damage_healed":0.0,"max_hp_gain":0.0,"max_hp_loss":0.0,"gold_gain":0.0,"event_name":"MindBloom","player_choice":"Fight","floor":39.0,"gold_loss":0.0,"damage_taken":0.0},{"damage_healed":0,"gold_gain":0,"player_choice":"Ignored","damage_taken":0,"max_hp_gain":0,"max_hp_loss":0,"event_name":"Tomb of Lord Red Mask","floor":45,"gold_loss":0},{"damage_healed":0,"gold_gain":0,"player_choice":"Embrace Madness","damage_taken":15,"max_hp_gain":0,"max_hp_loss":0,"event_name":"Winding Halls","floor":46,"gold_loss":0,"cards_obtained":["Madness","Madness"]}],"is_beta":false,"boss_relics":[{"not_picked":["RhineCircuit","ShadowXiaoBlade"],"picked":"BirthdayGift-Icosahedron"},{"not_picked":["RhineFirstAidKit","Astrolabe"],"picked":"Dota2Spire:Bloodstone"}],"items_purged_floors":[10,36,41],"is_endless":false,"potions_floor_spawned":[5,12,13,14,16,18,20,22,23,25,27,28,30,31,33,35,37,38,39,40,42,44,48,55],"ascension_level":20}}