{"host":"baymyijz6sxaqj5s","time":1608564517,"event":{"mods":["AchievementEnabler","BaseMod","Colored Map","Colored Powertips","DeckTracker","KOR Keyword Fix","Keyboard Shortcuts","Minty Spire (QoL Compilation)","Quick Restart","StSLib","SuperFastMode"],"gold_per_floor":[117,19,19,31,46,46,64,64,64,77,77,77,77,90,90,189,189,207,221,321,332,15,43,63,63,88,107,107,107,125,145,145,244,294,312,323,339,351,351,351,351],"floor_reached":40,"playtime":1212,"items_purged":["Strike_R","Strike_R"],"score":429,"play_id":"008cb2b2-a97e-4d31-b122-c079cc65abfc","local_time":"20201222002837","is_ascension_mode":false,"campfire_choices":[{"data":"Sword Boomerang","floor":6,"key":"SMITH"},{"data":"Cleave","floor":8,"key":"SMITH"},{"data":"Bash","floor":13,"key":"SMITH"},{"floor":15,"key":"REST"},{"data":"Flame Barrier","floor":25,"key":"SMITH"},{"data":"Double Tap","floor":29,"key":"SMITH"},{"data":"Armaments","floor":32,"key":"SMITH"}],"circlet_count":0,"master_deck":["Strike_R","Strike_R+1","Strike_R","Defend_R","Defend_R","Defend_R","Defend_R","Bash+1","Thunderclap+1","Sword Boomerang+1","Cleave+1","Impervious","Body Slam+1","Flame Barrier+1","Double Tap+1","Shrug It Off","Armaments+1","Heavy Blade","Barricade","Offering"],"relics":["Burning Blood","Shuriken","Mercury Hourglass","Sozu","Happy Flower","Ornamental Fan","Nloth\u0027s Gift","Tiny House"],"acts_visited":["Exordium","TheCity","TheBeyond"],"potions_floor_usage":[10,10,16,16],"damage_taken":[{"damage":1,"enemies":"Cultist","floor":1,"turns":4},{"damage":0,"enemies":"Small Slimes","floor":4,"turns":3},{"damage":1,"enemies":"2 Louse","floor":5,"turns":2},{"damage":7,"enemies":"2 Fungi Beasts","floor":7,"turns":3},{"damage":0,"enemies":"Gremlin Gang","floor":10,"turns":1},{"damage":2,"enemies":"Blue Slaver","floor":14,"turns":3},{"damage":23,"enemies":"Slime Boss","floor":16,"turns":8},{"damage":25,"enemies":"Shell Parasite","floor":18,"turns":7},{"damage":8,"enemies":"3 Byrds","floor":19,"turns":3},{"damage":15,"enemies":"Snecko","floor":21,"turns":4},{"damage":0,"enemies":"Gremlin Leader","floor":23,"turns":3},{"damage":0,"enemies":"Snake Plant","floor":24,"turns":4},{"damage":13,"enemies":"Sentry and Sphere","floor":27,"turns":4},{"damage":8,"enemies":"Shelled Parasite and Fungi","floor":30,"turns":4},{"damage":5,"enemies":"Centurion and Healer","floor":31,"turns":5},{"damage":45,"enemies":"Collector","floor":33,"turns":10},{"damage":9,"enemies":"3 Shapes","floor":35,"turns":3},{"damage":10,"enemies":"Orb Walker","floor":36,"turns":3},{"damage":18,"enemies":"Jaw Worm Horde","floor":37,"turns":4},{"damage":14,"enemies":"Sphere and 2 Shapes","floor":38,"turns":5},{"damage":66,"enemies":"Transient","floor":40,"turns":5}],"seed_played":"-3832347114345319955","potions_obtained":[{"floor":1,"key":"SteroidPotion"},{"floor":7,"key":"Explosive Potion"},{"floor":10,"key":"BlessingOfTheForge"},{"floor":14,"key":"Energy Potion"}],"is_trial":false,"path_per_floor":["M","$","?","M","M","R","M","R","T","M","?","?","R","M","R","B",null,"M","M","?","M","$","E","M","R","T","M","?","R","M","M","R","B",null,"M","M","M","M","?","M"],"character_chosen":"IRONCLAD","items_purchased":["Thunderclap","Happy Flower","Double Tap"],"campfire_rested":1,"item_purchase_floors":[2,22,22],"current_hp_per_floor":[88,88,88,88,88,88,87,87,87,88,70,70,70,74,88,71,88,69,67,67,58,58,64,70,70,70,63,63,63,61,62,62,23,93,90,86,74,66,66,0,0],"gold":351,"neow_bonus":"TEN_PERCENT_HP_BONUS","is_daily":false,"chose_seed":false,"campfire_upgraded":6,"win_rate":0.0,"timestamp":1608564517,"path_taken":["M","?","?","M","M","R","?","R","T","M","?","?","R","M","R","BOSS","M","M","?","?","$","E","M","R","T","M","?","R","M","?","R","BOSS","M","M","M","M","?","M"],"items_purchased_type":["Card","Relic","Card"],"build_version":"2020-12-13","purchased_purges":2,"victory":false,"max_hp_per_floor":[88,88,88,88,88,88,88,88,88,88,88,88,88,88,88,88,88,88,88,88,88,88,88,88,88,88,88,88,88,88,88,88,88,93,93,93,93,93,93,93,93],"card_choices":[{"not_picked":["Intimidate","Wild Strike","Evolve"],"picked":"SKIP","floor":1},{"not_picked":["Sentinel","Bloodletting"],"picked":"Sword Boomerang","floor":4},{"not_picked":["Clash","Pommel Strike","Sentinel"],"picked":"SKIP","floor":5},{"not_picked":["Thunderclap","Pommel Strike"],"picked":"Cleave","floor":7},{"not_picked":["Thunderclap","Hemokinesis","Wild Strike"],"picked":"SKIP","floor":10},{"not_picked":["Sword Boomerang","Disarm","Whirlwind"],"picked":"SKIP","floor":14},{"not_picked":["Reaper","Double Tap"],"picked":"Impervious","floor":16},{"not_picked":["Power Through+1","Pommel Strike+1"],"picked":"Body Slam+1","floor":18},{"not_picked":["Thunderclap","Flex","Clash"],"picked":"SKIP","floor":19},{"not_picked":["Wild Strike+1","Intimidate"],"picked":"Flame Barrier","floor":21},{"not_picked":["Disarm","Body Slam+1"],"picked":"Shrug It Off","floor":23},{"not_picked":["Anger","Combust+1","Carnage"],"picked":"SKIP","floor":24},{"not_picked":["True Grit+1","Havoc+1"],"picked":"Armaments","floor":27},{"not_picked":["Clothesline","Double Tap","Clash+1"],"picked":"SKIP","floor":30},{"not_picked":["Reckless Charge+1","Battle Trance"],"picked":"Heavy Blade","floor":31},{"not_picked":["Blood for Blood","Dark Embrace"],"picked":"Barricade","floor":34},{"not_picked":["Clash+1","Dual Wield","Anger"],"picked":"SKIP","floor":35},{"not_picked":["Cleave","Thunderclap"],"picked":"Offering","floor":36},{"not_picked":["Warcry","Armaments","Juggernaut"],"picked":"SKIP","floor":37},{"not_picked":["Rage+1","Sword Boomerang","Warcry+1"],"picked":"SKIP","floor":38}],"player_experience":171585,"relics_obtained":[{"floor":9,"key":"Shuriken"},{"floor":23,"key":"Ornamental Fan"},{"floor":26,"key":"Nunchaku"}],"event_choices":[{"damage_healed":0,"gold_gain":0,"player_choice":"Upgraded","damage_taken":0,"max_hp_gain":0,"max_hp_loss":0,"event_name":"Upgrade Shrine","floor":3,"gold_loss":0,"cards_upgraded":["Thunderclap"]},{"damage_healed":0,"gold_gain":0,"player_choice":"Success","damage_taken":18,"relics_obtained":["Mercury Hourglass"],"max_hp_gain":0,"max_hp_loss":0,"event_name":"Scrap Ooze","floor":11,"gold_loss":0},{"damage_healed":0,"gold_gain":0,"player_choice":"Ignored","damage_taken":0,"max_hp_gain":0,"max_hp_loss":0,"event_name":"Liars Game","floor":12,"gold_loss":0},{"damage_healed":0,"gold_gain":100,"player_choice":"Pray","damage_taken":0,"max_hp_gain":0,"max_hp_loss":0,"event_name":"Golden Shrine","floor":20,"gold_loss":0},{"damage_healed":0,"gold_gain":0,"player_choice":"Traded Relic","damage_taken":0,"relics_obtained":["Nloth\u0027s Gift"],"max_hp_gain":0,"max_hp_loss":0,"event_name":"N\u0027loth","floor":28,"relics_lost":["Nunchaku"],"gold_loss":0},{"damage_healed":0,"gold_gain":0,"player_choice":"Memory 1","damage_taken":0,"max_hp_gain":0,"max_hp_loss":0,"event_name":"SensoryStone","floor":39,"gold_loss":0}],"is_beta":false,"boss_relics":[{"not_picked":["Runic Cube","Coffee Dripper"],"picked":"Sozu"},{"not_picked":["Mark of Pain","Astrolabe"],"picked":"Tiny House"}],"items_purged_floors":[2,22],"is_endless":false,"potions_floor_spawned":[1,7,10,14,21,24,30,36,37],"killed_by":"Transient","ascension_level":0}}