{"host":"nox","time":1608581978,"event":{"mods":["Aspiration","BaseMod","Better Third Choice","Colored Powertips","Conspire","Hubris","Infinite Spire","Minty Spire (QoL Compilation)","Quick Restart","Rare Cards Sparkle","Replay The Spire","Shop Mod","Spikes Relics","StSLib","SuperFastMode","The Alterego","vexMod"],"gold_per_floor":[114,114,114,126,126,161,161,191,191,191,191],"floor_reached":10,"playtime":240,"items_purged":[],"score":93,"play_id":"5cc9c98c-a58a-4dd8-861c-13e560002f12","local_time":"20201222031938","is_ascension_mode":true,"campfire_choices":[{"floor":7,"key":"REST"}],"circlet_count":0,"master_deck":["Strike_B","Strike_B+1","Strike_B","Strike_B","Defend_B","Defend_B","Defend_B","Defend_B","Zap+1","Dualcast","Crystallizer","FIFO Queue"],"relics":["Cracked Core","MiniBlackHole","Girya","Meat on the Bone"],"acts_visited":["Exordium"],"potions_floor_usage":[8,10],"damage_taken":[{"damage":2.0,"enemies":"Small Slimes","floor":1.0,"turns":3.0},{"damage":7,"enemies":"Jaw Worm","floor":4,"turns":2},{"damage":28,"enemies":"Lagavulin","floor":6,"turns":8},{"damage":37,"enemies":"3 Sentries","floor":8,"turns":6},{"damage":170,"enemies":"Lagavulin","floor":10,"turns":5}],"seed_played":"2020020493912518925","potions_obtained":[{"floor":1.0,"key":"Cursed Concoction"},{"floor":4,"key":"SmokeBomb"},{"floor":6,"key":"FocusPotion"}],"is_trial":false,"path_per_floor":["M","?","?","M","$","E","R","E","T","E"],"character_chosen":"DEFECT","items_purchased":[],"campfire_rested":1,"item_purchase_floors":[],"current_hp_per_floor":[80,80,64,57,57,29,53,16,16,0,0],"gold":191,"neow_bonus":"TEN_PERCENT_HP_BONUS","is_daily":false,"chose_seed":false,"campfire_upgraded":0,"win_rate":0.0,"timestamp":1608581978,"path_taken":["M","?","?","M","?","E","R","E","T","E"],"items_purchased_type":[],"build_version":"2020-11-17","purchased_purges":0,"victory":false,"max_hp_per_floor":[82,82,82,82,82,82,82,82,82,82,82],"card_choices":[{"not_picked":["Self Repair","Time Bomb"],"picked":"Crystallizer","floor":1.0},{"not_picked":["Doom and Gloom","Cold Snap","BasicCrystalCard"],"picked":"SKIP","floor":4},{"not_picked":["ReplayTheSpireMod:Reroute Power","FTL"],"picked":"FIFO Queue","floor":6},{"not_picked":["Stack","Sweeping Beam","Turbo"],"picked":"SKIP","floor":8}],"player_experience":213067,"relics_obtained":[{"floor":6,"key":"MiniBlackHole"},{"floor":8,"key":"Girya"},{"floor":9,"key":"Meat on the Bone"}],"event_choices":[{"damage_healed":80,"gold_gain":0,"player_choice":"Upgrade","damage_taken":16,"max_hp_gain":0,"max_hp_loss":82,"event_name":"betterThird:BetterShining","floor":3,"gold_loss":0,"cards_upgraded":["Zap","Strike_B"]}],"is_beta":true,"boss_relics":[],"items_purged_floors":[],"is_endless":false,"potions_floor_spawned":[1,4,6],"killed_by":"Lagavulin","ascension_level":5}}