{"host":"3c27c697js19kaoo","time":1608537949,"event":{"mods":["ATMod(∞¢Ë™Mod)","Aspiration","BaseMod","CapriCore","Dota2Spire","Hermit","Minty Spire (QoL Compilation)","Quick Restart","Remilia£®¿Ÿ√◊¿Ú—«£©","Replay The Spire","Robot Space Explorer","Spicy Shops","StSLib","The Alterego","The Cursed","The Runesmith","The Servant 0.9.4","Youmu£®ªÍ∆«—˝√Œ£©","vexMod","°æ“≈ŒÔø®≈∆°øREMEMod"],"gold_per_floor":[110,110,110,128,56,83,105,105,156,210,224,259,276,288,288,400,1066,1082,1096,1096,1096,450,509,609,609,609,609,622,685,707,758,758,918,1218,1255,1255],"floor_reached":35,"playtime":2730,"items_purged":["Wrath_TH","Defend_YM"],"score":443,"play_id":"754abced-298c-4e45-9799-a75b36e7a88a","local_time":"20201221160549","is_ascension_mode":false,"campfire_choices":[{"data":"HesitationCuttingSword","floor":8,"key":"SMITH"},{"floor":15,"key":"REST"},{"floor":27,"key":"REST"},{"floor":32,"key":"REST"}],"circlet_count":0,"master_deck":["Strike_YM","Strike_YM","Strike_YM","Strike_YM","Defend_YM","Defend_YM","Defend_YM","SlashOfPresentWorld","WheelOfPainOfLivingAndDead","AT_ShrugMaster","REME_ForAll","SwordOfBindingDesires","SwordExtraction","KarmicPunishmentOfTheIdleAndUnfocused","HesitationCuttingSword+1","FastingOfTheYoungPreta","HumanKnowledgeSword","MatsuyoiReflectingSatelliteSlash","EndlessPower","SuddenPhantomFormationSlashOfKarmicWind","SlashOfSaigyouSpringWind","J.A.X.","ObsessionWithThePresentWorld+1","CelestialStarSword","Hallucinations","Clumsy","Clumsy"],"relics":["HalfPhantom","REME_ComplimentaryCards","AT_ATBox","GremlinMask","Ice Cream","vexMod:ConsolationPrize","Centennial Puzzle","Roukanken","vexMod:RockOfEvil","Nloth\u0027s Gift","Dota2Spire:PowerTreads","Membership Card","Strange Spoon","Dota2Spire:HandOfMidas","Incense Burner","Dota2Spire:DivineRapier","Replay:Ancient Bell","Anchor","Mummified Hand","Old Coin"],"acts_visited":["Exordium","TheCity","TheBeyond"],"potions_floor_usage":[12,14],"damage_taken":[{"damage":0,"enemies":"2 Louse","floor":1,"turns":1},{"damage":0,"enemies":"Cultist","floor":4,"turns":1},{"damage":0,"enemies":"3 Sentries","floor":6,"turns":3},{"damage":3,"enemies":"Small Slimes","floor":7,"turns":5},{"damage":22,"enemies":"Lagavulin","floor":10,"turns":9},{"damage":0,"enemies":"3 Louse","floor":11,"turns":4},{"damage":16,"enemies":"Lots of Slimes","floor":12,"turns":5},{"damage":0,"enemies":"Exordium Wildlife","floor":13,"turns":4},{"damage":0,"enemies":"3 Louse","floor":14,"turns":3},{"damage":17,"enemies":"The Guardian","floor":16,"turns":7},{"damage":0,"enemies":"Spheric Guardian","floor":18,"turns":2},{"damage":0,"enemies":"3 Byrds","floor":19,"turns":5},{"damage":17,"enemies":"Shelled Parasite and Fungi","floor":23,"turns":4},{"damage":44,"enemies":"REME_1_Revenger","floor":24,"turns":4},{"damage":0,"enemies":"Snecko","floor":28,"turns":2},{"damage":21,"enemies":"Centurion and Healer","floor":29,"turns":5},{"damage":3,"enemies":"Snake Plant","floor":30,"turns":2},{"damage":3,"enemies":"3 Cultists","floor":31,"turns":3},{"damage":28,"enemies":"Champ","floor":33,"turns":5},{"damage":37,"enemies":"3 Darklings","floor":35,"turns":3}],"seed_played":"1649788277846884903","potions_obtained":[{"floor":1,"key":"Block Potion"},{"floor":12,"key":"PhantomPosion"},{"floor":13,"key":"Adrenaline Potion"},{"floor":14,"key":"LiquidBronze"},{"floor":23,"key":"SwordSoul"}],"is_trial":false,"path_per_floor":["M","?","?","M","$","E","M","R","T","E","M","M","M","M","R","B",null,"M","M","?","?","$","M","E","?","T","R","M","M","M","M","R","B",null,"M"],"character_chosen":"YOUMU","items_purchased":["Ice Cream","Dota2Spire:PowerTreads","Membership Card","Strange Spoon","SuddenPhantomFormationSlashOfKarmicWind","Dota2Spire:HandOfMidas"],"campfire_rested":3,"item_purchase_floors":[5,22,22,22,22,22],"current_hp_per_floor":[75,75,75,75,75,75,72,72,72,50,50,34,34,34,56,39,75,75,75,75,75,75,58,14,14,14,36,36,15,12,9,31,3,75,38,38],"gold":1255,"neow_bonus":"THREE_ENEMY_KILL","is_daily":false,"chose_seed":false,"campfire_upgraded":1,"win_rate":0.0,"timestamp":1608537949,"path_taken":["M","?","?","M","$","E","?","R","T","E","M","M","?","?","R","BOSS","M","M","?","?","$","?","E","?","T","R","M","M","M","M","R","BOSS","M"],"items_purchased_type":["Relic","Relic","Relic","Relic","Card","Relic"],"build_version":"2020-12-13","purchased_purges":2,"victory":false,"max_hp_per_floor":[75,75,75,75,75,75,75,75,75,75,75,75,75,75,75,75,75,75,75,75,75,75,75,75,75,75,75,75,75,75,75,75,75,75,75,75],"card_choices":[{"not_picked":["BizarrenessOfSixRealms","TwoHundredYojanaInOneSlash"],"picked":"SwordOfBindingDesires","floor":1},{"not_picked":["PhosphoricSlash","ConstancyOfTheConventionalTruth"],"picked":"SwordExtraction","floor":4},{"not_picked":["PreachingAvici","HeartExcerptSlash"],"picked":"KarmicPunishmentOfTheIdleAndUnfocused","floor":6},{"not_picked":["BloodOfAsura","LifeCuttingSword"],"picked":"HesitationCuttingSword","floor":7},{"not_picked":["CrescentMoonSlash","KarmicPunishmentOfTheIdleAndUnfocused","ConstancyOfTheConventionalTruth"],"picked":"SKIP","floor":10},{"not_picked":["CherryBlossomFlashing","DispleasureOfTheSevenHakus"],"picked":"FastingOfTheYoungPreta","floor":11},{"not_picked":["LifeCuttingSword","ThreeKonsSevenHakus"],"picked":"HumanKnowledgeSword","floor":12},{"not_picked":["HumanKnowledgeSword","DispleasureOfTheSevenHakus","SanzenSekai"],"picked":"SKIP","floor":13},{"not_picked":["ThreeKonsSevenHakus","DispleasureOfTheSevenHakus","HumanKnowledgeSword"],"picked":"SKIP","floor":14},{"not_picked":["ASingleThoughtAndInfiniteKalpas","WickedSoul"],"picked":"MatsuyoiReflectingSatelliteSlash","floor":16},{"not_picked":["SwordOfBindingDesires","RapidSlash","LowerRealmReflectionSlash+1"],"picked":"SKIP","floor":18},{"not_picked":["EchoesOfTheInclemencyOfAllBeings","DispleasureOfTheSevenHakus+1","HumanKnowledgeSword"],"picked":"SKIP","floor":19},{"not_picked":["HumanKnowledgeSword","ObsessionSword","SlashOfMeditation"],"picked":"SKIP","floor":23},{"not_picked":["HellRealmSword","SuddenPhantomFormationSlashOfKarmicWind"],"picked":"SlashOfSaigyouSpringWind","floor":24},{"not_picked":["SpiritCuttingSword","TurningAngelCut","BloodOfAsura"],"picked":"SKIP","floor":28},{"not_picked":["SwordOfBindingDesires+1","LifeCuttingSword"],"picked":"ObsessionWithThePresentWorld+1","floor":29},{"not_picked":["LowerRealmReflectionSlash","ThoughtCuttingSword","CrescentMoonSlash"],"picked":"SKIP","floor":30},{"not_picked":["SanzenSekai","SlashOfAscensionToBuddhahood+1","ThoughtCuttingSword"],"picked":"SKIP","floor":31},{"not_picked":["HeavenSword","HeavenGodSword"],"picked":"CelestialStarSword","floor":33},{"not_picked":["Sickly","Regret"],"picked":"Hallucinations","floor":34},{"not_picked":["Parasite","ReplayTheSpireMod:Doomed"],"picked":"Clumsy","floor":34},{"not_picked":["Doubt","Writhe"],"picked":"Clumsy","floor":34}],"player_experience":163470,"relics_obtained":[{"floor":6,"key":"vexMod:ConsolationPrize"},{"floor":9,"key":"Centennial Puzzle"},{"floor":10,"key":"Roukanken"},{"floor":24,"key":"Incense Burner"},{"floor":26,"key":"Dota2Spire:DivineRapier"}],"event_choices":[{"damage_healed":0,"gold_gain":0,"player_choice":"Leave","damage_taken":0,"max_hp_gain":0,"max_hp_loss":0,"event_name":"The Cleric","floor":2,"gold_loss":0},{"damage_healed":0,"gold_gain":0,"player_choice":"Trade","damage_taken":0,"relics_obtained":["GremlinMask"],"max_hp_gain":0,"max_hp_loss":0,"event_name":"FaceTrader","floor":3,"gold_loss":0},{"damage_healed":0,"gold_gain":0,"player_choice":"Traded Relic","damage_taken":0,"relics_obtained":["Nloth\u0027s Gift"],"max_hp_gain":0,"max_hp_loss":0,"event_name":"N\u0027loth","floor":21,"relics_lost":["NeowsBlessing"],"gold_loss":0},{"damage_healed":0,"gold_gain":0,"player_choice":"Obtain J.A.X.","damage_taken":0,"max_hp_gain":0,"max_hp_loss":0,"event_name":"Drug Dealer","floor":25,"gold_loss":0,"cards_obtained":["J.A.X."]}],"is_beta":false,"boss_relics":[{"not_picked":["vexMod:CursedCompass","Runic Pyramid"],"picked":"vexMod:RockOfEvil"},{"not_picked":["Kintsugi","aspiration:RunesmithSkillbook"],"picked":"Replay:Ancient Bell"},{"not_picked":["Potion Belt","Dota2Spire:ArcaneBoots"],"picked":"Anchor"},{"not_picked":["Shuriken","Dota2Spire:Dagon"],"picked":"Mummified Hand"},{"not_picked":["Girya","vexMod:CardConverter"],"picked":"Old Coin"}],"items_purged_floors":[22,22],"is_endless":false,"potions_floor_spawned":[1,12,13,14,19,23,24,30,31],"killed_by":"3 Darklings","ascension_level":0}}