{"host":"q9718omregw4er46","time":1608577778,"event":{"mods":["BaseMod","Bestiary","Colored Powertips","Minty Spire (QoL Compilation)","Quick Restart","Relic Stats"],"gold_per_floor":[118,118,131,141,151,181,192,192,265,265,295,314,326,80,80,156,156,173,184,184,134,153,153,186,201,226,64,82,92,92,125,125,202,202,219,236,250,260,260,260],"floor_reached":39,"playtime":2021,"items_purged":["Strike_B"],"score":978,"play_id":"992d924f-951a-4c0b-a5f7-1794a5ec2e3d","local_time":"20201222000938","is_ascension_mode":true,"campfire_choices":[{"data":"Fission","floor":8,"key":"SMITH"},{"floor":10,"key":"REST"},{"data":"Hyperbeam","floor":15,"key":"SMITH"},{"data":"Biased Cognition","floor":23,"key":"SMITH"},{"data":"Static Discharge","floor":30,"key":"SMITH"},{"data":"Loop","floor":32,"key":"SMITH"}],"circlet_count":0,"master_deck":["AscendersBane","Strike_B","Defend_B","Defend_B","Defend_B","Zap","Dualcast","Compile Driver","Glacier","Ball Lightning","Fission+1","Core Surge","Biased Cognition+1","Hyperbeam+1","Recycle","Skim","Loop+1","Static Discharge+1","Echo Form","Meteor Strike","Defragment","Hologram+1"],"relics":["Snecko Eye","White Beast Statue","Meat on the Bone","Dead Branch","Orrery","Coffee Dripper","Dream Catcher","Bag of Preparation","Runic Capacitor","Orichalcum","Empty Cage"],"acts_visited":["Exordium","TheCity","TheBeyond"],"potions_floor_usage":[6,11,11,16,24,31,33,39],"damage_taken":[{"damage":17,"enemies":"Small Slimes","floor":1,"turns":5},{"damage":13,"enemies":"Cultist","floor":3,"turns":5},{"damage":0,"enemies":"2 Louse","floor":4,"turns":5},{"damage":10,"enemies":"Exordium Wildlife","floor":5,"turns":4},{"damage":8,"enemies":"3 Sentries","floor":6,"turns":7},{"damage":0,"enemies":"Lots of Slimes","floor":7,"turns":4},{"damage":30,"enemies":"Lagavulin","floor":11,"turns":7},{"damage":3,"enemies":"Exordium Thugs","floor":12,"turns":4},{"damage":2,"enemies":"3 Louse","floor":13,"turns":2},{"damage":0,"enemies":"Slime Boss","floor":16,"turns":5},{"damage":7,"enemies":"3 Byrds","floor":18,"turns":3},{"damage":11,"enemies":"Shell Parasite","floor":19,"turns":6},{"damage":3,"enemies":"Chosen and Byrds","floor":22,"turns":4},{"damage":34,"enemies":"Slavers","floor":24,"turns":2},{"damage":0,"enemies":"Centurion and Healer","floor":25,"turns":2},{"damage":21,"enemies":"Snecko","floor":28,"turns":5},{"damage":0,"enemies":"3 Cultists","floor":29,"turns":2},{"damage":2,"enemies":"Book of Stabbing","floor":31,"turns":6},{"damage":22,"enemies":"Champ","floor":33,"turns":8},{"damage":0,"enemies":"3 Shapes","floor":35,"turns":3},{"damage":0,"enemies":"3 Darklings","floor":36,"turns":2},{"damage":19,"enemies":"Jaw Worm Horde","floor":37,"turns":3},{"damage":0,"enemies":"Maw","floor":38,"turns":6},{"damage":41,"enemies":"2 Orb Walkers","floor":39,"turns":3}],"seed_played":"-32307410117990810","potions_obtained":[{"floor":1,"key":"GamblersBrew"},{"floor":3,"key":"SteroidPotion"},{"floor":7,"key":"Strength Potion"},{"floor":11,"key":"Weak Potion"},{"floor":12,"key":"FocusPotion"},{"floor":13,"key":"Fire Potion"},{"floor":16,"key":"Dexterity Potion"},{"floor":18,"key":"Regen Potion"},{"floor":24,"key":"PotionOfCapacity"},{"floor":31,"key":"DuplicationPotion"},{"floor":33,"key":"Ancient Potion"},{"floor":35,"key":"LiquidMemories"}],"is_trial":true,"path_per_floor":["M","?","M","M","M","E","M","R","T","R","E","M","M","$","R","B",null,"M","M","?","?","M","R","E","M","T","$","M","M","R","E","R","B",null,"M","M","M","M","?"],"character_chosen":"DEFECT","items_purchased":["Orrery","Runic Capacitor"],"campfire_rested":1,"item_purchase_floors":[14,27],"current_hp_per_floor":[47,47,34,34,24,16,16,16,16,37,19,28,38,38,38,38,63,56,45,45,45,42,42,25,37,37,37,28,40,40,38,38,28,60,60,60,41,41,0,0],"gold":260,"neow_bonus":"","is_daily":false,"chose_seed":false,"campfire_upgraded":5,"win_rate":0.0,"timestamp":1608577778,"path_taken":["M","?","M","M","M","E","M","R","T","R","E","M","M","?","R","BOSS","M","M","?","?","?","R","E","M","T","?","M","M","R","E","R","BOSS","M","M","M","M","?"],"items_purchased_type":["Relic","Relic"],"build_version":"2020-12-13","purchased_purges":1,"victory":false,"max_hp_per_floor":[71,71,71,71,71,71,71,71,71,71,71,71,71,71,71,71,71,71,71,71,71,71,71,71,71,71,71,71,71,71,71,71,71,71,71,71,71,71,71,71],"relic_stats":{"Dream Catcher":0,"counters":[24,103],"Dead Branch":[85],"Snecko Eye":[188,201,219,216],"Bag of Preparation":[18],"Orichalcum":[18],"obtain_stats":[{"Dream Catcher":24,"Dead Branch":11,"Snecko Eye":0,"Orrery":14,"Coffee Dripper":17,"Bag of Preparation":26,"Runic Capacitor":27,"Orichalcum":31,"Empty Cage":34,"White Beast Statue":6,"Meat on the Bone":9},{"Dream Catcher":14,"Dead Branch":7,"Snecko Eye":0,"Orrery":9,"Coffee Dripper":10,"Bag of Preparation":15,"Runic Capacitor":15,"Orichalcum":18,"Empty Cage":19,"White Beast Statue":5,"Meat on the Bone":6},{"Dream Catcher":63,"Dead Branch":37,"Snecko Eye":0,"Orrery":43,"Coffee Dripper":48,"Bag of Preparation":65,"Runic Capacitor":65,"Orichalcum":78,"Empty Cage":86,"White Beast Statue":26,"Meat on the Bone":30}],"Meat on the Bone":96},"card_choices":[{"not_picked":["Double Energy","Consume"],"picked":"Compile Driver","floor":1},{"not_picked":["Turbo","Barrage"],"picked":"Glacier","floor":3},{"not_picked":["Cold Snap","Coolheaded"],"picked":"Ball Lightning","floor":4},{"not_picked":["Streamline","Beam Cell","Stack"],"picked":"SKIP","floor":5},{"not_picked":["Ball Lightning","Compile Driver"],"picked":"Fission","floor":6},{"not_picked":["Turbo","Scrape","Undo"],"picked":"SKIP","floor":7},{"not_picked":["Leap","Double Energy","Aggregate"],"picked":"SKIP","floor":11},{"not_picked":["Blizzard","Aggregate","Cold Snap"],"picked":"SKIP","floor":12},{"not_picked":["Consume","Stack","Loop"],"picked":"SKIP","floor":13},{"not_picked":["Fission","Stack"],"picked":"Core Surge","floor":14},{"not_picked":["Beam Cell","Redo"],"picked":"Biased Cognition","floor":14},{"not_picked":["Rebound","Steam"],"picked":"Hyperbeam","floor":14},{"not_picked":["Sweeping Beam+1","Heatsinks"],"picked":"Recycle","floor":18},{"not_picked":["Cold Snap","Rip and Tear"],"picked":"Skim","floor":19},{"not_picked":["Static Discharge","Beam Cell","Auto Shields"],"picked":"SKIP","floor":22},{"not_picked":["Gash","Double Energy"],"picked":"Loop","floor":24},{"not_picked":["Tempest","Barrage","Ball Lightning"],"picked":"SKIP","floor":25},{"not_picked":["Undo","Streamline","FTL"],"picked":"SKIP","floor":28},{"not_picked":["Chill","Skim"],"picked":"Static Discharge","floor":29},{"not_picked":["Sweeping Beam","Steam Power"],"picked":"Echo Form","floor":31},{"not_picked":["Electrodynamics","Seek"],"picked":"Meteor Strike","floor":33},{"not_picked":["Loop","Ball Lightning"],"picked":"Defragment","floor":35},{"not_picked":["Beam Cell","Turbo","Barrage"],"picked":"SKIP","floor":36},{"not_picked":["Steam","Steam Power+1"],"picked":"Hologram+1","floor":37},{"not_picked":["Conserve Battery+1","Steam+1","Force Field+1"],"picked":"SKIP","floor":38}],"player_experience":1086094,"relics_obtained":[{"floor":6,"key":"White Beast Statue"},{"floor":9,"key":"Meat on the Bone"},{"floor":11,"key":"Dead Branch"},{"floor":24,"key":"Dream Catcher"},{"floor":26,"key":"Bag of Preparation"},{"floor":31,"key":"Orichalcum"}],"event_choices":[{"cards_removed":["Strike_B"],"damage_healed":0,"gold_gain":0,"player_choice":"Purged","damage_taken":0,"max_hp_gain":0,"max_hp_loss":0,"event_name":"Purifier","floor":2,"gold_loss":0},{"damage_healed":0,"gold_gain":0,"player_choice":"Ignored","damage_taken":0,"max_hp_gain":0,"max_hp_loss":0,"event_name":"The Mausoleum","floor":20,"gold_loss":0},{"damage_healed":0,"gold_gain":0,"player_choice":"Bet on Owner","damage_taken":0,"max_hp_gain":0,"max_hp_loss":0,"event_name":"The Joust","floor":21,"gold_loss":50},{"damage_healed":0,"gold_gain":0,"player_choice":"Fight","damage_taken":0,"max_hp_gain":0,"max_hp_loss":0,"event_name":"Mysterious Sphere","floor":39,"gold_loss":0}],"is_beta":false,"boss_relics":[{"not_picked":["Sozu","Busted Crown"],"picked":"Coffee Dripper"},{"not_picked":["Runic Dome","Fusion Hammer"],"picked":"Empty Cage"}],"items_purged_floors":[14],"is_endless":false,"potions_floor_spawned":[1,3,7,11,12,13,16,18,19,22,24,25,28,29,31,33,35,36,37,38],"killed_by":"2 Orb Walkers","ascension_level":20}}