{"host":"pcbz64t4k17ey4z1","time":1608578469,"event":{"mods":["2.2 Compatiblity","AchievementEnabler","Act Like it!","Aspiration","BaseMod","Beaked The Cultist","Better Match","BetterRewards","Card Forge","Colored Map","Colored Powertips","Conspire","Disable Question Mark Monsters","Fireblade Mod","Friendly Minions","GifTheSpireLib","Glutton Mod","Googly Eyes","Hermit","Hubris","Infinite Spire","Koishi","Marisa????????","Minty Spire (QoL Compilation)","Permanent Neow","Potionbrewer","Quick Restart","Random Character Button","Rare Cards Sparkle","Relic Filter","Replay The Spire","Shade Mod","Shop Mod","Small Relic Pack","StSLib","Stuff the Spire","SuperFastMode","The Animator","The Cursed","The Druid","The Gatherer","The Hierophant","The IronCluck","The Runesmith","Waifu the Spire","Wandering Minibosses","vexMod"],"gold_per_floor":[112,112,142,39,122,207,268,365,365,7,24,24,72,72,72,145,145,182,197,197,197,215,215,261,261,261,301,317,350,383,414,414,513,513,545,495,209,209,259,342,437,539,539,643,689,689,689,734,734,781,831,831,831,831,477,526,552],"floor_reached":58,"playtime":3700,"items_purged":[],"score":3255,"play_id":"ee05208f-9afe-4d1f-aa08-094f4961af99","local_time":"20201221192109","is_ascension_mode":true,"campfire_choices":[{"data":"ReplayUltimateDefense","floor":12,"key":"SMITH"},{"data":"Adaptation","floor":15,"key":"SMITH"},{"floor":23,"key":"REST"},{"floor":25,"key":"REST"},{"data":"Good Instincts+1","floor":32,"key":"PURGE"},{"floor":51,"key":"RECALL"},{"floor":54,"key":"REST"}],"circlet_count":0,"master_deck":["AscendersBane","Eruption+1","Vigilance+1","Tantrum+1","Finesse+1","relicPack:TruthCard","LikeWater+1","Self Repair+1","DeusExMachina+1","ThirdEye+1","Dramatic Entrance","Adaptation+1","JustLucky+1","CutThroughFate+1","CutThroughFate+1","Wireheading+1","JustLucky+1","Nirvana+1","ThirdEye+1","ReplayUltimateDefense+1","CutThroughFate","Replay:ManipulateFuture+1","DeusExMachina+1","Wireheading+1","Weave","Wireheading+1","FlurryOfBlows","CurseOfTheBell","conspire:SpireCoStock+1","ReplayUltimateDefense+1","Replay:ManipulateFuture","Weave","Replay:Hum+1","Replay:Cycle+1","TalkToTheHand"],"relics":["PureWater","Hammer of Thor","Seething Fire","Anvil of the Gods","StuffTheSpire:Mouthbags","hubris:HerbalPaste","Mango","Meat on the Bone","potionbrewer:SalesContract","ReplayTheSpireMod:CursedCoin","hubris:MobiusCoin","Blue Doll","infinitespire:Lucky Rock","Kunai","Vajra","Toy Ornithopter","NlothsMask","Fusion Hammer","wanderingMiniBosses:Inkheart","relicPack:DSword","Replay:Blank Codex","Peace Pipe","Regal Pillow","White Beast Statue","Calling Bell","Nunchaku","StuffTheSpire:SapphireSignet","vexMod:PlasmaPancake","Mirror","hubris:Towel","ReplayFunnel","Runesmith:AutoHammer","infinitespire:Golems Mask","Melange","infinitespire:Beetle Shell","InkBottle"],"acts_visited":["Exordium","TheCity","TheBeyond","TheEnding"],"potions_floor_usage":[],"damage_taken":[{"damage":13,"enemies":"Jaw Worm","floor":1,"turns":2},{"damage":4,"enemies":"Cultist","floor":3,"turns":3},{"damage":1,"enemies":"2 Louse","floor":5,"turns":3},{"damage":12,"enemies":"3 Sentries","floor":6,"turns":4},{"damage":1,"enemies":"Gremlin Gang","floor":7,"turns":5},{"damage":8,"enemies":"Gremlin Nob","floor":8,"turns":3},{"damage":20,"enemies":"Looter","floor":11,"turns":3},{"damage":0,"enemies":"Replay:BlueRogue","floor":13,"turns":4},{"damage":9,"enemies":"Hexaghost","floor":16,"turns":8},{"damage":0,"enemies":"conspire:FuzzyDice","floor":18,"turns":4},{"damage":3,"enemies":"Shell Parasite","floor":19,"turns":7},{"damage":0,"enemies":"Shelled Parasite and Fungi","floor":22,"turns":2},{"damage":0,"enemies":"Nightmare","floor":24,"turns":5},{"damage":32,"enemies":"Snake Plant","floor":27,"turns":3},{"damage":0,"enemies":"Chosen and Byrds","floor":28,"turns":1},{"damage":0,"enemies":"conspire:Head Lice","floor":29,"turns":1},{"damage":0,"enemies":"Shelled Parasite and Fungi","floor":30,"turns":3},{"damage":0,"enemies":"conspire:SneckoGhost","floor":31,"turns":1},{"damage":0,"enemies":"Automaton","floor":33,"turns":3},{"damage":0,"enemies":"Orb Walker","floor":35,"turns":2},{"damage":18,"enemies":"R_Hoarder","floor":40,"turns":3},{"damage":0,"enemies":"3 Darklings","floor":41,"turns":2},{"damage":0,"enemies":"Reptomancer","floor":42,"turns":2},{"damage":1,"enemies":"beaked:SuperParasite","floor":44,"turns":4},{"damage":0,"enemies":"Writhing Mass","floor":45,"turns":3},{"damage":4,"enemies":"Sphere and 2 Shapes","floor":48,"turns":2},{"damage":0,"enemies":"Spire Growth","floor":50,"turns":2},{"damage":10,"enemies":"Time Eater","floor":52,"turns":4},{"damage":8,"enemies":"Shield and Spear","floor":56,"turns":2},{"damage":29,"enemies":"The Heart","floor":57,"turns":5}],"seed_played":"-7726679448765452816","potions_obtained":[],"is_trial":false,"path_per_floor":["M","?","M","$","M","E","M","E","T","$","M","R","E","?","R","B",null,"M","M","?","?","M","R","NM","R","T","M","M","E","M","E","R","B",null,"M","?","$","?","?","E","M","E","T","E","M","PTL","PTL","M","?","M","R","B",null,"R","$","E","B",null],"character_chosen":"WATCHER","items_purchased":["Tantrum","StuffTheSpire:Mouthbags","hubris:HerbalPaste","Good Instincts","Finesse","Meat on the Bone","potionbrewer:SalesContract","ReplayTheSpireMod:CursedCoin","hubris:MobiusCoin","LikeWater","Dramatic Entrance","Vajra","ReplayUltimateDefense","Mirror","Melange","infinitespire:Beetle Shell","TalkToTheHand"],"campfire_rested":3,"item_purchase_floors":[0,0,0,0,0,0,0,0,0,0,4,10,10,37,55,55,55],"current_hp_per_floor":[75,75,82,82,82,82,82,82,82,82,64,64,80,80,80,82,82,82,82,47,26,41,65,81,82,82,62,72,82,82,82,82,82,88,88,88,88,88,88,80,83,88,88,88,88,88,88,88,88,88,88,88,88,88,88,80,79],"gold":552,"neow_bonus":"","is_daily":false,"chose_seed":false,"campfire_upgraded":2,"win_rate":0.0,"timestamp":1608578469,"path_taken":["M","?","M","?","M","E","?","E","T","$","M","R","E","?","R","BOSS","M","?","?","?","?","R","NM","R","T","M","M","E","M","E","R","BOSS","M","?","$","?","?","E","M","E","T","E","M","PTL","PTL","?","?","?","R","BOSS","R","$","E","BOSS"],"items_purchased_type":["Card","Relic","Relic","Card","Card","Relic","Relic","Relic","Relic","Card","Card","Relic","Card","Relic","Relic","Relic","Card"],"build_version":"2020-12-13","purchased_purges":0,"victory":true,"max_hp_per_floor":[82,82,82,82,82,82,82,82,82,82,82,82,82,82,82,82,82,82,82,82,82,82,82,82,82,82,82,82,82,82,82,82,82,88,88,88,88,88,88,88,88,88,88,88,88,88,88,88,88,88,88,88,88,88,88,88,88],"card_choices":[{"not_picked":["PathToVictory","Replay:BluntJabs","EmptyMind"],"picked":"SKIP","floor":1},{"not_picked":["EmptyBody","BowlingBash"],"picked":"ThirdEye","floor":3},{"not_picked":["Pray","Vengeance"],"picked":"Adaptation","floor":5},{"not_picked":["Replay:BluntJabs","FollowUp"],"picked":"DeceiveReality","floor":6},{"not_picked":["Consecrate","Replay:DivineShield"],"picked":"JustLucky","floor":7},{"not_picked":["Replay:BluntJabs","Replay:DivineShield"],"picked":"CutThroughFate","floor":8},{"not_picked":["Consecrate","Replay:Cycle"],"picked":"CutThroughFate","floor":11},{"not_picked":["Replay:Anticipation","ClearTheMind"],"picked":"Replay:ManipulateFuture","floor":13},{"not_picked":["MasterReality","Scrawl"],"picked":"DeusExMachina","floor":16},{"not_picked":["InnerPeace","Replay:Cycle"],"picked":"Wireheading","floor":18},{"not_picked":["CutThroughFate","Wireheading"],"picked":"Weave","floor":19},{"not_picked":["ClearTheMind","EmptyFist"],"picked":"Wireheading","floor":22},{"not_picked":["ReachHeaven","Protect","Pray"],"picked":"SKIP","floor":24},{"not_picked":["EmptyBody","BowlingBash","Nirvana"],"picked":"SKIP","floor":27},{"not_picked":["Meditate","FlurryOfBlows","Prostrate"],"picked":"SKIP","floor":28},{"not_picked":["Meditate","FlurryOfBlows","Prostrate"],"picked":"SKIP","floor":28},{"not_picked":["ForeignInfluence","PathToVictory"],"picked":"FlurryOfBlows","floor":29},{"not_picked":["CarveReality","Swivel+1","Wish"],"picked":"SKIP","floor":30},{"not_picked":["CarveReality","Swivel+1","Wish"],"picked":"SKIP","floor":30},{"not_picked":["Replay:Vibes","Study","ReachHeaven"],"picked":"SKIP","floor":31},{"not_picked":["WaveOfTheHand+1","CrushJoints","WreathOfFlame"],"picked":"SKIP","floor":35},{"not_picked":["Replay:Battleflow","Crescendo","PathToVictory+1"],"picked":"SKIP","floor":40},{"not_picked":["DeceiveReality","FlyingSleeves"],"picked":"Replay:ManipulateFuture","floor":41},{"not_picked":["EmptyMind","Weave"],"picked":"Replay:AtTheReady","floor":42},{"not_picked":["ClearTheMind","Replay:ManipulateFuture+1"],"picked":"Weave","floor":44},{"not_picked":["Replay:ManipulateFuture","FearNoEvil"],"picked":"Replay:Hum+1","floor":45},{"not_picked":["Prostrate+1","MentalFortress+1","Vault"],"picked":"SKIP","floor":48},{"not_picked":["CutThroughFate","ThirdEye"],"picked":"Replay:Cycle+1","floor":50},{"not_picked":["Replay:AtTheReady","Conclude","EmptyBody+1"],"picked":"SKIP","floor":56}],"player_experience":3750045,"relics_obtained":[{"floor":6,"key":"Blue Doll"},{"floor":8,"key":"infinitespire:Lucky Rock"},{"floor":9,"key":"Kunai"},{"floor":13,"key":"Toy Ornithopter"},{"floor":19,"key":"wanderingMiniBosses:Inkheart"},{"floor":21,"key":"Replay:Blank Codex"},{"floor":24,"key":"Peace Pipe"},{"floor":29,"key":"Regal Pillow"},{"floor":31,"key":"White Beast Statue"},{"floor":34,"key":"Nunchaku"},{"floor":34,"key":"StuffTheSpire:SapphireSignet"},{"floor":34,"key":"vexMod:PlasmaPancake"},{"floor":40,"key":"ReplayFunnel"},{"floor":42,"key":"Runesmith:AutoHammer"},{"floor":44,"key":"infinitespire:Golems Mask"},{"floor":56,"key":"InkBottle"}],"event_choices":[{"damage_healed":0,"gold_gain":0,"player_choice":"Upgraded","damage_taken":0,"max_hp_gain":0,"max_hp_loss":0,"event_name":"Upgrade Shrine","floor":2,"gold_loss":0,"cards_upgraded":["relicPack:TruthCard"]},{"damage_healed":0,"gold_gain":0,"player_choice":"Trade","damage_taken":0,"relics_obtained":["NlothsMask"],"max_hp_gain":0,"max_hp_loss":0,"event_name":"FaceTrader","floor":14,"gold_loss":0},{"damage_healed":0,"gold_gain":0,"player_choice":"Obtained Book","damage_taken":21,"max_hp_gain":0,"max_hp_loss":0,"event_name":"Cursed Tome","floor":21,"gold_loss":0},{"damage_healed":0,"gold_gain":0,"player_choice":"Invest 1","damage_taken":0,"max_hp_gain":0,"max_hp_loss":0,"event_name":"conspire:Investor","floor":36,"gold_loss":0},{"damage_healed":0,"gold_gain":0,"player_choice":"Copied","damage_taken":0,"max_hp_gain":0,"max_hp_loss":0,"event_name":"Duplicator","floor":39,"gold_loss":0,"cards_obtained":["ReplayUltimateDefense"]},{"damage_healed":0,"gold_gain":0,"player_choice":"Bought 1 Potion","damage_taken":0,"max_hp_gain":0,"max_hp_loss":0,"event_name":"The Woman in Blue","floor":49,"gold_loss":0}],"is_beta":false,"boss_relics":[{"not_picked":["Busted Crown","Replay:Bronze Core"],"picked":"Fusion Hammer"},{"not_picked":["vexMod:DeviousBotling","vexMod:RockOfEvil"],"picked":"Calling Bell"}],"items_purged_floors":[],"is_endless":false,"potions_floor_spawned":[3,5,8,13,18,24,27,30,33,35,40,41,42,44,45,48,50,56],"ascension_level":19}}