{"host":"3j2m8n0ywf988fwb","time":1608543668,"event":{"mods":["2.2 Compatiblity","Act Like it!","Aspiration","BaseMod","Beaked The Cultist","Better Altar","Better Match","Better Note","Better Sensory Stone","Better Skull","Better Third Choice","CCEM","Colored Map","Colored Powertips","Conspire","Energized Spire","GifTheSpireLib","Googly Eyes","Halation","Hallownest","Highlight Path","Hubris","Infinite Spire","Jedi Mod","Marisa????????","Marked Mod","Mimic Mod","Minty Spire (QoL Compilation)","Random Character Button","Relic Stats","Replay The Spire","Robot Space Explorer","Shop Mod","Somnambulant","StSLib","Stuff the Spire","The Bug Knight","The Hierophant","The Marked","The Runesmith","TheFirefly","Unceasing Turn Reminder","everything is the same but u backflip on backflip"],"gold_per_floor":[117,35,35,91,107,132,132,146,215,246,259,285,297,75,75,75,75],"floor_reached":16,"playtime":449,"items_purged":["hubris:Gluttony"],"score":167,"play_id":"1c5c918c-77d3-4657-bd72-18eb379fd61d","local_time":"20201221034108","is_ascension_mode":true,"campfire_choices":[{"data":"jedi:MakeshiftSword","floor":7,"key":"SMITH"},{"floor":15,"key":"REST"}],"circlet_count":0,"master_deck":["Strike_R","Strike_R","Strike_R","Strike_R","Strike_R","Defend_R","Defend_R","Defend_R","Defend_R","Bash","Wild Strike","jedi:MakeshiftSword+1","Inflame","Demon Form","Flex","Intimidate","Inflame","ReplayReversal","True Grit"],"relics":["Burning Blood","NeowsBlessing","halation:EternalFortune","Toy Ornithopter","CCEMRelics:CocoNut","hubris:CrystalStatue","infinitespire:Beetle Shell","ReplayTheSpireMod:CursedCoin","Pantograph"],"acts_visited":["Exordium"],"potions_floor_usage":[11],"damage_taken":[{"damage":0,"enemies":"2 Louse","floor":1,"turns":1},{"damage":0,"enemies":"Jaw Worm","floor":5,"turns":1},{"damage":0,"enemies":"Gremlin Nob","floor":6,"turns":1},{"damage":10,"enemies":"Cultist","floor":8,"turns":4},{"damage":5,"enemies":"3 Sentries","floor":10,"turns":2},{"damage":10,"enemies":"Exordium Wildlife","floor":11,"turns":2},{"damage":45,"enemies":"Lagavulin","floor":12,"turns":6},{"damage":22,"enemies":"Lots of Slimes","floor":13,"turns":5},{"damage":84,"enemies":"Slime Boss","floor":16,"turns":10}],"seed_played":"-4334982123305692318","potions_obtained":[{"floor":6,"key":"Venom Potion"},{"floor":8,"key":"Toxic Potion"},{"floor":11,"key":"Cursed Concoction"},{"floor":12,"key":"SteroidPotion"}],"is_trial":false,"path_per_floor":["M","$","?","?","M","E","R","M","T","E","M","E","M","$","R","B"],"character_chosen":"IRONCLAD","items_purchased":["jedi:MakeshiftSword","ReplayTheSpireMod:CursedCoin","Pantograph","True Grit"],"campfire_rested":1,"item_purchase_floors":[2,14,14,14],"current_hp_per_floor":[80,80,83,83,83,83,83,79,84,85,84,45,29,29,55,0,0],"gold":75,"neow_bonus":"THREE_ENEMY_KILL","is_daily":false,"chose_seed":false,"campfire_upgraded":1,"win_rate":0.0,"timestamp":1608543668,"path_taken":["M","$","?","?","M","E","R","M","T","E","M","E","?","$","R","BOSS"],"items_purchased_type":["Card","Relic","Relic","Card"],"build_version":"2020-12-13","purchased_purges":1,"victory":false,"max_hp_per_floor":[80,80,83,83,83,83,83,83,88,88,88,88,88,88,88,88,88],"relic_stats":{"counters":[9,32],"Pantograph":25,"obtain_stats":[{"hubris:CrystalStatue":10,"NeowsBlessing":0,"ReplayTheSpireMod:CursedCoin":14,"Pantograph":14,"halation:EternalFortune":3,"infinitespire:Beetle Shell":12,"CCEMRelics:CocoNut":9,"Burning Blood":0,"Toy Ornithopter":6},{"hubris:CrystalStatue":5,"NeowsBlessing":0,"ReplayTheSpireMod:CursedCoin":8,"Pantograph":8,"halation:EternalFortune":1,"infinitespire:Beetle Shell":7,"CCEMRelics:CocoNut":4,"Burning Blood":0,"Toy Ornithopter":3},{"hubris:CrystalStatue":9,"NeowsBlessing":0,"ReplayTheSpireMod:CursedCoin":22,"Pantograph":22,"halation:EternalFortune":1,"infinitespire:Beetle Shell":17,"CCEMRelics:CocoNut":7,"Burning Blood":0,"Toy Ornithopter":3}],"Burning Blood":30,"Toy Ornithopter":3},"card_choices":[{"not_picked":["Clothesline","Shrug It Off"],"picked":"Wild Strike","floor":1},{"not_picked":["Sword Boomerang","Bloodletting"],"picked":"Inflame","floor":5},{"not_picked":["Clothesline","Cleave"],"picked":"Demon Form","floor":6},{"not_picked":["Intimidate","Perfected Strike"],"picked":"Flex","floor":8},{"not_picked":["Clothesline","Flex"],"picked":"Intimidate","floor":10},{"not_picked":["Shrug It Off","Intimidate"],"picked":"Inflame","floor":11},{"not_picked":["jedi:MakeshiftSword","Inflame"],"picked":"ReplayReversal","floor":12},{"not_picked":["Run Through","Pommel Strike","Havoc"],"picked":"SKIP","floor":13}],"player_experience":1003115,"relics_obtained":[{"floor":6,"key":"Toy Ornithopter"},{"floor":9,"key":"CCEMRelics:CocoNut"},{"floor":10,"key":"hubris:CrystalStatue"},{"floor":12,"key":"infinitespire:Beetle Shell"}],"event_choices":[{"damage_healed":0,"gold_gain":56,"player_choice":"Gained Gold","damage_taken":0,"max_hp_gain":0,"max_hp_loss":0,"event_name":"Golden Wing","floor":4,"gold_loss":0}],"is_beta":false,"boss_relics":[],"items_purged_floors":[14],"is_endless":false,"potions_floor_spawned":[6,8,11,12],"killed_by":"Slime Boss","ascension_level":3}}