{"host":"p9jk0mlyvhgdzcz4","time":1608540460,"event":{"mods":["BaseMod","Colored Map","Minty Spire (QoL Compilation)","Quick Restart","SuperFastMode"],"gold_per_floor":[111,111,126,138,138,173,173,192,192,212,225,225,225,191,191,320,320,340,358,36,349,363,363,363,377,455,405,30,65,65,80,80,204,204,217,7,7,32,95,95,32,32,32,56,71,104,104,140,140,270,270,294,313,313,332,345,345,379,393,416,416,237,256,281,297,297,422,422,443,456,376,385,404,422,422,65,114,114,128,128,141,156,156,282,282,306,320,333,356,256,299,299,129,165,189,259,271,301,313,325,465,477,502,533,545,557,109,109,122,143,187,201,239,255,294,314,314,454,454,467,467,330,330,330,370,69,82,117,117,142,142,142,142],"floor_reached":132,"playtime":4813,"items_purged":["Sweeping Beam","Go for the Eyes","Rainbow+1","Self Repair+1","Heatsinks+1"],"score":3029,"play_id":"f0251d5a-dbc7-492d-bc50-d27f8ba8e0fd","local_time":"20201221024740","daily_mods":["Draft","Vintage"],"is_ascension_mode":false,"campfire_choices":[{"floor":7,"key":"REST"},{"data":"Hello World","floor":12,"key":"SMITH"},{"data":"Defragment","floor":15,"key":"SMITH"},{"data":"Static Discharge","floor":23,"key":"SMITH"},{"data":"Defragment","floor":30,"key":"SMITH"},{"data":"Heatsinks","floor":32,"key":"PURGE"},{"data":"Heatsinks","floor":40,"key":"PURGE"},{"data":"Hello World","floor":42,"key":"PURGE"},{"data":"Ball Lightning","floor":49,"key":"PURGE"},{"data":"Parasite","floor":57,"key":"PURGE"},{"data":"Hello World+1","floor":61,"key":"PURGE"},{"data":"Go for the Eyes","floor":66,"key":"PURGE"},{"data":"Writhe","floor":75,"key":"PURGE"},{"data":"Ball Lightning+1","floor":78,"key":"PURGE"},{"data":"Conserve Battery+1","floor":80,"key":"PURGE"},{"data":"Madness","floor":83,"key":"PURGE"},{"data":"Static Discharge+1","floor":92,"key":"PURGE"},{"data":"Conserve Battery+1","floor":97,"key":"PURGE"},{"data":"Static Discharge+1","floor":100,"key":"PURGE"},{"data":"Capacitor+1","floor":108,"key":"PURGE"},{"data":"Darkness+1","floor":117,"key":"PURGE"},{"data":"Fission+1","floor":129,"key":"PURGE"}],"circlet_count":0,"master_deck":["Defragment+1","Defragment+1","Electrodynamics+1","Loop+1","Heatsinks+1","Loop+1","Capacitor+1","Loop+1","White Noise+1","Darkness+1","Capacitor+1"],"relics":["Cracked Core","Juzu Bracelet","FossilizedHelix","Happy Flower","Blood Vial","Du-Vu Doll","Mercury Hourglass","Ginger","Pear","Golden Idol","Black Star","Singing Bowl","War Paint","Mummified Hand","Old Coin","Nunchaku","The Courier","Frozen Egg 2","Peace Pipe","Toy Ornithopter","DataDisk","SacredBark","Tiny Chest","TungstenRod","Unceasing Top","Turnip","Ornamental Fan","Thread and Needle","Lantern","Gremlin Horn","Vajra","Anchor","CeramicFish","Toxic Egg 2","Pen Nib","Orichalcum","Bag of Preparation","Runic Capacitor","CaptainsWheel","Potion Belt","Sundial","Eternal Feather","Akabeko","White Beast Statue","Ancient Tea Set","ClockworkSouvenir","Dream Catcher","Bronze Scales","Strawberry","Question Card","StrikeDummy","Empty Cage","Kunai","Omamori","Centennial Puzzle","Regal Pillow","MawBank","Calipers","Letter Opener","Coffee Dripper","Gambling Chip","Torii","Cables","Membership Card","Bag of Marbles","PreservedInsect","Blue Candle","Art of War","HornCleat","MealTicket","Nuclear Battery","Bottled Lightning","Boot","Oddly Smooth Stone","Pantograph","Shuriken","Symbiotic Virus","Ice Cream","Prayer Wheel"],"acts_visited":["Exordium","TheCity","TheBeyond","Exordium","TheCity","TheBeyond","Exordium","TheCity"],"potions_floor_usage":[22,125,125,125,125,125],"damage_taken":[{"damage":4,"enemies":"Jaw Worm","floor":1,"turns":2},{"damage":0,"enemies":"Small Slimes","floor":3,"turns":2},{"damage":0,"enemies":"Cultist","floor":4,"turns":3},{"damage":9,"enemies":"3 Sentries","floor":6,"turns":4},{"damage":0,"enemies":"Lots of Slimes","floor":8,"turns":2},{"damage":0,"enemies":"2 Fungi Beasts","floor":10,"turns":2},{"damage":0,"enemies":"3 Louse","floor":11,"turns":2},{"damage":19,"enemies":"The Guardian","floor":16,"turns":7},{"damage":2,"enemies":"Spheric Guardian","floor":18,"turns":4},{"damage":4,"enemies":"Shell Parasite","floor":19,"turns":4},{"damage":0,"enemies":"Snake Plant","floor":21,"turns":3},{"damage":0,"enemies":"3 Cultists","floor":22,"turns":2},{"damage":5,"enemies":"Chosen and Byrds","floor":25,"turns":3},{"damage":13,"enemies":"Slavers","floor":29,"turns":2},{"damage":0,"enemies":"Centurion and Healer","floor":31,"turns":3},{"damage":0,"enemies":"Champ","floor":33,"turns":6},{"damage":0,"enemies":"3 Shapes","floor":35,"turns":2},{"damage":0,"enemies":"3 Darklings","floor":38,"turns":2},{"damage":0,"enemies":"Mind Bloom Boss Battle","floor":39,"turns":2},{"damage":0,"enemies":"Writhing Mass","floor":44,"turns":4},{"damage":0,"enemies":"Sphere and 2 Shapes","floor":45,"turns":1},{"damage":0,"enemies":"Giant Head","floor":46,"turns":4},{"damage":0,"enemies":"Reptomancer","floor":48,"turns":3},{"damage":31,"enemies":"Awakened One","floor":50,"turns":6},{"damage":0,"enemies":"Jaw Worm","floor":52,"turns":1},{"damage":0,"enemies":"Cultist","floor":53,"turns":2},{"damage":0,"enemies":"Small Slimes","floor":55,"turns":1},{"damage":0,"enemies":"Exordium Wildlife","floor":56,"turns":2},{"damage":0,"enemies":"3 Sentries","floor":58,"turns":2},{"damage":0,"enemies":"3 Louse","floor":59,"turns":1},{"damage":0,"enemies":"Blue Slaver","floor":63,"turns":2},{"damage":0,"enemies":"2 Fungi Beasts","floor":64,"turns":2},{"damage":0,"enemies":"3 Louse","floor":65,"turns":1},{"damage":12,"enemies":"Hexaghost","floor":67,"turns":3},{"damage":0,"enemies":"Shell Parasite","floor":69,"turns":2},{"damage":0,"enemies":"Spheric Guardian","floor":70,"turns":1},{"damage":0,"enemies":"Snecko","floor":73,"turns":2},{"damage":0,"enemies":"3 Cultists","floor":74,"turns":2},{"damage":0,"enemies":"Gremlin Leader","floor":77,"turns":2},{"damage":0,"enemies":"Centurion and Healer","floor":79,"turns":1},{"damage":0,"enemies":"Shelled Parasite and Fungi","floor":81,"turns":1},{"damage":0,"enemies":"Snake Plant","floor":82,"turns":2},{"damage":0,"enemies":"Automaton","floor":84,"turns":1},{"damage":0,"enemies":"3 Shapes","floor":86,"turns":1},{"damage":0,"enemies":"Orb Walker","floor":87,"turns":1},{"damage":29,"enemies":"Writhing Mass","floor":88,"turns":2},{"damage":0,"enemies":"Transient","floor":89,"turns":5},{"damage":1,"enemies":"Nemesis","floor":91,"turns":3},{"damage":0,"enemies":"Reptomancer","floor":94,"turns":2},{"damage":0,"enemies":"4 Shapes","floor":95,"turns":1},{"damage":0,"enemies":"2 Orb Walkers","floor":96,"turns":2},{"damage":0,"enemies":"Maw","floor":98,"turns":1},{"damage":30,"enemies":"Time Eater","floor":101,"turns":4},{"damage":0,"enemies":"Jaw Worm","floor":103,"turns":2},{"damage":0,"enemies":"Small Slimes","floor":104,"turns":2},{"damage":0,"enemies":"Cultist","floor":109,"turns":2},{"damage":0,"enemies":"Large Slime","floor":110,"turns":2},{"damage":0,"enemies":"Gremlin Nob","floor":111,"turns":2},{"damage":0,"enemies":"Exordium Thugs","floor":112,"turns":2},{"damage":0,"enemies":"Lagavulin","floor":113,"turns":2},{"damage":0,"enemies":"Gremlin Gang","floor":114,"turns":1},{"damage":0,"enemies":"Gremlin Nob","floor":115,"turns":2},{"damage":0,"enemies":"3 Louse","floor":116,"turns":1},{"damage":0,"enemies":"The Guardian","floor":118,"turns":2},{"damage":0,"enemies":"2 Thieves","floor":120,"turns":3},{"damage":81,"enemies":"Book of Stabbing","floor":125,"turns":4},{"damage":0,"enemies":"3 Byrds","floor":127,"turns":1},{"damage":30,"enemies":"Gremlin Leader","floor":128,"turns":2},{"damage":36,"enemies":"Snake Plant","floor":130,"turns":2},{"damage":15,"enemies":"Shelled Parasite and Fungi","floor":132,"turns":1}],"seed_played":"-2212987381558706484","potions_obtained":[{"floor":1,"key":"Swift Potion"},{"floor":3,"key":"EntropicBrew"},{"floor":4,"key":"SmokeBomb"},{"floor":11,"key":"Energy Potion"},{"floor":22,"key":"FearPotion"},{"floor":63,"key":"LiquidBronze"},{"floor":64,"key":"SpeedPotion"},{"floor":69,"key":"SkillPotion"},{"floor":125,"key":"SpeedPotion"},{"floor":127,"key":"PowerPotion"}],"is_trial":true,"path_per_floor":["M","?","M","M","?","E","R","M","T","M","M","R","?","$","R","B",null,"M","M","$","M","M","R","?","M","T","?","$","E","R","M","R","B",null,"M","$","?","M","?","R","$","R","T","M","M","E","?","E","R","B",null,"M","M","?","M","M","R","E","M","T","R","$","M","M","M","R","B",null,"M","M","$","?","M","M","R","$","E","R","M","R","M","M","R","B",null,"M","M","M","M","$","E","R","$","E","M","?","R","M","?","R","B",null,"M","M","?","?","$","R","M","M","E","M","E","M","E","M","R","B",null,"M","?","$","?","?","E","$","M","E","R","M","?","M"],"character_chosen":"DEFECT","items_purchased":["Heatsinks","Mummified Hand","Loop","Frozen Egg 2","Self Repair+1","Heatsinks+1","Heatsinks+1","Loop+1","Capacitor+1","Capacitor+1","Static Discharge+1","Loop+1","Runic Capacitor","ClockworkSouvenir","Dream Catcher","Bronze Scales","Darkness+1","Cables","Membership Card","Bag of Marbles","Boot","Oddly Smooth Stone","Capacitor+1","Pantograph","Shuriken","Symbiotic Virus"],"campfire_rested":1,"item_purchase_floors":[14,20,20,28,28,28,28,36,36,36,36,41,62,76,76,76,93,107,107,107,122,122,122,126,126,126],"current_hp_per_floor":[71,64,64,64,49,40,62,64,64,66,78,78,78,78,78,60,79,77,75,75,77,79,79,79,74,74,74,74,75,75,81,81,81,81,81,81,81,81,83,83,83,83,83,83,83,83,74,85,85,66,87,87,87,87,87,87,84,86,86,86,86,86,86,86,86,86,86,88,88,88,88,88,88,88,88,88,88,88,95,95,95,95,95,97,97,97,97,78,90,90,99,99,99,101,101,103,103,103,103,103,75,105,105,105,85,79,79,85,87,89,93,95,99,101,105,107,111,111,111,111,89,104,92,92,40,55,57,31,37,3,3,0,0],"gold":142,"neow_bonus":"","is_daily":false,"chose_seed":false,"campfire_upgraded":4,"win_rate":0.0,"timestamp":1608540460,"path_taken":["M","?","M","M","?","E","R","M","T","M","M","R","?","$","R","BOSS","M","M","$","M","M","R","?","M","T","?","$","E","R","M","R","BOSS","M","$","?","M","?","R","$","R","T","M","M","E","?","E","R","BOSS","M","M","?","M","M","R","E","M","T","R","$","M","M","M","R","BOSS","M","M","$","?","M","M","R","$","E","R","M","R","M","M","R","BOSS","M","M","M","M","$","E","R","$","E","M","?","R","M","?","R","BOSS","M","M","?","?","$","R","M","M","E","M","E","M","E","M","R","BOSS","M","?","$","?","?","E","$","M","E","R","M","?","M"],"items_purchased_type":["Card","Relic","Card","Relic","Card","Card","Card","Card","Card","Card","Card","Card","Relic","Relic","Relic","Relic","Card","Relic","Relic","Relic","Relic","Relic","Card","Relic","Relic","Relic"],"build_version":"2020-12-13","purchased_purges":5,"victory":false,"max_hp_per_floor":[75,75,75,75,75,75,75,75,75,75,85,85,79,79,79,79,79,79,79,79,79,79,79,79,79,79,79,79,81,81,81,81,81,81,81,81,81,81,83,83,83,83,83,83,83,83,83,85,85,87,87,87,87,87,87,87,84,86,86,86,86,86,86,86,86,86,88,88,88,88,88,88,88,88,88,88,88,88,95,95,95,95,95,97,97,97,97,97,97,97,99,99,99,101,101,103,103,103,103,103,105,105,105,105,105,105,105,105,105,105,107,107,109,109,111,111,111,111,111,111,116,116,116,116,118,118,118,120,120,120,120,120,120],"card_choices":[{"not_picked":["Tempest","Genetic Algorithm"],"picked":"Barrage","floor":0},{"not_picked":["Barrage","Melter"],"picked":"Conserve Battery","floor":0},{"not_picked":["Go for the Eyes","Tempest"],"picked":"Defragment","floor":0},{"not_picked":["Stack","Rebound"],"picked":"Ball Lightning","floor":0},{"not_picked":["Coolheaded","Beam Cell"],"picked":"Hello World","floor":0},{"not_picked":["Doom and Gloom","Gash"],"picked":"Go for the Eyes","floor":0},{"not_picked":["Auto Shields","Tempest"],"picked":"Heatsinks","floor":0},{"not_picked":["Conserve Battery","Gash"],"picked":"Ball Lightning","floor":0},{"not_picked":["Stack","Turbo"],"picked":"Rebound","floor":0},{"not_picked":["Hello World","Coolheaded"],"picked":"Static Discharge","floor":0},{"not_picked":["Barrage","Cold Snap"],"picked":"Sweeping Beam","floor":0},{"not_picked":["Glacier","Conserve Battery"],"picked":"Defragment","floor":0},{"not_picked":["Rip and Tear","Beam Cell"],"picked":"Conserve Battery","floor":0},{"not_picked":["Redo","Cold Snap"],"picked":"Hello World","floor":0},{"not_picked":["Cold Snap","Hologram"],"picked":"Go for the Eyes","floor":0},{"not_picked":["Beam Cell","Rebound","Streamline"],"picked":"SKIP","floor":6},{"not_picked":["Machine Learning","Reboot"],"picked":"Electrodynamics","floor":16},{"not_picked":["FTL","Genetic Algorithm","Steam"],"picked":"Singing Bowl","floor":29},{"not_picked":["Fission","Biased Cognition+1"],"picked":"Rainbow","floor":33},{"not_picked":["Secret Weapon","Swift Strike"],"picked":"Sadistic Nature+1","floor":37},{"not_picked":["Steam","Coolheaded+1","Consume+1"],"picked":"Singing Bowl","floor":39},{"not_picked":["Aggregate+1","Turbo"],"picked":"Darkness+1","floor":46},{"not_picked":["Undo","Hologram","Rebound+1"],"picked":"Singing Bowl","floor":48},{"not_picked":["All For One","Electrodynamics+1","Rainbow"],"picked":"Singing Bowl","floor":50},{"not_picked":["Static Discharge+1","Consume+1","Sweeping Beam"],"picked":"Singing Bowl","floor":58},{"not_picked":["Electrodynamics+1","All For One","Machine Learning+1"],"picked":"Singing Bowl","floor":67},{"not_picked":["Conserve Battery+1","Rebound"],"picked":"White Noise+1","floor":77},{"not_picked":["Amplify+1","Hyperbeam","Buffer+1","Reboot+1"],"picked":"Singing Bowl","floor":84},{"not_picked":["Coolheaded+1","Turbo+1","Hologram+1","FTL+1"],"picked":"Singing Bowl","floor":91},{"not_picked":["Force Field+1","Hologram+1","Beam Cell+1","Melter"],"picked":"Singing Bowl","floor":94},{"not_picked":["Static Discharge+1","Stack+1","Aggregate+1","Ball Lightning+1"],"picked":"Singing Bowl","floor":96},{"not_picked":["Core Surge","Machine Learning+1","Reboot+1","Electrodynamics+1"],"picked":"Singing Bowl","floor":101},{"not_picked":["Beam Cell","Ball Lightning","Darkness+1","Double Energy+1"],"picked":"Singing Bowl","floor":111},{"not_picked":["Skim+1","Sunder","Barrage","Tempest+1"],"picked":"Singing Bowl","floor":113},{"not_picked":["Sweeping Beam","Gash","Scrape","Compile Driver"],"picked":"Singing Bowl","floor":115},{"not_picked":["All For One","Biased Cognition+1","Rainbow+1"],"picked":"Fission+1","floor":118},{"not_picked":["Hologram+1","Steam+1","Turbo+1","Rebound"],"picked":"Singing Bowl","floor":125},{"not_picked":["Capacitor+1","Chill+1","Melter","Skim+1"],"picked":"Singing Bowl","floor":128}],"player_experience":6266,"relics_obtained":[{"floor":1,"key":"Juzu Bracelet"},{"floor":3,"key":"FossilizedHelix"},{"floor":4,"key":"Happy Flower"},{"floor":6,"key":"Blood Vial"},{"floor":8,"key":"Du-Vu Doll"},{"floor":9,"key":"Mercury Hourglass"},{"floor":10,"key":"Ginger"},{"floor":11,"key":"Pear"},{"floor":18,"key":"Singing Bowl"},{"floor":19,"key":"War Paint"},{"floor":21,"key":"Old Coin"},{"floor":22,"key":"Nunchaku"},{"floor":25,"key":"The Courier"},{"floor":29,"key":"Peace Pipe"},{"floor":29,"key":"Toy Ornithopter"},{"floor":31,"key":"DataDisk"},{"floor":35,"key":"Tiny Chest"},{"floor":38,"key":"TungstenRod"},{"floor":39,"key":"Unceasing Top"},{"floor":43,"key":"Turnip"},{"floor":44,"key":"Ornamental Fan"},{"floor":45,"key":"Thread and Needle"},{"floor":46,"key":"Lantern"},{"floor":46,"key":"Gremlin Horn"},{"floor":48,"key":"Vajra"},{"floor":52,"key":"Anchor"},{"floor":53,"key":"CeramicFish"},{"floor":55,"key":"Toxic Egg 2"},{"floor":56,"key":"Pen Nib"},{"floor":59,"key":"Orichalcum"},{"floor":60,"key":"Bag of Preparation"},{"floor":63,"key":"CaptainsWheel"},{"floor":64,"key":"Potion Belt"},{"floor":65,"key":"Sundial"},{"floor":69,"key":"Eternal Feather"},{"floor":73,"key":"White Beast Statue"},{"floor":74,"key":"Ancient Tea Set"},{"floor":79,"key":"Strawberry"},{"floor":81,"key":"Question Card"},{"floor":82,"key":"StrikeDummy"},{"floor":86,"key":"Kunai"},{"floor":87,"key":"Omamori"},{"floor":88,"key":"Centennial Puzzle"},{"floor":89,"key":"Regal Pillow"},{"floor":95,"key":"MawBank"},{"floor":96,"key":"Calipers"},{"floor":98,"key":"Letter Opener"},{"floor":103,"key":"Gambling Chip"},{"floor":104,"key":"Torii"},{"floor":109,"key":"PreservedInsect"},{"floor":110,"key":"Blue Candle"},{"floor":112,"key":"Art of War"},{"floor":114,"key":"HornCleat"},{"floor":116,"key":"MealTicket"},{"floor":120,"key":"Bottled Lightning"},{"floor":127,"key":"Ice Cream"},{"floor":130,"key":"Prayer Wheel"}],"event_choices":[{"cards_removed":["Rebound"],"damage_healed":0,"gold_gain":0,"player_choice":"Card Removal","damage_taken":7,"max_hp_gain":0,"max_hp_loss":0,"event_name":"Golden Wing","floor":2,"gold_loss":0},{"damage_healed":0,"gold_gain":0,"player_choice":"Entered Light","damage_taken":15,"max_hp_gain":0,"max_hp_loss":0,"event_name":"Shining Light","floor":5,"gold_loss":0,"cards_upgraded":["Ball Lightning","Conserve Battery"]},{"damage_healed":0,"gold_gain":0,"player_choice":"Lose Max HP","damage_taken":0,"relics_obtained":["Golden Idol"],"max_hp_gain":0,"max_hp_loss":6,"event_name":"Golden Idol","floor":13,"gold_loss":0},{"damage_healed":0,"gold_gain":0,"player_choice":"Forge","damage_taken":0,"max_hp_gain":0,"max_hp_loss":0,"event_name":"Accursed Blacksmith","floor":24,"gold_loss":0,"cards_upgraded":["Loop"]},{"damage_healed":0,"gold_gain":0,"player_choice":"Bet on Owner","damage_taken":0,"max_hp_gain":0,"max_hp_loss":0,"event_name":"The Joust","floor":27,"gold_loss":50},{"damage_healed":0,"gold_gain":0,"player_choice":"Memory 1","damage_taken":0,"max_hp_gain":0,"max_hp_loss":0,"event_name":"SensoryStone","floor":37,"gold_loss":0},{"damage_healed":0,"gold_gain":0,"player_choice":"Fight","damage_taken":0,"max_hp_gain":0,"max_hp_loss":0,"event_name":"MindBloom","floor":39,"gold_loss":0},{"damage_healed":0,"gold_gain":0,"player_choice":"Embrace Madness","damage_taken":10,"max_hp_gain":0,"max_hp_loss":0,"event_name":"Winding Halls","floor":47,"gold_loss":0,"cards_obtained":["Madness","Madness"]},{"damage_healed":0,"gold_gain":0,"player_choice":"Upgraded","damage_taken":0,"max_hp_gain":0,"max_hp_loss":0,"event_name":"Upgrade Shrine","floor":54,"gold_loss":0,"cards_upgraded":["Rainbow"]},{"damage_healed":0,"gold_gain":0,"player_choice":"Opened","damage_taken":0,"relics_obtained":["Akabeko"],"max_hp_gain":0,"max_hp_loss":0,"event_name":"The Mausoleum","floor":72,"gold_loss":0,"cards_obtained":["Writhe"]},{"damage_healed":0,"gold_gain":0,"player_choice":"Fight","damage_taken":0,"max_hp_gain":0,"max_hp_loss":0,"event_name":"Mysterious Sphere","floor":96,"gold_loss":0},{"damage_healed":0,"gold_gain":0,"player_choice":"Ignored","damage_taken":0,"max_hp_gain":0,"max_hp_loss":0,"event_name":"The Moai Head","floor":99,"gold_loss":0},{"damage_healed":0,"gold_gain":0,"player_choice":"Entered Light","damage_taken":21,"max_hp_gain":0,"max_hp_loss":0,"event_name":"Shining Light","floor":105,"gold_loss":0,"cards_upgraded":["Electrodynamics"]},{"cards_removed":["Sadistic Nature"],"damage_healed":0,"gold_gain":0,"player_choice":"Card Removal","damage_taken":7,"max_hp_gain":0,"max_hp_loss":0,"event_name":"Golden Wing","floor":106,"gold_loss":0},{"damage_healed":0,"gold_gain":0,"player_choice":"Shed Blood","damage_taken":28,"max_hp_gain":5,"max_hp_loss":0,"event_name":"Forgotten Altar","floor":121,"gold_loss":0},{"damage_healed":0,"gold_gain":0,"player_choice":"Obtained Book","damage_taken":16,"max_hp_gain":0,"max_hp_loss":0,"event_name":"Cursed Tome","floor":123,"gold_loss":0},{"damage_healed":0,"gold_gain":0,"player_choice":"Ignored","damage_taken":0,"max_hp_gain":0,"max_hp_loss":0,"event_name":"Vampires","floor":124,"gold_loss":0},{"damage_healed":0,"gold_gain":0,"player_choice":"Simplicity","damage_taken":0,"max_hp_gain":0,"max_hp_loss":0,"event_name":"Back to Basics","floor":131,"gold_loss":0,"cards_upgraded":[]}],"is_beta":false,"boss_relics":[{"not_picked":["Cursed Key","Coffee Dripper"],"picked":"Black Star"},{"not_picked":["FrozenCore","Runic Pyramid"],"picked":"SacredBark"},{"not_picked":["Snecko Eye","Runic Dome","Busted Crown"]},{"not_picked":["Velvet Choker","Cursed Key","Calling Bell"]},{"not_picked":["Runic Pyramid","FrozenCore"],"picked":"Empty Cage"},{"not_picked":["Runic Dome","Busted Crown"],"picked":"Coffee Dripper"},{"not_picked":["FrozenCore","Fusion Hammer"],"picked":"Nuclear Battery"}],"items_purged_floors":[62,71,90,93,107],"is_endless":true,"potions_floor_spawned":[1,3,4,11,18,22,33,39,45,55,56,59,63,64,69,74,77,79,81,82,84,86,87,88,89,91,94,95,96,98,101,103,104,109,110,111,112,113,114,115,116,118,120,125,127,128,130],"killed_by":"Shelled Parasite and Fungi","ascension_level":0}}