{"host":"hqvh779b89tfrjxy","time":1608575775,"event":{"mods":["Act Like it!","BaseMod","Better Third Choice","Downfall","Elementarium","Filter the Spire","GifTheSpireLib","Marked Mod","Minty Spire (QoL Compilation)","Replay The Spire","Spicy Shops","StSLib"],"gold_per_floor":[117,117,136,136,146,146,178,27,27,27,42,60,88,107,107,205,205,223,235,245,259,15,15,15],"floor_reached":23,"playtime":913,"items_purged":["Strike_P","Strike_P"],"score":345,"play_id":"2112003b-3345-41e8-960e-5d542bc89d62","local_time":"20201221193615","is_ascension_mode":true,"campfire_choices":[{"data":"Eruption","floor":6,"key":"SMITH"},{"data":"ConjureBlade","floor":10,"key":"SMITH"},{"floor":15,"key":"REST"}],"circlet_count":0,"master_deck":["AscendersBane","Strike_P","Strike_P","Defend_P","Defend_P+1","Defend_P","Defend_P+1","Eruption+1","Vigilance","FollowUp","BowlingBash","FearNoEvil","ConjureBlade+1","ReachHeaven","FlurryOfBlows","SandsOfTime","TalkToTheHand","MasterReality","EmptyFist","Elementarium:StickyTar","Tantrum","SashWhip+1"],"relics":["PureWater","ReplayFunnel","Tiny Chest","ChewingGum","Damaru"],"acts_visited":["Exordium","Elementarium:Elementarium"],"potions_floor_usage":[11,16,21],"damage_taken":[{"damage":2,"enemies":"Small Slimes","floor":1,"turns":4},{"damage":9,"enemies":"2 Louse","floor":3,"turns":3},{"damage":0,"enemies":"Jaw Worm","floor":5,"turns":4},{"damage":0,"enemies":"Gremlin Nob","floor":7,"turns":2},{"damage":5,"enemies":"Blue Slaver","floor":11,"turns":2},{"damage":2,"enemies":"Gremlin Gang","floor":12,"turns":4},{"damage":6,"enemies":"Replay:BlueRogue","floor":13,"turns":3},{"damage":6,"enemies":"Red Slaver","floor":14,"turns":3},{"damage":26,"enemies":"Fading Forest","floor":16,"turns":11},{"damage":5,"enemies":"Elementarium:2_ELEMENTALS","floor":18,"turns":2},{"damage":9,"enemies":"Elementarium:MUD_AND_TAR_GOLEMS","floor":19,"turns":3},{"damage":19,"enemies":"Elementarium:STONE_GOLEMS","floor":20,"turns":3},{"damage":6,"enemies":"Elementarium:VOID_CORRUPTION_AND_ORB_OF_FIRE","floor":21,"turns":4},{"damage":20,"enemies":"Elementarium:WarGolem","floor":23,"turns":2}],"seed_played":"-2994015518456468837","potions_obtained":[{"floor":1,"key":"StancePotion"},{"floor":7,"key":"Fire Potion"},{"floor":12,"key":"Swift Potion"},{"floor":13,"key":"ColorlessPotion"},{"floor":18,"key":"AttackPotion"},{"floor":21,"key":"hexamod:EctoCoolerPotion"}],"is_trial":false,"path_per_floor":["M","?","M","?","M","R","E","$","T","R","M","M","E","M","R","B",null,"M","M","M","M","$","E"],"character_chosen":"WATCHER","items_purchased":["ReachHeaven","Damaru"],"campfire_rested":1,"item_purchase_floors":[8,22],"current_hp_per_floor":[68,68,59,44,44,44,44,44,44,44,39,37,31,25,48,22,63,58,49,30,24,24,4,4],"gold":15,"neow_bonus":"RANDOM_EVENT","is_daily":false,"chose_seed":false,"campfire_upgraded":2,"win_rate":0.0,"timestamp":1608575775,"path_taken":["M","?","M","?","M","R","E","$","T","R","M","M","E","M","R","BOSS","M","M","M","M","$","E"],"items_purchased_type":["Card","Relic"],"build_version":"2020-12-13","purchased_purges":2,"victory":false,"max_hp_per_floor":[77,77,77,77,77,77,77,77,77,77,77,77,77,77,77,77,77,77,77,77,77,77,77,77],"card_choices":[{"not_picked":["Replay:Cycle","Prostrate"],"picked":"FollowUp","floor":1},{"not_picked":["CrushJoints","Replay:Battleflow"],"picked":"BowlingBash","floor":3},{"not_picked":["Replay:Vibes","EmptyBody"],"picked":"FearNoEvil","floor":5},{"not_picked":["Indignation","Replay:ManipulateFuture"],"picked":"ConjureBlade","floor":7},{"not_picked":["MarkedMod:GentlePulse","Replay:Vibes"],"picked":"FlurryOfBlows","floor":11},{"not_picked":["CrushJoints","Crescendo","MarkedMod:OneThousandNeedles"],"picked":"SKIP","floor":12},{"not_picked":["CutThroughFate","Replay:LoomingThreat"],"picked":"SandsOfTime","floor":13},{"not_picked":["LikeWater","MarkedMod:FirstStrike"],"picked":"TalkToTheHand","floor":14},{"not_picked":["MarkedMod:SlowDance","MarkedMod:ChiBlock"],"picked":"MasterReality","floor":16},{"not_picked":["Replay:Cycle+1","MarkedMod:FirstStrike"],"picked":"EmptyFist","floor":18},{"not_picked":["MarkedMod:GentlePulse+1","Wireheading"],"picked":"Tantrum","floor":19},{"not_picked":["FlyingSleeves","Replay:Battleflow"],"picked":"SashWhip+1","floor":20},{"not_picked":["EmptyMind","BowlingBash+1","CutThroughFate"],"picked":"SKIP","floor":21}],"player_experience":158665,"relics_obtained":[{"floor":7,"key":"ReplayFunnel"},{"floor":13,"key":"Tiny Chest"}],"event_choices":[{"damage_healed":0,"gold_gain":0,"player_choice":"Donut","damage_taken":0,"max_hp_gain":5,"max_hp_loss":0,"event_name":"Big Fish","floor":0,"gold_loss":0},{"damage_healed":59,"gold_gain":0,"player_choice":"Upgrade","damage_taken":15,"max_hp_gain":0,"max_hp_loss":77,"event_name":"betterThird:BetterShining","floor":4,"gold_loss":0,"cards_upgraded":["Defend_P","Defend_P"]}],"is_beta":false,"boss_relics":[{"not_picked":["Snecko Eye","SacredBark"],"picked":"ChewingGum"}],"items_purged_floors":[8,22],"is_endless":false,"potions_floor_spawned":[1,7,12,13,14,18,21],"killed_by":"Elementarium:WarGolem","ascension_level":10}}