{"host":"6to0pdz5g3mubtyg","time":1608578417,"event":{"mods":["Act Like it!","Aspiration","BaseMod","BetterRewards","Colored Map","Energized Spire","Hallownest","Highlight Path","Infinite Spire","Jorbs\u0027s Wanderer Trilogy","Minty Spire (QoL Compilation)","Shade Mod","StSLib","The Animator","The Blue Laboratory","The Bug Knight"],"gold_per_floor":[129,49,49,87,107,139,67,80,80,80,91,91,126,141,141,237,237,189,264,277,277,277],"floor_reached":21,"playtime":1696,"items_purged":[],"score":313,"play_id":"75010f2b-169a-415e-858c-b8bf9160a252","local_time":"20201221122017","is_ascension_mode":true,"campfire_choices":[{"data":"animator:Darkness","floor":10.0,"key":"SMITH"},{"data":"animator:Darkness","floor":12.0,"key":"SMITH"},{"floor":15.0,"key":"REST"}],"circlet_count":0,"master_deck":["animator:Defend_Konosuba","animator:Strike","animator:Strike","animator:Defend","animator:Defend","animator:Defend","animator:Kazuma","animator:Aqua","animator:Darkness","animator:Darkness","animator:IzunaHatsuse","animator:Darkness+1","animator:Darkness+1","animator:Mitsurugi","animator:Mitsuba","animator:MetalKnight","animator:Sonic","animator:Sora","animator:Shichika","animator:KyokoSakura"],"relics":["animator:LivingPicture","animator:TheMissingPiece","animator:PurgingStone","NeowsBlessing","Oddly Smooth Stone","Paper Crane","Orichalcum","aspiration:SilentSkillbook"],"acts_visited":["Exordium","TheCity"],"potions_floor_usage":[21],"damage_taken":[{"damage":0.0,"enemies":"2 Louse","floor":1.0,"turns":1.0},{"damage":0.0,"enemies":"Jaw Worm","floor":5.0,"turns":2.0},{"damage":0.0,"enemies":"Lagavulin","floor":6.0,"turns":4.0},{"damage":8.0,"enemies":"Cultist","floor":8.0,"turns":11.0},{"damage":3.0,"enemies":"Lots of Slimes","floor":11.0,"turns":11.0},{"damage":54.0,"enemies":"Gremlin Nob","floor":13.0,"turns":8.0},{"damage":0.0,"enemies":"Large Slime","floor":14.0,"turns":8.0},{"damage":0.0,"enemies":"The Guardian","floor":16.0,"turns":19.0},{"damage":9.0,"enemies":"2 Thieves","floor":18.0,"turns":4.0},{"damage":18.0,"enemies":"Chosen","floor":20.0,"turns":14.0},{"damage":0,"enemies":"Centurion and Healer","floor":21,"turns":7}],"seed_played":"-8345669879093978940","potions_obtained":[{"floor":6.0,"key":"blueLaboratory:BottleOfVodka"},{"floor":11.0,"key":"Explosive Potion"},{"floor":14.0,"key":"blueLaboratory:StoneskinPotion"},{"floor":20.0,"key":"blueLaboratory:FrostheartPotion"}],"is_trial":false,"path_per_floor":["M","$","?","?","M","E","$","M","T","R","M","R","E","M","R","B",null,"M","?","M","M"],"character_chosen":"THE_ANIMATOR","items_purchased":["animator:Darkness","animator:Darkness"],"campfire_rested":1,"item_purchase_floors":[2,7],"current_hp_per_floor":[66,66,66,66,66,66,66,59,59,59,58,58,10,20,40,42,67,61,55,40,42,42],"gold":277,"neow_bonus":"THREE_ENEMY_KILL","is_daily":false,"chose_seed":false,"campfire_upgraded":2,"win_rate":0.0,"timestamp":1608578417,"path_taken":["M","$","?","?","M","E","?","?","T","R","M","R","E","M","R","BOSS","M","?","M","M"],"items_purchased_type":["Card","Card"],"build_version":"2020-12-13","purchased_purges":0,"victory":false,"max_hp_per_floor":[66,66,66,66,66,66,66,67,67,67,67,67,67,67,67,67,67,67,67,67,67,67],"card_choices":[{"not_picked":["animator:Cocytus","animator:Demiurge"],"picked":"animator:Darkness","floor":1.0},{"not_picked":["animator:Viivi","animator:YunYun"],"picked":"animator:IzunaHatsuse","floor":5.0},{"not_picked":["animator:SilverFang","animator:Verdia"],"picked":"animator:Darkness","floor":6.0},{"not_picked":["animator:Verdia","animator:Aqua"],"picked":"animator:Mitsurugi","floor":8.0},{"not_picked":["animator:Demiurge","animator:Shinoa"],"picked":"animator:Mitsuba","floor":11.0},{"not_picked":["animator:Vanir","animator:Aqua"],"picked":"animator:MetalKnight","floor":13.0},{"not_picked":["animator:Yuuichirou","animator:Chris"],"picked":"animator:Sonic","floor":14.0},{"not_picked":["animator:Eris","animator:Wiz"],"picked":"animator:Sora","floor":16.0},{"not_picked":["animator:Konayuki","animator:Azekura","animator:ZankiKiguchi"],"picked":"animator:Shichika","floor":18.0},{"not_picked":["animator:Ciel","Masterful Stab","animator:MumenRider+1"],"picked":"animator:KyokoSakura","floor":20.0}],"player_experience":202518,"relics_obtained":[{"floor":6.0,"key":"Oddly Smooth Stone"},{"floor":9.0,"key":"Paper Crane"},{"floor":13.0,"key":"Orichalcum"}],"event_choices":[{"cards_removed":["animator:Strike"],"damage_healed":0.0,"max_hp_gain":0.0,"max_hp_loss":0.0,"gold_gain":0.0,"event_name":"Living Wall","player_choice":"Forget","floor":3.0,"gold_loss":0.0,"damage_taken":0.0},{"damage_healed":0.0,"max_hp_gain":0.0,"max_hp_loss":0.0,"gold_gain":75.0,"event_name":"FaceTrader","player_choice":"Touch","floor":19.0,"gold_loss":0.0,"damage_taken":6.0}],"is_beta":false,"boss_relics":[{"not_picked":["energizedSpire:MagnifyingGlass","SacredBark"],"picked":"aspiration:SilentSkillbook"}],"items_purged_floors":[],"is_endless":false,"potions_floor_spawned":[6,11,14,16,20],"killed_by":"Centurion and Healer","ascension_level":2}}