{"host":"zhypnm5xlgq8j242","time":1608534345,"event":{"mods":["AchievementEnabler","BaseMod","BetterRewards","Colored Powertips","Hermit","Keyboard Shortcuts","Minty Spire (QoL Compilation)","Quick Restart","Replay The Spire","Shop Mod","StSLib","The Cursed","The Hierophant","The Runesmith"],"gold_per_floor":[113,126,126,126,143,171,171,198,198,229,229,258,272,50,50,150,150,133,133,133,153,203,203,219,245,269,300,313,341,341,353,353,353,353],"floor_reached":33,"playtime":2009,"items_purged":["Strike_B"],"score":566,"play_id":"6192e98b-1835-4fbb-aecf-5a3af2e2c571","local_time":"20201221160545","is_ascension_mode":true,"campfire_choices":[{"floor":7.0,"key":"REST"},{"data":"ReplayTheSpireMod:Fabricate Wheel","floor":11.0,"key":"SMITH"},{"floor":15.0,"key":"REST"},{"floor":23,"key":"REST"},{"data":"Creative AI","floor":30,"key":"SMITH"},{"data":"Mirror Shield","floor":32,"key":"SMITH"}],"circlet_count":0,"master_deck":["Defend_B","Defend_B","Defend_B","Defend_B","Zap","Dualcast","Ball Lightning","Crystallizer","Rip and Tear","Conserve Battery","Beam Cell","BootSequence","Stack","Ball Lightning","Thunder Strike","Biased Cognition","Chill","Compile Driver","Creative AI+1","Turbo","Steam+1","Delirium","Conserve Battery+1","Mirror Shield+1","Chaos","Glacier","Languid","Panic Button","Go for the Eyes","Pot Of Greed","Pot Of Greed","Pot Of Greed","Hologram+1","Barrage+1","Double Energy+1"],"relics":["Black Star","Shuriken","ReplayTheSpireMod:Ninjato","Blood Vial","ReplayTheSpireMod:TigerMarble","Bottled Tornado","Replay:Bottled Flurry","Pen Nib","Geode","Odd Mushroom","PreservedInsect","Prayer Wheel","Empty Cage","Ring of Greed","Smiling Mask","Membership Card","Ring of Peace","Replay:Antivirus Software","Singing Bowl","Art of War","ReplayTheSpireMod:Lightbulb","Carrot","Grinning Jar","Bag of Marbles"],"acts_visited":["Exordium","TheCity"],"potions_floor_usage":[27,31,31,33],"damage_taken":[{"damage":0.0,"enemies":"Small Slimes","floor":1.0,"turns":3.0},{"damage":11.0,"enemies":"Jaw Worm","floor":2.0,"turns":4.0},{"damage":1.0,"enemies":"Cultist","floor":5.0,"turns":3.0},{"damage":21.0,"enemies":"Gremlin Nob","floor":6.0,"turns":4.0},{"damage":15.0,"enemies":"Replay:BlueRogue","floor":8.0,"turns":4.0},{"damage":19.0,"enemies":"3 Sentries","floor":10.0,"turns":7.0},{"damage":10.0,"enemies":"The Mushroom Lair","floor":12.0,"turns":4.0},{"damage":9.0,"enemies":"3 Louse","floor":13.0,"turns":3.0},{"damage":18.0,"enemies":"The Guardian","floor":16.0,"turns":11.0},{"damage":20.0,"enemies":"2 Thieves","floor":18.0,"turns":4.0},{"damage":23,"enemies":"3 Byrds","floor":21,"turns":5},{"damage":3,"enemies":"Snecko","floor":24,"turns":9},{"damage":0,"enemies":"Slavers","floor":25,"turns":6},{"damage":17,"enemies":"Gremlin Leader","floor":27,"turns":8},{"damage":0,"enemies":"Snake Plant","floor":28,"turns":5},{"damage":0,"enemies":"Book of Stabbing","floor":29,"turns":6},{"damage":1,"enemies":"Sentry and Sphere","floor":31,"turns":6},{"damage":43,"enemies":"Collector","floor":33,"turns":5}],"seed_played":"3260497430899803438","potions_obtained":[{"floor":6.0,"key":"EssenceOfSteel"},{"floor":8.0,"key":"Explosive Potion"},{"floor":13.0,"key":"PowerPotion"},{"floor":18.0,"key":"Dexterity Potion"},{"floor":28,"key":"Explosive Potion"},{"floor":29,"key":"Weak Potion"},{"floor":31,"key":"ColorlessPotion"}],"is_trial":false,"path_per_floor":["M","M","?","T","M","E","R","E","T","E","R","?","M","$","R","B",null,"M","?","?","M","?","R","M","E","T","E","M","E","R","M","R","B"],"character_chosen":"DEFECT","items_purchased":["PreservedInsect"],"campfire_rested":3,"item_purchase_floors":[14],"current_hp_per_floor":[68,57,57,57,56,35,57,44,44,27,27,19,12,12,34,18,61,43,43,43,22,22,44,43,45,45,30,32,34,34,35,35,0,0],"gold":353,"neow_bonus":"BOSS_RELIC","is_daily":false,"chose_seed":false,"campfire_upgraded":3,"win_rate":0.0,"timestamp":1608534345,"path_taken":["M","M","?","?","?","E","R","E","T","E","R","?","M","$","R","BOSS","M","?","?","M","?","R","M","E","T","E","M","E","R","M","R","BOSS"],"items_purchased_type":["Relic"],"build_version":"2020-12-13","purchased_purges":1,"victory":false,"max_hp_per_floor":[75,75,75,75,75,75,75,75,75,75,75,75,75,75,75,75,75,75,75,75,75,75,75,75,75,75,75,75,75,75,75,75,75,75],"card_choices":[{"not_picked":["Sweeping Beam","Panic Button"],"picked":"Ball Lightning","floor":1.0},{"not_picked":["ReplaySort","ReplayTheSpireMod:Repulse"],"picked":"Crystallizer","floor":2.0},{"not_picked":["Chaos","Compile Driver"],"picked":"Conserve Battery","floor":5.0},{"not_picked":["Turbo","Redo"],"picked":"Beam Cell","floor":6.0},{"not_picked":["Turbo","Compile Driver"],"picked":"BootSequence","floor":8.0},{"not_picked":["Force Field","Compile Driver"],"picked":"ReplayTheSpireMod:Fabricate Wheel","floor":10.0},{"not_picked":["Turbo","Storm"],"picked":"Stack","floor":12.0},{"not_picked":["Conserve Battery","Rebound"],"picked":"Ball Lightning","floor":13.0},{"not_picked":["ReplayTheSpireMod:Fabricate Wheel","All For One"],"picked":"Biased Cognition","floor":16.0},{"not_picked":["Streamline+1","Beam Cell+1"],"picked":"Chill","floor":18.0},{"not_picked":["ReplayTheSpireMod:Reroute Power","Stack+1"],"picked":"Compile Driver","floor":18.0},{"not_picked":["Conserve Battery","Steam"],"picked":"Turbo","floor":21},{"not_picked":["Doom and Gloom+1","Genetic Algorithm"],"picked":"Steam+1","floor":21},{"not_picked":["Stack","Streamline"],"picked":"Conserve Battery+1","floor":24},{"not_picked":["Streamline","Redo"],"picked":"Mirror Shield","floor":24},{"not_picked":["Beam Cell","Electrodynamics"],"picked":"Chaos","floor":25},{"not_picked":["Redo","Stack"],"picked":"Glacier","floor":27},{"not_picked":["Conserve Battery","Stack"],"picked":"Panic Button","floor":28},{"not_picked":["Streamline","Coolheaded"],"picked":"Go for the Eyes","floor":28},{"not_picked":["Leap","FTL+1"],"picked":"Hologram+1","floor":29},{"not_picked":["Rip and Tear","White Noise"],"picked":"Barrage+1","floor":31},{"not_picked":["Beam Cell","Hologram+1"],"picked":"Double Energy+1","floor":31}],"player_experience":589588,"relics_obtained":[{"floor":4.0,"key":"Shuriken"},{"floor":6.0,"key":"ReplayTheSpireMod:Ninjato"},{"floor":6.0,"key":"Blood Vial"},{"floor":8.0,"key":"ReplayTheSpireMod:TigerMarble"},{"floor":8.0,"key":"Bottled Tornado"},{"floor":9.0,"key":"Replay:Bottled Flurry"},{"floor":10.0,"key":"Pen Nib"},{"floor":10.0,"key":"Geode"},{"floor":12.0,"key":"Odd Mushroom"},{"floor":22,"key":"Ring of Greed"},{"floor":22,"key":"Smiling Mask"},{"floor":22,"key":"Membership Card"},{"floor":22,"key":"Ring of Peace"},{"floor":25,"key":"Replay:Antivirus Software"},{"floor":25,"key":"Singing Bowl"},{"floor":26,"key":"Art of War"},{"floor":27,"key":"ReplayTheSpireMod:Lightbulb"},{"floor":27,"key":"Carrot"},{"floor":29,"key":"Grinning Jar"},{"floor":29,"key":"Bag of Marbles"}],"event_choices":[{"damage_healed":0.0,"max_hp_gain":0.0,"max_hp_loss":0.0,"gold_gain":0.0,"cards_transformed":["Strike_B"],"event_name":"Living Wall","player_choice":"Change","floor":3.0,"gold_loss":0.0,"damage_taken":0.0,"cards_obtained":["Rip and Tear"]},{"damage_healed":0.0,"max_hp_gain":0.0,"max_hp_loss":0.0,"gold_gain":0.0,"event_name":"Mushrooms","player_choice":"Fought Mushrooms","floor":12.0,"gold_loss":0.0,"damage_taken":0.0},{"damage_healed":0.0,"max_hp_gain":0.0,"max_hp_loss":0.0,"gold_gain":0.0,"event_name":"Ghosts","player_choice":"Ignored","floor":19.0,"gold_loss":0.0,"damage_taken":0.0},{"damage_healed":0.0,"max_hp_gain":0.0,"max_hp_loss":0.0,"gold_gain":0.0,"event_name":"The Library","player_choice":"Read","floor":20.0,"gold_loss":0.0,"damage_taken":0.0,"cards_obtained":["Creative AI"]}],"is_beta":false,"boss_relics":[{"not_picked":["Snecko Eye","Painkiller Herb"],"picked":"Empty Cage"}],"items_purged_floors":[14],"is_endless":false,"potions_floor_spawned":[6,8,13,18,28,29,31],"killed_by":"Collector","ascension_level":9}}