{"host":"4kbqeuw4a1wt9r2z","time":1608540457,"event":{"mods":["Act Like it!","BaseMod","Downfall","GifTheSpireLib","Googly Eyes","Minty Spire (QoL Compilation)","StSLib"],"gold_per_floor":[99,199,224,224,237,237,237,253,282,207,42,342,355,369,388,388,388,388],"floor_reached":16,"playtime":888,"items_purged":[],"score":135,"play_id":"fc799f0e-a8cf-4536-8f31-244ba35ca5d4","local_time":"20201221114737","is_ascension_mode":false,"campfire_choices":[{"data":"champ:Taunt","floor":1,"key":"SMITH"},{"data":"champ:Riposte","floor":6,"key":"SMITH"},{"floor":10,"key":"RECALL"}],"circlet_count":0,"master_deck":["champ:Strike+1","champ:Strike+1","champ:Strike","champ:Strike","champ:Defend","champ:Defend","champ:Defend","champ:Defend","champ:Execute","champ:Taunt+1","champ:GladiatorsShout","champ:FanOfKnives","champ:Riposte+1","champ:BerserkersShout","champ:FaceSlap","champ:FlashCut","champ:DancingMaster","champ:EnragedBash","champ:GladiatorStyle","champ:TornadoPunch"],"relics":["champ:ChampionCrown","downfall:HeartsMalice","Champion Belt","Anchor","Whetstone","champ:GladiatorsBookOfMartialProwess","downfall:HeartBlessingGreen","Omamori"],"acts_visited":["Exordium"],"potions_floor_usage":[16,16,16],"damage_taken":[{"damage":0,"enemies":"downfall:Ironclad","floor":2,"turns":1},{"damage":0,"enemies":"3 Sentries","floor":3,"turns":1},{"damage":0,"enemies":"2 Louse","floor":4,"turns":1},{"damage":11,"enemies":"Jaw Worm","floor":5,"turns":3},{"damage":0,"enemies":"Small Slimes","floor":8,"turns":2},{"damage":46,"enemies":"Lagavulin","floor":9,"turns":5},{"damage":5,"enemies":"downfall:FleeingMerchant","floor":11,"turns":4},{"damage":8,"enemies":"Gremlin Gang","floor":13,"turns":3},{"damage":19,"enemies":"Blue Slaver","floor":14,"turns":3},{"damage":1,"enemies":"2 Fungi Beasts","floor":15,"turns":3},{"damage":55,"enemies":"downfall:Silent","floor":16,"turns":6}],"seed_played":"-1571741570331846960","potions_obtained":[{"floor":3,"key":"BlessingOfTheForge"},{"floor":5,"key":"EssenceOfSteel"},{"floor":8,"key":"BlessingOfTheForge"},{"floor":15,"key":"LiquidMemories"}],"is_trial":false,"path_per_floor":["R","?","E","M","M","R","T","M","E","R","$","?","M","M","M","B"],"character_chosen":"THE_CHAMP","items_purchased":["Omamori"],"campfire_rested":0,"item_purchase_floors":[11],"current_hp_per_floor":[90,90,90,90,84,84,84,84,49,49,49,49,49,40,39,0,0,0],"gold":388,"neow_bonus":"THREE_ENEMY_KILL","is_daily":false,"chose_seed":false,"campfire_upgraded":2,"win_rate":0.0,"timestamp":1608540457,"path_taken":["R","?","E","M","M","R","T","M","E","R","$","?","?","M","M","BOSS"],"items_purchased_type":["Relic"],"build_version":"2020-12-13","purchased_purges":0,"victory":false,"max_hp_per_floor":[90,90,90,90,90,90,90,90,90,90,90,90,90,90,90,90,90,90],"card_choices":[{"not_picked":["champ:EndlessRage","champ:Circumvent"],"picked":"champ:GladiatorsShout","floor":2},{"not_picked":["champ:FocusedBerserking","champ:FaceSlap"],"picked":"champ:FanOfKnives","floor":3},{"not_picked":["champ:FocusedGladiator","champ:GutPunch"],"picked":"champ:Riposte","floor":4},{"not_picked":["champ:FocusedGladiator","champ:BladeFlurry"],"picked":"champ:BerserkersShout","floor":5},{"not_picked":["champ:FanOfKnives","champ:AdrenalArmor"],"picked":"champ:FaceSlap","floor":8},{"not_picked":["champ:AdrenalArmor","champ:EnGarde"],"picked":"champ:FlashCut","floor":9},{"not_picked":["champ:FaceSlap","champ:StanceDance"],"picked":"champ:DancingMaster","floor":11},{"not_picked":["champ:BerserkersShout","champ:FocusedBerserking"],"picked":"champ:EnragedBash","floor":13},{"not_picked":["champ:BladeFlurry","champ:DefensiveShout"],"picked":"champ:GladiatorStyle","floor":14},{"not_picked":["champ:Circumvent","champ:BerserkersShout"],"picked":"champ:TornadoPunch","floor":15}],"player_experience":466583,"relics_obtained":[{"floor":2,"key":"Champion Belt"},{"floor":3,"key":"Anchor"},{"floor":7,"key":"Whetstone"},{"floor":9,"key":"champ:GladiatorsBookOfMartialProwess"}],"event_choices":[],"is_beta":false,"boss_relics":[],"items_purged_floors":[],"is_endless":false,"potions_floor_spawned":[3,5,8,15],"killed_by":"downfall:Silent","ascension_level":0}}