{"host":"fne7yx97fnz7kq05","time":1608565895,"event":{"mods":["BaseMod","Colored Map","Colored Powertips","Highlight Path","Minty Spire (QoL Compilation)","Relic Stats"],"gold_per_floor":[117,117,117,128,0,31,31,64,64,64,97,113,133,143,143,143,143],"floor_reached":16,"playtime":556,"items_purged":[],"score":276,"play_id":"422a7600-2489-4259-aff6-cacf97e0f8ec","local_time":"20201221095135","is_ascension_mode":true,"campfire_choices":[{"data":"Uppercut","floor":7,"key":"SMITH"},{"data":"Shockwave","floor":10,"key":"SMITH"},{"data":"Dark Embrace","floor":15,"key":"SMITH"}],"circlet_count":0,"master_deck":["AscendersBane","Strike_R","Strike_R","Strike_R","Strike_R","Defend_R","Defend_R","Defend_R","Defend_R","Bash","Pommel Strike+1","Intimidate","Uppercut+1","Shockwave+1","Anger","Cleave","Dark Embrace+1"],"relics":["Burning Blood","NeowsBlessing","Shuriken","Juzu Bracelet","Lantern"],"acts_visited":["Exordium"],"potions_floor_usage":[16],"damage_taken":[{"damage":0,"enemies":"2 Louse","floor":1,"turns":1},{"damage":0,"enemies":"Jaw Worm","floor":4,"turns":1},{"damage":0,"enemies":"3 Sentries","floor":6,"turns":2},{"damage":24,"enemies":"Gremlin Nob","floor":8,"turns":4},{"damage":37,"enemies":"3 Sentries","floor":11,"turns":7},{"damage":0,"enemies":"Cultist","floor":12,"turns":3},{"damage":7,"enemies":"2 Fungi Beasts","floor":13,"turns":3},{"damage":0,"enemies":"Exordium Wildlife","floor":14,"turns":2},{"damage":37,"enemies":"Hexaghost","floor":16,"turns":9}],"seed_played":"4079862351543911586","potions_obtained":[{"floor":1,"key":"Regen Potion"},{"floor":8,"key":"DuplicationPotion"},{"floor":12,"key":"LiquidBronze"}],"is_trial":false,"path_per_floor":["M","?","?","M","$","E","R","E","T","R","E","M","M","M","R","B"],"character_chosen":"IRONCLAD","items_purchased":["Uppercut","Shockwave"],"campfire_rested":0,"item_purchase_floors":[5,5],"current_hp_per_floor":[74,74,74,75,75,75,75,57,57,57,26,32,31,37,37,0,0],"gold":143,"neow_bonus":"THREE_ENEMY_KILL","is_daily":false,"chose_seed":false,"campfire_upgraded":3,"win_rate":0.0,"timestamp":1608565895,"path_taken":["M","?","?","?","$","E","R","E","T","R","E","M","M","M","R","BOSS"],"items_purchased_type":["Card","Card"],"build_version":"2020-12-13","purchased_purges":0,"victory":false,"max_hp_per_floor":[75,75,75,75,75,75,75,75,75,75,75,75,75,75,75,75,75],"relic_stats":{"counters":[9,32],"Shuriken":[9],"Juzu Bracelet":0,"obtain_stats":[{"Lantern":11,"NeowsBlessing":0,"Shuriken":6,"Juzu Bracelet":8,"Burning Blood":0},{"Lantern":5,"NeowsBlessing":0,"Shuriken":3,"Juzu Bracelet":4,"Burning Blood":0},{"Lantern":15,"NeowsBlessing":0,"Shuriken":4,"Juzu Bracelet":8,"Burning Blood":0}],"Burning Blood":37},"card_choices":[{"not_picked":["Reckless Charge","Blood for Blood"],"picked":"Pommel Strike","floor":1},{"not_picked":["Warcry","Seeing Red","Blood for Blood"],"picked":"SKIP","floor":4},{"not_picked":["Rampage","Clothesline"],"picked":"Anger","floor":6},{"not_picked":["Clothesline","Blood for Blood","Double Tap"],"picked":"SKIP","floor":8},{"not_picked":["Rampage","Searing Blow"],"picked":"Cleave","floor":11},{"not_picked":["Inflame","Flex","Headbutt"],"picked":"SKIP","floor":12},{"not_picked":["Feel No Pain","Perfected Strike"],"picked":"Dark Embrace","floor":13},{"not_picked":["Clash","Armaments","Rupture"],"picked":"SKIP","floor":14}],"player_experience":116077,"relics_obtained":[{"floor":6,"key":"Shuriken"},{"floor":8,"key":"Juzu Bracelet"},{"floor":11,"key":"Lantern"}],"event_choices":[{"damage_healed":0,"gold_gain":0,"player_choice":"Grow","damage_taken":0,"max_hp_gain":0,"max_hp_loss":0,"event_name":"Living Wall","floor":2,"gold_loss":0,"cards_upgraded":["Pommel Strike"]},{"damage_healed":0,"gold_gain":0,"cards_transformed":["Strike_R"],"player_choice":"Transformed","damage_taken":0,"max_hp_gain":0,"max_hp_loss":0,"event_name":"Transmorgrifier","floor":3,"gold_loss":0,"cards_obtained":["Intimidate"]}],"is_beta":false,"boss_relics":[],"items_purged_floors":[],"is_endless":false,"potions_floor_spawned":[1,8,11,12,13],"killed_by":"Hexaghost","ascension_level":18}}