{"host":"qbvxbacgnxuisbbe","time":1608509768,"event":{"mods":["Alarm Clock","BaseMod","Minty Spire (QoL Compilation)","Spicy Shops","StSLib","Uncapped"],"gold_per_floor":[117,132,149,149,168,208,275,425,425,425,425,425,425],"floor_reached":12,"playtime":247,"items_purged":[],"score":155,"play_id":"0da7ac5d-a4af-433d-a95a-c9723f8b4b51","local_time":"20201221001608","is_ascension_mode":true,"campfire_choices":[{"data":"Riddle With Holes","floor":10.0,"key":"SMITH"}],"circlet_count":0,"master_deck":["AscendersBane","Strike_G","Strike_G","Strike_G","Strike_G","Strike_G","Defend_G","Defend_G","Defend_G","Defend_G","Defend_G","Survivor","Neutralize","Riddle With Holes+1","Dagger Spray","Backflip","Backstab"],"relics":["Ring of the Snake","Golden Idol","Question Card","Ginger","Spirit Poop"],"acts_visited":["Exordium"],"potions_floor_usage":[],"damage_taken":[{"damage":0.0,"enemies":"Cultist","floor":1.0,"turns":4.0},{"damage":14.0,"enemies":"Jaw Worm","floor":2.0,"turns":4.0},{"damage":0.0,"enemies":"2 Louse","floor":3.0,"turns":2.0},{"damage":8.0,"enemies":"Looter","floor":5.0,"turns":4.0},{"damage":22.0,"enemies":"Gremlin Nob","floor":6.0,"turns":4.0},{"damage":5,"enemies":"Lagavulin","floor":12,"turns":3}],"seed_played":"-6841119713321564902","potions_obtained":[{"floor":3.0,"key":"BlessingOfTheForge"}],"is_trial":true,"path_per_floor":["M","M","M","?","M","E","?","?","T","R","?","E"],"character_chosen":"THE_SILENT","items_purchased":[],"campfire_rested":0,"item_purchase_floors":[],"current_hp_per_floor":[59,45,45,45,37,15,15,15,15,15,15,10,10],"gold":425,"neow_bonus":"","is_daily":false,"chose_seed":false,"campfire_upgraded":1,"win_rate":0.0,"timestamp":1608509768,"path_taken":["M","M","?","?","M","E","?","?","T","R","?","E"],"items_purchased_type":[],"build_version":"2020-12-13","purchased_purges":0,"victory":false,"max_hp_per_floor":[66,66,66,60,60,60,60,60,60,60,60,60,60],"card_choices":[{"not_picked":["PiercingWail","Choke"],"picked":"Riddle With Holes","floor":1.0},{"not_picked":["Heel Hook","Infinite Blades"],"picked":"Dagger Spray","floor":2.0},{"not_picked":["Reflex","Acrobatics"],"picked":"Backflip","floor":3.0},{"not_picked":["Choke","Dagger Throw"],"picked":"Backstab","floor":5.0},{"not_picked":["Setup","Prepared","Finisher"],"picked":"SKIP","floor":6.0}],"player_experience":115351,"relics_obtained":[{"floor":6.0,"key":"Question Card"},{"floor":9.0,"key":"Ginger"}],"event_choices":[{"damage_healed":0.0,"max_hp_gain":0.0,"max_hp_loss":6.0,"gold_gain":0.0,"event_name":"Golden Idol","player_choice":"Lose Max HP","floor":4.0,"gold_loss":0.0,"damage_taken":0.0,"relics_obtained":["Golden Idol"]},{"damage_healed":0.0,"max_hp_gain":0.0,"max_hp_loss":0.0,"gold_gain":67.0,"event_name":"Golden Wing","player_choice":"Gained Gold","floor":7.0,"gold_loss":0.0,"damage_taken":0.0},{"damage_healed":0.0,"max_hp_gain":0.0,"max_hp_loss":0.0,"gold_gain":150.0,"event_name":"Liars Game","player_choice":"AGREE","floor":8.0,"gold_loss":0.0,"damage_taken":0.0,"cards_obtained":["Doubt"]},{"cards_removed":["Doubt"],"damage_healed":0,"gold_gain":0,"player_choice":"Offered Curse","damage_taken":0,"relics_obtained":["Spirit Poop"],"max_hp_gain":0,"max_hp_loss":0,"event_name":"Bonfire Elementals","floor":11,"gold_loss":0}],"is_beta":false,"boss_relics":[],"items_purged_floors":[],"is_endless":true,"potions_floor_spawned":[3],"killed_by":"Lagavulin","ascension_level":20}}