{"host":"12piqfhmdln9x2la","time":1608574477,"event":{"mods":["2.2 Compatiblity","AchievementEnabler","BaseMod","BetterRewards","Colored Powertips","Minty Spire (QoL Compilation)","Quick Restart","SuperFastMode"],"gold_per_floor":[114,114,125,125,75,75,100,100,100,116,142,161,8,22,22,125,125,136,150,150,150,12,43,43,57,57,72,103,103,149,149,149,250,250,266,312,312,325,336,366,12,37,37,37,37,54,71,89,89,89],"floor_reached":51,"playtime":1150,"items_purged":["Strike_B","Defend_B","Strike_B"],"score":855,"play_id":"c68cbca0-1201-4b6c-aaa4-1a8eba20f1ec","local_time":"20201222031437","is_ascension_mode":false,"campfire_choices":[{"data":"Zap","floor":6,"key":"SMITH"},{"data":"Electrodynamics","floor":8,"key":"SMITH"},{"data":"Defragment","floor":15,"key":"SMITH"},{"data":"Core Surge","floor":24,"key":"SMITH"},{"data":"Genetic Algorithm","floor":29,"key":"SMITH"},{"data":"Self Repair","floor":32,"key":"SMITH"},{"data":"Thunder Strike","floor":44,"key":"SMITH"},{"data":"Defragment","floor":49,"key":"SMITH"}],"circlet_count":0,"master_deck":["Strike_B","Defend_B","Defend_B","Zap+1","Dualcast","Self Repair+1","Cold Snap","Electrodynamics+1","Conserve Battery","Genetic Algorithm+1","Sweeping Beam","Defragment+1","Core Surge+1","Redo+1","Lockon+1","Sunder","Sweeping Beam+1","Hologram+1","Conserve Battery+1","Necronomicurse","Thunder Strike+1","Turbo+1","Jack Of All Trades","Skim","Parasite","Conserve Battery+1","Ball Lightning+1","Defragment+1","Creative AI","Madness","Madness","Compile Driver+1"],"relics":["Cracked Core","NeowsBlessing","Blood Vial","Toy Ornithopter","Dream Catcher","Coffee Dripper","MutagenicStrength","CaptainsWheel","Calipers","Cables","InkBottle","DataDisk","Necronomicon","Inserter","Thread and Needle","Eternal Feather","Runic Capacitor","Centennial Puzzle","Symbiotic Virus"],"acts_visited":["Exordium","TheCity","TheBeyond"],"potions_floor_usage":[16,33,33,39,50],"damage_taken":[{"damage":0,"enemies":"Jaw Worm","floor":1,"turns":1},{"damage":0,"enemies":"Cultist","floor":3,"turns":1},{"damage":0,"enemies":"3 Sentries","floor":7,"turns":1},{"damage":0,"enemies":"2 Louse","floor":10,"turns":1},{"damage":23,"enemies":"Gremlin Nob","floor":11,"turns":4},{"damage":2,"enemies":"Large Slime","floor":12,"turns":4},{"damage":0,"enemies":"2 Fungi Beasts","floor":14,"turns":3},{"damage":22,"enemies":"The Guardian","floor":16,"turns":11},{"damage":2,"enemies":"3 Byrds","floor":18,"turns":3},{"damage":10,"enemies":"Shell Parasite","floor":19,"turns":4},{"damage":30,"enemies":"Slavers","floor":23,"turns":4},{"damage":0,"enemies":"Sentry and Sphere","floor":25,"turns":4},{"damage":12,"enemies":"Centurion and Healer","floor":27,"turns":3},{"damage":12,"enemies":"Gremlin Leader","floor":28,"turns":4},{"damage":0,"enemies":"Automaton","floor":33,"turns":6},{"damage":12,"enemies":"3 Shapes","floor":35,"turns":2},{"damage":18,"enemies":"2 Orb Walkers","floor":36,"turns":4},{"damage":8,"enemies":"3 Darklings","floor":38,"turns":3},{"damage":4,"enemies":"Writhing Mass","floor":39,"turns":4},{"damage":13,"enemies":"Giant Head","floor":40,"turns":7},{"damage":0,"enemies":"Reptomancer","floor":42,"turns":4},{"damage":21,"enemies":"4 Shapes","floor":46,"turns":2},{"damage":2,"enemies":"Spire Growth","floor":47,"turns":4},{"damage":6,"enemies":"Sphere and 2 Shapes","floor":48,"turns":2},{"damage":103,"enemies":"Awakened One","floor":50,"turns":9}],"seed_played":"2984909466495573151","potions_obtained":[{"floor":1,"key":"GamblersBrew"},{"floor":10,"key":"Swift Potion"},{"floor":16,"key":"Energy Potion"},{"floor":19,"key":"ColorlessPotion"},{"floor":25,"key":"PotionOfCapacity"},{"floor":28,"key":"FairyPotion"},{"floor":36,"key":"PotionOfCapacity"},{"floor":40,"key":"PowerPotion"},{"floor":46,"key":"Energy Potion"}],"is_trial":false,"path_per_floor":["M","?","M","?","?","R","E","R","T","M","E","M","$","M","R","B",null,"M","M","?","?","$","E","R","M","T","M","E","R","T","?","R","B",null,"M","?","?","M","M","E","$","E","T","R","?","M","M","M","R","B",null],"character_chosen":"DEFECT","items_purchased":["Defragment","Sunder","Runic Capacitor","Defragment"],"campfire_rested":0,"item_purchase_floors":[13,22,41,41],"current_hp_per_floor":[75,75,75,68,68,68,68,68,68,70,56,63,63,72,72,57,75,75,72,72,72,72,51,51,60,60,50,47,47,47,31,31,43,75,63,57,52,56,69,58,58,70,70,75,66,47,57,63,75,17],"gold":89,"neow_bonus":"THREE_ENEMY_KILL","is_daily":false,"chose_seed":false,"campfire_upgraded":8,"win_rate":0.0,"timestamp":1608574477,"path_taken":["M","?","?","?","?","R","E","R","T","M","E","M","$","M","R","BOSS","M","M","?","?","?","E","R","M","T","M","E","R","?","?","R","BOSS","M","?","?","M","M","E","$","E","T","R","?","M","M","M","R","BOSS"],"items_purchased_type":["Card","Card","Relic","Card"],"build_version":"2020-12-13","purchased_purges":3,"victory":true,"max_hp_per_floor":[75,75,75,75,75,75,75,75,75,75,75,75,75,75,75,75,75,75,75,75,75,75,75,75,75,75,75,75,75,75,75,75,75,75,75,75,75,75,75,75,75,75,75,75,75,75,75,75,75,75],"card_choices":[{"not_picked":["Leap","Coolheaded"],"picked":"Self Repair","floor":1},{"not_picked":["Leap","Stack"],"picked":"Cold Snap","floor":3},{"not_picked":["Stack","Creative AI"],"picked":"Electrodynamics","floor":7},{"not_picked":["Glacier","Beam Cell"],"picked":"Conserve Battery","floor":10},{"not_picked":["Reprogram","BootSequence"],"picked":"Genetic Algorithm","floor":11},{"not_picked":["Cold Snap","Compile Driver"],"picked":"Sweeping Beam","floor":12},{"not_picked":["Steam","Rebound","BootSequence"],"picked":"SKIP","floor":14},{"not_picked":["Biased Cognition","Multi-Cast"],"picked":"Core Surge","floor":16},{"not_picked":["BootSequence+1","Sweeping Beam"],"picked":"Redo+1","floor":18},{"not_picked":["Conserve Battery","Darkness"],"picked":"Lockon+1","floor":19},{"not_picked":["Beam Cell","Go for the Eyes+1"],"picked":"Sweeping Beam+1","floor":23},{"not_picked":["Blizzard","Redo"],"picked":"Hologram+1","floor":25},{"not_picked":["Leap","Chill+1","Cold Snap"],"picked":"SKIP","floor":27},{"not_picked":["Cold Snap","Gash"],"picked":"Conserve Battery+1","floor":28},{"not_picked":["All For One","Meteor Strike"],"picked":"Thunder Strike","floor":33},{"not_picked":["Coolheaded","Redo","Blizzard+1"],"picked":"SKIP","floor":35},{"not_picked":["Leap","Streamline"],"picked":"Turbo+1","floor":36},{"not_picked":["Mind Blast","Blind"],"picked":"Jack Of All Trades","floor":37},{"not_picked":["Steam+1","Streamline+1"],"picked":"Skim","floor":38},{"not_picked":["Go for the Eyes","Self Repair+1"],"picked":"Conserve Battery+1","floor":39},{"not_picked":["Streamline+1","Conserve Battery+1"],"picked":"Ball Lightning+1","floor":40},{"not_picked":["Barrage","Ball Lightning+1"],"picked":"Creative AI","floor":42},{"not_picked":["Cold Snap+1","Recycle"],"picked":"Compile Driver+1","floor":46},{"not_picked":["Go for the Eyes","Heatsinks+1","Cold Snap+1"],"picked":"SKIP","floor":47},{"not_picked":["Beam Cell","Redo","Barrage"],"picked":"SKIP","floor":48}],"player_experience":108377,"relics_obtained":[{"floor":7,"key":"Blood Vial"},{"floor":9,"key":"Toy Ornithopter"},{"floor":11,"key":"Dream Catcher"},{"floor":23,"key":"Calipers"},{"floor":26,"key":"Cables"},{"floor":28,"key":"InkBottle"},{"floor":30,"key":"DataDisk"},{"floor":31,"key":"Necronomicon"},{"floor":36,"key":"Thread and Needle"},{"floor":40,"key":"Eternal Feather"},{"floor":42,"key":"Centennial Puzzle"},{"floor":43,"key":"Symbiotic Virus"}],"event_choices":[{"cards_removed":["Strike_B"],"damage_healed":0,"gold_gain":0,"player_choice":"Took Card","damage_taken":0,"max_hp_gain":0,"max_hp_loss":0,"event_name":"NoteForYourself","floor":2,"gold_loss":0,"cards_obtained":["Strike_R"]},{"cards_removed":["Strike_R"],"damage_healed":0,"gold_gain":0,"player_choice":"Card Removal","damage_taken":7,"max_hp_gain":0,"max_hp_loss":0,"event_name":"Golden Wing","floor":4,"gold_loss":0},{"cards_removed":["Defend_B"],"damage_healed":0,"gold_gain":0,"player_choice":"Card Removal","damage_taken":0,"max_hp_gain":0,"max_hp_loss":0,"event_name":"The Cleric","floor":5,"gold_loss":50},{"damage_healed":0,"gold_gain":0,"player_choice":"Inject Mutagens","damage_taken":0,"relics_obtained":["MutagenicStrength"],"max_hp_gain":0,"max_hp_loss":0,"event_name":"Drug Dealer","floor":20,"gold_loss":0},{"damage_healed":0,"gold_gain":0,"player_choice":"Opened","damage_taken":0,"relics_obtained":["CaptainsWheel"],"max_hp_gain":0,"max_hp_loss":0,"event_name":"The Mausoleum","floor":21,"gold_loss":0},{"damage_healed":0,"gold_gain":0,"player_choice":"Obtained Book","damage_taken":16,"max_hp_gain":0,"max_hp_loss":0,"event_name":"Cursed Tome","floor":31,"gold_loss":0},{"damage_healed":0,"gold_gain":0,"player_choice":"Fight","damage_taken":0,"max_hp_gain":0,"max_hp_loss":0,"event_name":"Mysterious Sphere","floor":36,"gold_loss":0},{"damage_healed":0,"gold_gain":0,"player_choice":"Memory 2","damage_taken":5,"max_hp_gain":0,"max_hp_loss":0,"event_name":"SensoryStone","floor":37,"gold_loss":0},{"damage_healed":0,"gold_gain":0,"player_choice":"Embrace Madness","damage_taken":9,"max_hp_gain":0,"max_hp_loss":0,"event_name":"Winding Halls","floor":45,"gold_loss":0,"cards_obtained":["Madness","Madness"]}],"is_beta":false,"boss_relics":[{"not_picked":["Ectoplasm","FrozenCore"],"picked":"Coffee Dripper"},{"not_picked":["Cursed Key","Empty Cage"],"picked":"Inserter"}],"items_purged_floors":[13,22,41],"is_endless":false,"potions_floor_spawned":[1,10,16,19,25,27,28,36,40,46,47],"ascension_level":0}}