{"host":"rt0td7aa3g170xdl","time":1608551782,"event":{"mods":["2.2 Compatiblity","AchievementEnabler","BaseMod","Colored Map","DeckTracker","Keyboard Shortcuts","Minty Spire (QoL Compilation)","Permanent Neow","Quick Restart","SuperFastMode","everything is the same but u backflip on backflip"],"gold_per_floor":[110,127,141,151,8,43,59,92,92,92,106,132,147,147,147,248,248,262,262,282,299,199,199,199],"floor_reached":23,"playtime":1571,"items_purged":["Strike_P","Defend_P"],"score":264,"play_id":"e8632233-c645-4812-a5f5-edb0304bcd04","local_time":"20201221205622","is_ascension_mode":true,"campfire_choices":[{"data":"Eruption","floor":10.0,"key":"SMITH"},{"data":"Vault","floor":15.0,"key":"SMITH"}],"circlet_count":0,"master_deck":["Strike_P","Defend_P","Defend_P","Defend_P","Eruption+1","Vigilance","Collect","DeusExMachina","Evaluate","Adaptation","SandsOfTime","Vengeance","Vault+1","Adaptation","Wireheading+1","FlyingSleeves"],"relics":["PureWater","Anchor","Darkstone Periapt","Singing Bowl","Sundial","Black Star"],"acts_visited":["TheCity"],"potions_floor_usage":[23],"damage_taken":[{"damage":5.0,"enemies":"2 Louse","floor":1.0,"turns":3.0},{"damage":2.0,"enemies":"Small Slimes","floor":2.0,"turns":4.0},{"damage":2.0,"enemies":"Cultist","floor":3.0,"turns":4.0},{"damage":2.0,"enemies":"Large Slime","floor":4.0,"turns":7.0},{"damage":8.0,"enemies":"Lagavulin","floor":6.0,"turns":9.0},{"damage":2.0,"enemies":"Gremlin Gang","floor":7.0,"turns":4.0},{"damage":14.0,"enemies":"Gremlin Nob","floor":8.0,"turns":4.0},{"damage":3.0,"enemies":"Exordium Wildlife","floor":11.0,"turns":4.0},{"damage":0.0,"enemies":"3 Sentries","floor":12.0,"turns":5.0},{"damage":3.0,"enemies":"Blue Slaver","floor":13.0,"turns":4.0},{"damage":9.0,"enemies":"Slime Boss","floor":16.0,"turns":7.0},{"damage":13.0,"enemies":"Spheric Guardian","floor":18.0,"turns":5.0},{"damage":6.0,"enemies":"Shell Parasite","floor":20.0,"turns":5.0},{"damage":34,"enemies":"Snake Plant","floor":21,"turns":6},{"damage":30,"enemies":"Book of Stabbing","floor":23,"turns":6}],"seed_played":"880749127755336007","potions_obtained":[{"floor":2.0,"key":"BottledMiracle"},{"floor":3.0,"key":"Block Potion"},{"floor":6.0,"key":"Explosive Potion"},{"floor":7.0,"key":"CultistPotion"},{"floor":11.0,"key":"Block Potion"},{"floor":20.0,"key":"Weak Potion"}],"is_trial":false,"path_per_floor":["M","M","M","M","$","E","M","E","T","R","M","E","M","?","R","B",null,"M","?","M","M","$","E"],"character_chosen":"WATCHER","items_purchased":["Adaptation"],"campfire_rested":0,"item_purchase_floors":[5],"current_hp_per_floor":[67,65,63,61,61,53,51,37,37,37,34,36,33,26,26,19,76,63,63,59,25,25,0,0],"gold":199,"neow_bonus":"REMOVE_CARD","is_daily":false,"chose_seed":false,"campfire_upgraded":2,"win_rate":0.0,"timestamp":1608551782,"path_taken":["M","M","M","M","$","E","M","E","T","R","M","E","M","?","R","BOSS","M","?","M","M","$","E"],"items_purchased_type":["Card"],"build_version":"2020-12-13","purchased_purges":2,"victory":false,"max_hp_per_floor":[72,72,72,72,72,72,72,72,72,72,72,74,74,74,74,76,76,76,76,78,78,78,78,78],"card_choices":[{"not_picked":["Prostrate","Fasting2"],"picked":"Collect","floor":1.0},{"not_picked":["ForeignInfluence","FlyingSleeves","Protect"],"picked":"SKIP","floor":2.0},{"not_picked":["CarveReality","Consecrate"],"picked":"DeusExMachina","floor":3.0},{"not_picked":["EmptyFist","Wireheading"],"picked":"Evaluate","floor":4.0},{"not_picked":["EmptyBody","PathToVictory","ForeignInfluence"],"picked":"SKIP","floor":6.0},{"not_picked":["Consecrate","Conclude"],"picked":"SandsOfTime","floor":7.0},{"not_picked":["BowlingBash","SashWhip"],"picked":"Vengeance","floor":8.0},{"not_picked":["Prostrate","FollowUp"],"picked":"Vault","floor":11.0},{"not_picked":["ThirdEye","JustLucky","CrushJoints"],"picked":"Singing Bowl","floor":12.0},{"not_picked":["CutThroughFate","WreathOfFlame"],"picked":"Adaptation","floor":13.0},{"not_picked":["Establishment","Wish","DeusExMachina"],"picked":"Singing Bowl","floor":16.0},{"not_picked":["Crescendo","Study"],"picked":"Wireheading+1","floor":18.0},{"not_picked":["Pray+1","Weave+1","Swivel+1"],"picked":"Singing Bowl","floor":20.0},{"not_picked":["Wireheading","EmptyMind"],"picked":"FlyingSleeves","floor":21}],"player_experience":296787,"relics_obtained":[{"floor":6.0,"key":"Anchor"},{"floor":8.0,"key":"Darkstone Periapt"},{"floor":9.0,"key":"Singing Bowl"},{"floor":12.0,"key":"Sundial"}],"event_choices":[{"cards_removed":["Strike_P"],"damage_healed":0.0,"max_hp_gain":0.0,"max_hp_loss":0.0,"gold_gain":0.0,"event_name":"Golden Wing","player_choice":"Card Removal","floor":14.0,"gold_loss":0.0,"damage_taken":7.0},{"damage_healed":0.0,"max_hp_gain":0.0,"max_hp_loss":0.0,"gold_gain":0.0,"event_name":"Match and Keep!","player_choice":"0 cards matched","floor":19.0,"gold_loss":0.0,"damage_taken":0.0,"cards_obtained":[]}],"is_beta":false,"boss_relics":[{"not_picked":["Velvet Choker","Coffee Dripper"],"picked":"Black Star"}],"items_purged_floors":[5,22],"is_endless":false,"potions_floor_spawned":[2,3,6,7,11,20],"killed_by":"Book of Stabbing","ascension_level":2}}