{"host":"o7j6aatxjwpw1421","time":1608552978,"event":{"mods":["2.2 Compatiblity","BaseMod","Colored Map","DeckTracker","Highlight Path","Keyboard Shortcuts","Minty Spire (QoL Compilation)","Permanent Neow","Quick Restart","StSLib","SuperFastMode","everything is the same but u backflip on backflip"],"gold_per_floor":[113,129,140,158,174,207,207,233,256,287,302,322,339,353,353,458,458,470,480,497,510,526,554,554,569,596,596,608,67,95,115,115,210,210,230,330,347,358,370,370,401,274,298,298,312,158,158,0,0,0],"floor_reached":51,"playtime":3947,"items_purged":["Defend_R"],"score":1019,"play_id":"fe645d58-90b5-4b13-abd6-a010350bc639","local_time":"20201221211618","is_ascension_mode":true,"campfire_choices":[{"data":"Perfected Strike","floor":7.0,"key":"SMITH"},{"data":"Dual Wield","floor":15.0,"key":"SMITH"},{"data":"Barricade","floor":24.0,"key":"SMITH"},{"data":"Dual Wield","floor":27.0,"key":"SMITH"},{"data":"Perfected Strike","floor":32.0,"key":"SMITH"},{"data":"Evolve","floor":40.0,"key":"SMITH"},{"data":"Perfected Strike","floor":44.0,"key":"SMITH"},{"data":"Power Through","floor":47.0,"key":"SMITH"},{"floor":49.0,"key":"REST"}],"circlet_count":0,"master_deck":["Strike_R","Strike_R","Strike_R","Strike_R","Strike_R","Defend_R","Defend_R","Defend_R","Bash+1","Thunderclap","Perfected Strike+1","Twin Strike","Shockwave","Disarm","Immolate","Intimidate","Shrug It Off","Dual Wield+1","Barricade+1","Twin Strike+1","Dual Wield+1","Warcry+1","Fire Breathing+1","Shrug It Off","Battle Trance","Double Tap","Perfected Strike+1","Reaper","Evolve+1","Perfected Strike+1","Pommel Strike","Pommel Strike","Perfected Strike+1","Power Through+1","Perfected Strike","Offering","Power Through+1","Pommel Strike+1","Battle Trance"],"relics":["Black Blood","Vajra","Mango","Orichalcum","Blood Vial","Bag of Marbles","PreservedInsect","Nunchaku","Question Card","Lee\u0027s Waffle","Shuriken","Philosopher\u0027s Stone","White Beast Statue","Dream Catcher","Orrery","Red Mask"],"acts_visited":["Exordium","TheCity","TheBeyond"],"potions_floor_usage":[50,50],"damage_taken":[{"damage":3.0,"enemies":"2 Louse","floor":1.0,"turns":3.0},{"damage":1.0,"enemies":"Cultist","floor":2.0,"turns":3.0},{"damage":0.0,"enemies":"Small Slimes","floor":3.0,"turns":1.0},{"damage":14.0,"enemies":"Blue Slaver","floor":4.0,"turns":4.0},{"damage":13.0,"enemies":"3 Louse","floor":5.0,"turns":3.0},{"damage":21.0,"enemies":"Lagavulin","floor":6.0,"turns":5.0},{"damage":13.0,"enemies":"Gremlin Nob","floor":8.0,"turns":3.0},{"damage":7.0,"enemies":"Lagavulin","floor":10.0,"turns":4.0},{"damage":6.0,"enemies":"Looter","floor":11.0,"turns":2.0},{"damage":0.0,"enemies":"Large Slime","floor":12.0,"turns":4.0},{"damage":0.0,"enemies":"Gremlin Gang","floor":13.0,"turns":3.0},{"damage":1.0,"enemies":"Blue Slaver","floor":14.0,"turns":3.0},{"damage":46.0,"enemies":"The Guardian","floor":16.0,"turns":10.0},{"damage":0.0,"enemies":"Chosen","floor":18.0,"turns":4.0},{"damage":15.0,"enemies":"Spheric Guardian","floor":19.0,"turns":5.0},{"damage":25.0,"enemies":"Centurion and Healer","floor":20.0,"turns":5.0},{"damage":29.0,"enemies":"Snake Plant","floor":21.0,"turns":5.0},{"damage":24.0,"enemies":"3 Cultists","floor":22.0,"turns":5.0},{"damage":44.0,"enemies":"Gremlin Leader","floor":23.0,"turns":9.0},{"damage":10.0,"enemies":"Chosen and Byrds","floor":25.0,"turns":6.0},{"damage":22.0,"enemies":"Snake Plant","floor":28.0,"turns":5.0},{"damage":21.0,"enemies":"Book of Stabbing","floor":30.0,"turns":5.0},{"damage":7.0,"enemies":"Shelled Parasite and Fungi","floor":31.0,"turns":3.0},{"damage":93.0,"enemies":"Champ","floor":33.0,"turns":12.0},{"damage":0.0,"enemies":"3 Shapes","floor":35.0,"turns":1.0},{"damage":11.0,"enemies":"Orb Walker","floor":37.0,"turns":3.0},{"damage":41.0,"enemies":"Sphere and 2 Shapes","floor":38.0,"turns":6.0},{"damage":6.0,"enemies":"Jaw Worm Horde","floor":39.0,"turns":3.0},{"damage":28.0,"enemies":"Giant Head","floor":41.0,"turns":6.0},{"damage":36.0,"enemies":"Writhing Mass","floor":45.0,"turns":3.0},{"damage":61,"enemies":"Awakened One","floor":50,"turns":8}],"seed_played":"1732096227281692372","potions_obtained":[{"floor":1.0,"key":"AttackPotion"},{"floor":3.0,"key":"AttackPotion"},{"floor":5.0,"key":"LiquidMemories"},{"floor":8.0,"key":"Weak Potion"},{"floor":10.0,"key":"AttackPotion"},{"floor":11.0,"key":"Regen Potion"},{"floor":20.0,"key":"ColorlessPotion"},{"floor":22.0,"key":"ElixirPotion"},{"floor":23.0,"key":"Weak Potion"},{"floor":28.0,"key":"Fire Potion"},{"floor":31.0,"key":"Explosive Potion"},{"floor":37.0,"key":"SkillPotion"},{"floor":39.0,"key":"LiquidMemories"},{"floor":45.0,"key":"Block Potion"}],"is_trial":false,"path_per_floor":["M","M","M","M","M","E","R","E","T","E","M","M","M","M","R","B",null,"M","M","M","M","M","E","R","M","T","R","M","$","E","M","R","B",null,"M","?","M","M","M","R","E","$","T","R","M","$","R","?","R","B",null],"character_chosen":"IRONCLAD","items_purchased":["Nunchaku","Question Card","Lee\u0027s Waffle","Perfected Strike","Orrery"],"campfire_rested":1,"item_purchase_floors":[29,29,29,42,46],"current_hp_per_floor":[75,80,80,72,65,50,50,57,57,56,58,66,74,81,81,43,81,94,91,80,65,55,40,40,44,44,44,36,101,92,99,99,20,81,95,95,98,72,80,80,74,74,74,74,59,59,59,59,89,52],"gold":0,"neow_bonus":"UPGRADE_CARD","is_daily":false,"chose_seed":false,"campfire_upgraded":8,"win_rate":0.0,"timestamp":1608552978,"path_taken":["M","M","M","M","M","E","R","E","T","E","M","M","M","M","R","BOSS","M","M","M","M","M","E","R","M","T","R","M","$","E","M","R","BOSS","M","?","M","M","M","R","E","?","T","R","?","$","R","?","R","BOSS"],"items_purchased_type":["Relic","Relic","Relic","Card","Relic"],"build_version":"2020-12-13","purchased_purges":1,"victory":true,"max_hp_per_floor":[80,80,80,80,80,80,80,94,94,94,94,94,94,94,94,94,94,94,94,94,94,94,94,94,94,94,94,94,101,101,101,101,101,101,101,101,101,101,101,101,101,101,101,101,101,101,101,101,101,101],"card_choices":[{"not_picked":["Feel No Pain","Rupture"],"picked":"Thunderclap","floor":1.0},{"not_picked":["Anger","Havoc"],"picked":"Perfected Strike","floor":2.0},{"not_picked":["Sword Boomerang","Iron Wave"],"picked":"Twin Strike","floor":3.0},{"not_picked":["Flame Barrier","Second Wind"],"picked":"Shockwave","floor":4.0},{"not_picked":["Feel No Pain","Body Slam"],"picked":"Disarm","floor":5.0},{"not_picked":["Dark Embrace","Disarm","Clothesline"],"picked":"SKIP","floor":6.0},{"not_picked":["Iron Wave","Infernal Blade","Cleave"],"picked":"SKIP","floor":8.0},{"not_picked":["Sword Boomerang","Thunderclap"],"picked":"Immolate","floor":10.0},{"not_picked":["Entrench","Rupture"],"picked":"Intimidate","floor":11.0},{"not_picked":["Blood for Blood","Searing Blow","Body Slam"],"picked":"SKIP","floor":12.0},{"not_picked":["True Grit","Spot Weakness"],"picked":"Shrug It Off","floor":13.0},{"not_picked":["Wild Strike","Havoc"],"picked":"Dual Wield","floor":14.0},{"not_picked":["Berserk","Bludgeon"],"picked":"Barricade","floor":16.0},{"not_picked":["Cleave+1","Metallicize","Havoc+1"],"picked":"SKIP","floor":18.0},{"not_picked":["Headbutt+1","Clash"],"picked":"Twin Strike+1","floor":19.0},{"not_picked":["Blood for Blood","Intimidate"],"picked":"Dual Wield","floor":20.0},{"not_picked":["Reckless Charge","Cleave"],"picked":"Warcry+1","floor":21.0},{"not_picked":["Anger","Offering"],"picked":"Fire Breathing+1","floor":22.0},{"not_picked":["Headbutt","Thunderclap","Cleave+1"],"picked":"SKIP","floor":23.0},{"not_picked":["Headbutt","Thunderclap","Cleave+1"],"picked":"SKIP","floor":23.0},{"not_picked":["Inflame","Clothesline"],"picked":"Shrug It Off","floor":25.0},{"not_picked":["Headbutt","Clothesline"],"picked":"Battle Trance","floor":28.0},{"not_picked":["Shockwave","Spot Weakness","Corruption"],"picked":"Double Tap","floor":30.0},{"not_picked":["Disarm","Infernal Blade","Twin Strike"],"picked":"Perfected Strike","floor":31.0},{"not_picked":["Feed","Immolate","Juggernaut"],"picked":"Reaper","floor":33.0},{"not_picked":["Clash","Armaments","True Grit"],"picked":"Evolve","floor":35.0},{"not_picked":["Cleave","Shrug It Off+1","Warcry"],"picked":"Perfected Strike+1","floor":37.0},{"not_picked":["True Grit","Clothesline+1","Body Slam+1"],"picked":"Pommel Strike","floor":38.0},{"not_picked":["Thunderclap+1","Cleave+1","Headbutt"],"picked":"Pommel Strike","floor":39.0},{"not_picked":["Dual Wield","Entrench","Feed","Hemokinesis"],"picked":"SKIP","floor":41.0},{"not_picked":["Thunderclap+1","Havoc","Reckless Charge"],"picked":"Power Through","floor":45.0},{"not_picked":["Warcry+1","Entrench+1","Headbutt+1"],"picked":"Perfected Strike","floor":46.0},{"not_picked":["Clash","Thunderclap","Flex+1"],"picked":"Offering","floor":46.0},{"not_picked":["Twin Strike","Havoc","Sword Boomerang+1"],"picked":"Power Through+1","floor":46.0},{"not_picked":["Thunderclap","Heavy Blade+1","Twin Strike+1"],"picked":"Pommel Strike+1","floor":46.0},{"not_picked":["Rampage+1","Entrench","Havoc+1"],"picked":"Battle Trance","floor":49.0}],"player_experience":305811,"relics_obtained":[{"floor":6.0,"key":"Vajra"},{"floor":8.0,"key":"Mango"},{"floor":9.0,"key":"Orichalcum"},{"floor":10.0,"key":"Blood Vial"},{"floor":23.0,"key":"Bag of Marbles"},{"floor":26.0,"key":"PreservedInsect"},{"floor":30.0,"key":"Shuriken"},{"floor":41.0,"key":"White Beast Statue"},{"floor":43.0,"key":"Dream Catcher"}],"event_choices":[{"damage_healed":0.0,"max_hp_gain":0.0,"max_hp_loss":0.0,"gold_gain":100.0,"event_name":"Golden Shrine","player_choice":"Pray","floor":36.0,"gold_loss":0.0,"damage_taken":0.0},{"damage_healed":0.0,"max_hp_gain":0.0,"max_hp_loss":0.0,"gold_gain":0.0,"event_name":"Tomb of Lord Red Mask","player_choice":"Paid","floor":48.0,"gold_loss":158.0,"damage_taken":0.0,"relics_obtained":["Red Mask"]}],"is_beta":false,"boss_relics":[{"not_picked":["SlaversCollar","Astrolabe"],"picked":"Black Blood"},{"not_picked":["Coffee Dripper","Pandora\u0027s Box"],"picked":"Philosopher\u0027s Stone"}],"items_purged_floors":[42],"is_endless":false,"potions_floor_spawned":[1,3,5,8,10,11,20,22,23,28,31,37,39,45],"ascension_level":7}}