{"host":"wonp23fsqqcu31ie","time":1608528235,"event":{"mods":["2.2 Compatiblity","AchievementEnabler","Aspiration","BaseMod","Bestiary","Better Altar","Better Match","Better Sensory Stone","Better Skull","Better Third Choice","BetterRewards","Block Reminder","Colored Map","Colored Powertips","Conspire","DeckTracker","Displayed Cursed Tome","Downfall","Hermit","Highlight Path","Hubris","Minty Spire (QoL Compilation)","Permanent Neow","Quick Restart","Rare Cards Sparkle","Relic Stats","Replay The Spire","Shade Mod","Shop Mod","StSLib","SuperFastMode","The Animator","The Cursed","The Dragon Tamer","The Gatherer","The Necromancer","The Runesmith","The Servant 0.9.4"],"gold_per_floor":[113,124,124,138,250,281,301,326,326,336,382,382,66,81,81,81,81],"floor_reached":16,"playtime":380,"items_purged":[],"score":123,"play_id":"f42dac0c-d594-436c-b6c5-af026812ea21","local_time":"20201221162355","is_ascension_mode":true,"campfire_choices":[{"floor":12,"key":"REST"},{"floor":15,"key":"REST"}],"circlet_count":0,"master_deck":["hermit:Strike_Hermit","hermit:Strike_Hermit","hermit:Strike_Hermit","hermit:Strike_Hermit","hermit:Defend_Hermit","hermit:Defend_Hermit","hermit:Defend_Hermit","hermit:Defend_Hermit","hermit:Snapshot","hermit:Covet","hermit:GoldenBullet+1","hermit:SprayPray","hermit:CursedWeapon","hermit:TakeCover","hermit:Showdown","hermit:RoundhouseKick","hermit:HighCaliber","hermit:Scavenge"],"relics":["hermit:Momento","m_RuneBlood","Regal Pillow","Onion Ring","hermit:Spyglass","ReplayTheSpireMod:Lightbulb","Oddly Smooth Stone","MerchantsRug","Replay:Ringing Soul"],"acts_visited":["Exordium"],"potions_floor_usage":[6,8,10],"damage_taken":[{"damage":1,"enemies":"Cultist","floor":1,"turns":3},{"damage":9,"enemies":"2 Louse","floor":2,"turns":3},{"damage":0,"enemies":"Small Slimes","floor":4,"turns":2},{"damage":28,"enemies":"Lagavulin","floor":6,"turns":4},{"damage":0,"enemies":"Blue Slaver","floor":7,"turns":3},{"damage":11,"enemies":"3 Sentries","floor":8,"turns":5},{"damage":4,"enemies":"3 Louse","floor":10,"turns":2},{"damage":5,"enemies":"2 Fungi Beasts","floor":14,"turns":3},{"damage":73,"enemies":"The Guardian","floor":16,"turns":11}],"seed_played":"8605728171061011863","potions_obtained":[{"floor":1,"key":"BlessingOfTheForge"},{"floor":2,"key":"Elixir"},{"floor":6,"key":"DuplicationPotion"},{"floor":8,"key":"champ:CounterPotion"}],"is_trial":false,"path_per_floor":["M","M","?","M","?","E","M","E","T","M","T","R","$","M","R","B"],"character_chosen":"HERMIT","items_purchased":["MerchantsRug","Replay:Ringing Soul"],"campfire_rested":2,"item_purchase_floors":[13,13],"current_hp_per_floor":[75,69,69,72,38,13,16,8,8,7,7,46,46,47,85,12,12],"gold":81,"neow_bonus":"NOSTALGIA","is_daily":false,"chose_seed":false,"campfire_upgraded":0,"win_rate":0.0,"timestamp":1608528235,"path_taken":["M","?","?","M","?","E","M","E","T","?","?","R","$","M","R","BOSS"],"items_purchased_type":["Relic","Relic"],"build_version":"2020-12-13","purchased_purges":0,"victory":false,"max_hp_per_floor":[75,75,75,75,82,82,82,82,82,82,82,82,82,85,85,85,85],"relic_stats":{"Regal Pillow":28,"counters":[9,36],"obtain_stats":[{"MerchantsRug":13,"Replay:Ringing Soul":13,"Regal Pillow":5,"aspiration:Nostalgia":0,"Strawberry":5,"Oddly Smooth Stone":11,"Onion Ring":6,"ReplayTheSpireMod:Lightbulb":9,"hermit:Momento":0,"hermit:Spyglass":8,"m_RuneBlood":0},{"MerchantsRug":7,"Replay:Ringing Soul":7,"Regal Pillow":3,"aspiration:Nostalgia":0,"Strawberry":3,"Oddly Smooth Stone":7,"Onion Ring":4,"ReplayTheSpireMod:Lightbulb":6,"hermit:Momento":0,"hermit:Spyglass":6,"m_RuneBlood":0},{"MerchantsRug":22,"Replay:Ringing Soul":22,"Regal Pillow":8,"aspiration:Nostalgia":0,"Strawberry":8,"Oddly Smooth Stone":22,"Onion Ring":12,"ReplayTheSpireMod:Lightbulb":20,"hermit:Momento":0,"hermit:Spyglass":20,"m_RuneBlood":0}]},"card_choices":[{"not_picked":["hermit:EyeOfTheStorm","hermit:TrackingShot"],"picked":"hermit:GoldenBullet","floor":1},{"not_picked":["hermit:Manifest","Runesmith:Fortify"],"picked":"hermit:SprayPray","floor":2},{"not_picked":["hermit:WideOpen","hermit:Feint"],"picked":"hermit:CursedWeapon","floor":4},{"not_picked":["hermit:CursedWeapon","hermit:HeroicBravado"],"picked":"hermit:TakeCover","floor":6},{"not_picked":["hermit:Misfire","Searing Blow"],"picked":"hermit:Showdown","floor":7},{"not_picked":["hermit:Desperado","hermit:GoldenBullet"],"picked":"hermit:RoundhouseKick","floor":8},{"not_picked":["hermit:TrackingShot","hermit:Showdown"],"picked":"hermit:HighCaliber","floor":10},{"not_picked":["hermit:Feint","hermit:LowProfile"],"picked":"hermit:Scavenge","floor":14}],"player_experience":659536,"relics_obtained":[{"floor":6,"key":"Onion Ring"},{"floor":8,"key":"hermit:Spyglass"},{"floor":9,"key":"ReplayTheSpireMod:Lightbulb"},{"floor":11,"key":"Oddly Smooth Stone"}],"event_choices":[{"damage_healed":0,"gold_gain":0,"player_choice":"Grow","damage_taken":0,"max_hp_gain":0,"max_hp_loss":0,"event_name":"Living Wall","floor":3,"gold_loss":0,"cards_upgraded":["hermit:GoldenBullet"]},{"damage_healed":0,"gold_gain":112,"player_choice":"RE RE GO ","damage_taken":46,"relics_obtained":["Strawberry","Regal Pillow"],"max_hp_gain":0,"max_hp_loss":0,"event_name":"betterSkull:BetterSkull","floor":5,"gold_loss":0,"cards_upgraded":[]}],"is_beta":false,"boss_relics":[],"items_purged_floors":[],"is_endless":false,"potions_floor_spawned":[1,2,6,8],"killed_by":"The Guardian","ascension_level":2}}