{"host":"ixbvfs3so5a39bhe","time":1608542718,"event":{"mods":["BaseMod","Minty Spire (QoL Compilation)","Quick Restart","StSLib"],"gold_per_floor":[117,67,82,7,7,7,34,209,232,251,251,151,164,191,191,191,191],"floor_reached":16,"playtime":534,"items_purged":["Defend_P","Vigilance"],"score":160,"play_id":"4af7d3c5-66f6-40a9-8b6d-46f7d270e6f5","local_time":"20201221172518","is_ascension_mode":true,"campfire_choices":[{"data":"Eruption","floor":6.0,"key":"SMITH"},{"floor":15.0,"key":"RECALL"}],"circlet_count":0,"master_deck":["Strike_P","Strike_P","Strike_P","Defend_P","Defend_P","Defend_P","Eruption+1","InnerPeace"],"relics":["PureWater","NeowsBlessing","Omamori","Strawberry","Mercury Hourglass"],"acts_visited":["Exordium"],"potions_floor_usage":[],"damage_taken":[{"damage":0.0,"enemies":"Small Slimes","floor":1.0,"turns":1.0},{"damage":0.0,"enemies":"2 Louse","floor":3.0,"turns":2.0},{"damage":0.0,"enemies":"Gremlin Nob","floor":7.0,"turns":1.0},{"damage":1.0,"enemies":"Cultist","floor":10.0,"turns":3.0},{"damage":16.0,"enemies":"3 Louse","floor":13.0,"turns":3.0},{"damage":30.0,"enemies":"Lagavulin","floor":14.0,"turns":6.0},{"damage":22,"enemies":"The Guardian","floor":16,"turns":9}],"seed_played":"-28148441997135972","potions_obtained":[{"floor":10.0,"key":"BottledMiracle"},{"floor":13.0,"key":"Fruit Juice"},{"floor":14.0,"key":"Explosive Potion"}],"is_trial":false,"path_per_floor":["M","?","M","$","?","R","E","?","T","M","?","$","M","E","R","B"],"character_chosen":"WATCHER","items_purchased":[],"campfire_rested":0,"item_purchase_floors":[],"current_hp_per_floor":[72,72,72,72,72,72,72,72,72,71,78,78,67,37,37,15,15],"gold":191,"neow_bonus":"THREE_ENEMY_KILL","is_daily":false,"chose_seed":false,"campfire_upgraded":1,"win_rate":0.0,"timestamp":1608542718,"path_taken":["M","?","M","$","?","R","E","?","T","M","?","?","?","E","R","BOSS"],"items_purchased_type":[],"build_version":"2020-12-13","purchased_purges":2,"victory":false,"max_hp_per_floor":[72,72,72,72,72,72,72,72,72,72,79,79,84,84,84,84,84],"card_choices":[{"not_picked":["Protect","Fasting2","WheelKick"],"picked":"SKIP","floor":1.0},{"not_picked":["Pray","SashWhip","Conclude"],"picked":"SKIP","floor":3.0},{"not_picked":["EmptyFist","ThirdEye","WindmillStrike"],"picked":"SKIP","floor":7.0},{"not_picked":["PathToVictory","CutThroughFate"],"picked":"InnerPeace","floor":10.0},{"not_picked":["CrushJoints","EmptyFist","BowlingBash"],"picked":"SKIP","floor":13.0},{"not_picked":["Devotion","Halt","SashWhip"],"picked":"SKIP","floor":14.0}],"player_experience":189050,"relics_obtained":[{"floor":7.0,"key":"Omamori"},{"floor":14.0,"key":"Mercury Hourglass"}],"event_choices":[{"cards_removed":["Strike_P"],"damage_healed":0.0,"max_hp_gain":0.0,"max_hp_loss":0.0,"gold_gain":0.0,"event_name":"The Cleric","player_choice":"Card Removal","floor":2.0,"gold_loss":50.0,"damage_taken":0.0},{"damage_healed":0.0,"max_hp_gain":0.0,"max_hp_loss":0.0,"gold_gain":0.0,"event_name":"Shining Light","player_choice":"Ignored","floor":5.0,"gold_loss":0.0,"damage_taken":0.0},{"damage_healed":0.0,"max_hp_gain":0.0,"max_hp_loss":0.0,"gold_gain":175.0,"event_name":"Liars Game","player_choice":"AGREE","floor":8.0,"gold_loss":0.0,"damage_taken":0.0,"cards_obtained":["Doubt"]},{"damage_healed":0.0,"max_hp_gain":0.0,"max_hp_loss":0.0,"gold_gain":0.0,"event_name":"Big Fish","player_choice":"Box","floor":11.0,"gold_loss":0.0,"damage_taken":0.0,"relics_obtained":["Strawberry"],"cards_obtained":["Regret"]}],"is_beta":false,"boss_relics":[],"items_purged_floors":[4,12],"is_endless":false,"potions_floor_spawned":[10,13,14],"killed_by":"The Guardian","ascension_level":4}}