{"host":"konjmgczbcns2r3g","time":1608515134,"event":{"mods":["AchievementEnabler","BaseMod","Colored Powertips","Hermit","Infinite Spire","Minty Spire (QoL Compilation)","StSLib","The Cursed","The Necromancer","The Servant 0.9.4"],"gold_per_floor":[113,188,188,200,200,238,17,38,38,71,83,133,171,208,220,339,351,383,415,454,26,51,89,113,212,238,259,278,278,307,342,342,451,451,478,496,496,88,98,216,275,275,275,300,341,356,356,382,382,486,486,485,485],"floor_reached":52,"playtime":5619,"items_purged":[],"score":913,"play_id":"c641967d-44d5-41cc-81e9-d7464f4e6a3e","local_time":"20201220204534","is_ascension_mode":false,"campfire_choices":[{"floor":11.0,"key":"REST"},{"floor":15.0,"key":"REST"},{"floor":29.0,"key":"REST"},{"floor":32.0,"key":"REST"},{"floor":42.0,"key":"REST"},{"floor":47.0,"key":"REST"},{"floor":49.0,"key":"REST"}],"circlet_count":0,"master_deck":["Strike_S","Strike_S","Strike_S","Strike_S","Defend_S","Defend_S","Defend_S+1","Defend_S","KidneyShot","Exchange","InstantArmor+1","SilverBlades","Defy","Hightail","TimeWarp","Foresight","Moonlight","Initiator","ShiftingGears","Luminosity","Sunlight","Ricochet","Sabotage","SpecialFormula","FastForward","InstantArmor","Desolation+1","Spin+1","SurpressingFire+1","Rearm","GearUp","Unruled+1","Deny","Defy+1","Flash of Steel+1","KidneyShot+1","Contraction","ReturningBlade+1","infinitespire:Punishment+1","Revamp","Hightail+1","Spin+1","Luminosity","Spin+1","Sunlight+1"],"relics":["Uniform","White Beast Statue","War Paint","CeramicFish","Chemical X","MawBank","Blue Candle","Philosopher\u0027s Stone","Molten Egg 2","PreservedInsect","infinitespire:Satchel","Potion Belt","infinitespire:Lucky Rock","Busted Crown","SacredBark","Ginger","CaptainsWheel","Dead Branch","infinitespire:FocusingShard","StoneMask"],"acts_visited":["Exordium","TheCity","TheBeyond"],"potions_floor_usage":[],"damage_taken":[{"damage":1.0,"enemies":"2 Louse","floor":1.0,"turns":2.0},{"damage":0.0,"enemies":"Jaw Worm","floor":4.0,"turns":3.0},{"damage":13.0,"enemies":"3 Sentries","floor":6.0,"turns":11.0},{"damage":0.0,"enemies":"Cultist","floor":8.0,"turns":3.0},{"damage":1.0,"enemies":"Looter","floor":10.0,"turns":3.0},{"damage":39.0,"enemies":"Gremlin Nob","floor":12.0,"turns":5.0},{"damage":0.0,"enemies":"2 Fungi Beasts","floor":13.0,"turns":4.0},{"damage":0.0,"enemies":"Blue Slaver","floor":14.0,"turns":4.0},{"damage":0.0,"enemies":"The Guardian","floor":16.0,"turns":11.0},{"damage":13.0,"enemies":"2 Thieves","floor":18.0,"turns":3.0},{"damage":0.0,"enemies":"Shell Parasite","floor":19.0,"turns":3.0},{"damage":3.0,"enemies":"Centurion and Healer","floor":20.0,"turns":5.0},{"damage":0.0,"enemies":"Snecko","floor":22.0,"turns":4.0},{"damage":0.0,"enemies":"Nightmare","floor":23.0,"turns":9.0},{"damage":0.0,"enemies":"Cultist and Chosen","floor":24.0,"turns":9.0},{"damage":0.0,"enemies":"Chosen and Byrds","floor":27.0,"turns":4.0},{"damage":15.0,"enemies":"Snake Plant","floor":28.0,"turns":6.0},{"damage":12.0,"enemies":"Shelled Parasite and Fungi","floor":30.0,"turns":3.0},{"damage":18.0,"enemies":"Book of Stabbing","floor":31.0,"turns":4.0},{"damage":0.0,"enemies":"Champ","floor":33.0,"turns":12.0},{"damage":0.0,"enemies":"Orb Walker","floor":35.0,"turns":3.0},{"damage":12.0,"enemies":"3 Darklings","floor":39.0,"turns":3.0},{"damage":43.0,"enemies":"infinitespire:Three Voidlings","floor":40.0,"turns":6.0},{"damage":0.0,"enemies":"Nightmare_Alpha","floor":40.0,"turns":12.0},{"damage":0.0,"enemies":"Mind Bloom Boss Battle","floor":41.0,"turns":8.0},{"damage":0.0,"enemies":"Maw","floor":44.0,"turns":8.0},{"damage":0.0,"enemies":"Giant Head","floor":45.0,"turns":6.0},{"damage":0.0,"enemies":"Jaw Worm Horde","floor":46.0,"turns":4.0},{"damage":9.0,"enemies":"4 Shapes","floor":48.0,"turns":4.0},{"damage":123.0,"enemies":"infinitespire:MassOfShapes","floor":50.0,"turns":12.0},{"damage":0,"enemies":"Cultist","floor":52,"turns":1}],"seed_played":"-75194407362472006","potions_obtained":[{"floor":4.0,"key":"BlessingOfTheForge"},{"floor":6.0,"key":"DuplicationPotion"},{"floor":8.0,"key":"BlessingOfTheForge"},{"floor":10.0,"key":"FearPotion"},{"floor":12.0,"key":"EssenceOfSteel"},{"floor":13.0,"key":"AttackPotion"},{"floor":14.0,"key":"Fire Potion"},{"floor":16.0,"key":"Ancient Potion"},{"floor":18.0,"key":"SteroidPotion"},{"floor":19.0,"key":"BlessingOfTheForge"},{"floor":20.0,"key":"Dexterity Potion"},{"floor":22.0,"key":"Energy Potion"},{"floor":23.0,"key":"DuplicationPotion"},{"floor":24.0,"key":"Dexterity Potion"},{"floor":27.0,"key":"Energy Potion"},{"floor":28.0,"key":"AttackPotion"},{"floor":30.0,"key":"SkillPotion"},{"floor":31.0,"key":"Explosive Potion"},{"floor":33.0,"key":"PowerPotion"},{"floor":35.0,"key":"infinitespire:BlackPotion"},{"floor":39.0,"key":"Energy Potion"},{"floor":40.0,"key":"AttackPotion"},{"floor":41.0,"key":"Block Potion"},{"floor":44.0,"key":"Dexterity Potion"},{"floor":45.0,"key":"FairyPotion"},{"floor":46.0,"key":"Regen Potion"},{"floor":48.0,"key":"PowerPotion"},{"floor":50.0,"key":"SkillPotion"}],"is_trial":false,"path_per_floor":["M","?","?","M","T","E","$","M","T","M","R","E","M","M","R","B",null,"M","M","M","$","M","NM","M","?","T","M","M","R","M","E","R","B",null,"M","?","AVR","$","M","?","?","R","T","M","E","M","R","M","R","B",null,"M"],"character_chosen":"THE_SERVANT","items_purchased":["Chemical X","Hightail","TimeWarp","Molten Egg 2","PreservedInsect","FastForward","Ginger","Contraction","ReturningBlade+1"],"campfire_rested":7,"item_purchase_floors":[7,7,7,21,21,21,38,38,38],"current_hp_per_floor":[70,59,47,47,47,34,34,34,34,33,54,15,15,15,36,36,71,58,58,55,55,55,55,55,55,55,55,40,61,54,36,57,57,71,71,71,71,71,59,33,33,54,54,54,54,54,71,62,71,61,71,71,71],"gold":485,"neow_bonus":"TEN_PERCENT_HP_BONUS","is_daily":false,"chose_seed":false,"campfire_upgraded":0,"win_rate":0.0,"timestamp":1608515134,"path_taken":["M","?","?","M","?","E","$","M","T","M","R","E","M","M","R","BOSS","M","M","M","$","M","NM","M","?","T","M","M","R","M","E","R","BOSS","M","?","AVR","?","M","?","?","R","T","M","E","?","R","M","R","BOSS","M"],"items_purchased_type":["Relic","Card","Card","Relic","Relic","Card","Relic","Card","Card"],"build_version":"2020-12-13","purchased_purges":0,"victory":false,"max_hp_per_floor":[71,71,71,71,71,71,71,71,71,71,71,71,71,71,71,71,71,71,71,71,71,71,71,71,71,71,71,71,71,71,71,71,71,71,71,71,71,71,71,71,71,71,71,71,71,71,71,71,71,71,71,71,71],"card_choices":[{"not_picked":["BottledTime","ShatteredReality"],"picked":"InstantArmor","floor":1.0},{"not_picked":["SurpressingFire","MoonPhase"],"picked":"SilverBlades","floor":4.0},{"not_picked":["Shuttle","Sabotage"],"picked":"Defy","floor":6.0},{"not_picked":["Snipe","Alleviate"],"picked":"Foresight","floor":8.0},{"not_picked":["Spin","BottledTime"],"picked":"Moonlight","floor":10.0},{"not_picked":["Collapse","TimeWarp"],"picked":"Initiator","floor":12.0},{"not_picked":["InstantArmor","Defy"],"picked":"ShiftingGears","floor":13.0},{"not_picked":["Replace","Spin"],"picked":"Luminosity","floor":14.0},{"not_picked":["LightFlow","ForgedInTime"],"picked":"Sunlight","floor":16.0},{"not_picked":["BottledTime","Revamp+1"],"picked":"Ricochet","floor":18.0},{"not_picked":["Replace+1","Alleviate"],"picked":"Sabotage","floor":19.0},{"not_picked":["Advance+1","DoubleEdge"],"picked":"SpecialFormula","floor":20.0},{"not_picked":["Revamp","Replace"],"picked":"InstantArmor","floor":22.0},{"not_picked":["TimeWarp+1","Replace"],"picked":"Desolation+1","floor":23.0},{"not_picked":["BottledTime","Misdirection+1"],"picked":"Spin+1","floor":24.0},{"not_picked":["Potential+1","Ricochet+1"],"picked":"SurpressingFire+1","floor":27.0},{"not_picked":["SilverBlades+1","Replace"],"picked":"Rearm","floor":28.0},{"not_picked":["Spin+1","DualDimension+1"],"picked":"GearUp","floor":30.0},{"not_picked":["DoubleEdge+1","SpecialFormula"],"picked":"Unruled+1","floor":31.0},{"not_picked":["TheWorld","Solidify"],"picked":"Deny","floor":33.0},{"not_picked":[],"picked":"Defy+1","floor":35.0},{"not_picked":["SpecialFormula+1"],"picked":"SKIP","floor":39.0},{"not_picked":["infinitespire:FinalStrike","infinitespire:Gouge"],"picked":"infinitespire:Punishment","floor":40.0},{"not_picked":[],"picked":"Revamp","floor":40.0},{"not_picked":[],"picked":"Hightail+1","floor":41.0},{"not_picked":[],"picked":"Spin+1","floor":44.0},{"not_picked":[],"picked":"Luminosity","floor":45.0},{"not_picked":["ShiftingGears"],"picked":"SKIP","floor":46.0},{"not_picked":[],"picked":"Spin+1","floor":48.0},{"not_picked":[],"picked":"Sunlight+1","floor":50.0}],"player_experience":256119,"relics_obtained":[{"floor":5.0,"key":"War Paint"},{"floor":6.0,"key":"CeramicFish"},{"floor":9.0,"key":"MawBank"},{"floor":12.0,"key":"Blue Candle"},{"floor":23.0,"key":"infinitespire:Satchel"},{"floor":26.0,"key":"Potion Belt"},{"floor":31.0,"key":"infinitespire:Lucky Rock"},{"floor":40.0,"key":"CaptainsWheel"},{"floor":41.0,"key":"Dead Branch"},{"floor":45.0,"key":"infinitespire:FocusingShard"}],"event_choices":[{"damage_healed":0.0,"max_hp_gain":0.0,"max_hp_loss":0.0,"gold_gain":75.0,"event_name":"World of Goop","player_choice":"Gather Gold","floor":2.0,"gold_loss":0.0,"damage_taken":11.0},{"damage_healed":0.0,"max_hp_gain":0.0,"max_hp_loss":0.0,"gold_gain":0.0,"event_name":"Scrap Ooze","player_choice":"Success","floor":3.0,"gold_loss":0.0,"damage_taken":12.0,"relics_obtained":["White Beast Statue"]},{"damage_healed":0.0,"max_hp_gain":0.0,"max_hp_loss":0.0,"gold_gain":99.0,"event_name":"Nest","player_choice":"Stole From Cult","floor":25.0,"gold_loss":0.0,"damage_taken":0.0},{"damage_healed":0.0,"max_hp_gain":0.0,"max_hp_loss":0.0,"gold_gain":0.0,"event_name":"Match and Keep!","player_choice":"2 cards matched","floor":36.0,"gold_loss":0.0,"damage_taken":0.0,"cards_obtained":["Flash of Steel","KidneyShot"]},{"damage_healed":0.0,"max_hp_gain":0.0,"max_hp_loss":0.0,"gold_gain":0.0,"event_name":"MindBloom","player_choice":"Fight","floor":41.0,"gold_loss":0.0,"damage_taken":0.0}],"is_beta":false,"boss_relics":[{"not_picked":["Cursed Key","Runic Dome"],"picked":"Philosopher\u0027s Stone"},{"not_picked":["infinitespire:Cupcake","Coffee Dripper"],"picked":"Busted Crown"},{"not_picked":["Runic Pyramid","Black Star"],"picked":"StoneMask"}],"items_purged_floors":[],"is_endless":true,"potions_floor_spawned":[4,6,8,10,12,13,14,16,18,19,20,22,23,24,27,28,30,31,33,35,39,40,40,41,44,45,46,48,50],"killed_by":"Cultist","ascension_level":0}}