{"host":"o7j6aatxjwpw1421","time":1608573697,"event":{"mods":["2.2 Compatiblity","BaseMod","Colored Map","DeckTracker","Highlight Path","Keyboard Shortcuts","Minty Spire (QoL Compilation)","Permanent Neow","Quick Restart","StSLib","SuperFastMode","everything is the same but u backflip on backflip"],"gold_per_floor":[119,131,143,118,136,136,162,162,162,196,207,217,231,246,246,345,345,285,285,210,230,155,155,171,171,171],"floor_reached":25,"playtime":1642,"items_purged":["Strike_R"],"score":438,"play_id":"9a0e674c-ec4a-44ed-b5da-87fce962894b","local_time":"20201222030137","is_ascension_mode":true,"campfire_choices":[{"data":"Armaments","floor":6.0,"key":"SMITH"},{"data":"Evolve","floor":8.0,"key":"SMITH"},{"data":"Barricade","floor":15.0,"key":"SMITH"},{"data":"Body Slam","floor":23.0,"key":"SMITH"}],"circlet_count":0,"master_deck":["AscendersBane","Strike_R","Strike_R","Strike_R","Defend_R","Defend_R","Defend_R","Defend_R","Bash","Power Through","Second Wind","Thunderclap","Armaments+1","Evolve+1","Wild Strike","Shrug It Off","Dark Embrace","Disarm","Barricade+1","Body Slam+1","Impervious","Intimidate","Shockwave"],"relics":["Black Blood","Matryoshka","Art of War","Oddly Smooth Stone","Sundial"],"acts_visited":["Exordium","TheCity"],"potions_floor_usage":[],"damage_taken":[{"damage":1.0,"enemies":"Cultist","floor":1.0,"turns":4.0},{"damage":0.0,"enemies":"Small Slimes","floor":2.0,"turns":6.0},{"damage":7.0,"enemies":"Jaw Worm","floor":3.0,"turns":4.0},{"damage":25.0,"enemies":"Exordium Thugs","floor":4.0,"turns":5.0},{"damage":5.0,"enemies":"Large Slime","floor":5.0,"turns":9.0},{"damage":24.0,"enemies":"Gremlin Nob","floor":7.0,"turns":4.0},{"damage":15.0,"enemies":"3 Sentries","floor":10.0,"turns":7.0},{"damage":14.0,"enemies":"Gremlin Gang","floor":11.0,"turns":7.0},{"damage":12.0,"enemies":"Lots of Slimes","floor":12.0,"turns":5.0},{"damage":0.0,"enemies":"Looter","floor":13.0,"turns":3.0},{"damage":9.0,"enemies":"2 Fungi Beasts","floor":14.0,"turns":4.0},{"damage":0.0,"enemies":"Hexaghost","floor":16.0,"turns":8.0},{"damage":22.0,"enemies":"2 Thieves","floor":18.0,"turns":4.0},{"damage":21.0,"enemies":"3 Byrds","floor":21.0,"turns":8.0},{"damage":18.0,"enemies":"Snake Plant","floor":24.0,"turns":7.0},{"damage":43,"enemies":"Gremlin Leader","floor":25,"turns":9}],"seed_played":"8380016537954779554","potions_obtained":[{"floor":1.0,"key":"DuplicationPotion"},{"floor":3.0,"key":"SkillPotion"},{"floor":5.0,"key":"LiquidMemories"},{"floor":12.0,"key":"AttackPotion"},{"floor":13.0,"key":"Regen Potion"},{"floor":14.0,"key":"FearPotion"},{"floor":21.0,"key":"DuplicationPotion"}],"is_trial":false,"path_per_floor":["M","M","M","M","M","R","E","R","T","E","M","M","M","M","R","B",null,"M","?","?","M","$","R","M","E"],"character_chosen":"IRONCLAD","items_purchased":[],"campfire_rested":0,"item_purchase_floors":[],"current_hp_per_floor":[77,80,79,60,61,61,43,43,43,34,26,20,26,23,23,44,71,61,61,61,52,52,52,46,3,3],"gold":171,"neow_bonus":"THREE_CARDS","is_daily":false,"chose_seed":false,"campfire_upgraded":4,"win_rate":0.0,"timestamp":1608573697,"path_taken":["M","M","M","M","?","R","E","R","T","E","M","?","?","M","R","BOSS","M","?","?","?","$","R","M","E"],"items_purchased_type":[],"build_version":"2020-12-13","purchased_purges":1,"victory":false,"max_hp_per_floor":[80,80,80,80,80,80,80,80,80,80,80,80,80,80,80,80,80,80,80,80,80,80,80,80,80,80],"card_choices":[{"not_picked":["Sentinel","Thunderclap"],"picked":"Power Through","floor":0.0},{"not_picked":["Bloodletting","Hemokinesis"],"picked":"Second Wind","floor":1.0},{"not_picked":["Bloodletting","Warcry"],"picked":"Thunderclap","floor":2.0},{"not_picked":["Perfected Strike","True Grit"],"picked":"Armaments","floor":3.0},{"not_picked":["Cleave","Perfected Strike"],"picked":"Evolve","floor":4.0},{"not_picked":["Intimidate","Whirlwind"],"picked":"Wild Strike","floor":5.0},{"not_picked":["Twin Strike","Spot Weakness"],"picked":"Shrug It Off","floor":7.0},{"not_picked":["Wild Strike","Headbutt"],"picked":"Dark Embrace","floor":10.0},{"not_picked":["Headbutt","Flex"],"picked":"Disarm","floor":11.0},{"not_picked":["Seeing Red","Shrug It Off"],"picked":"Barricade","floor":12.0},{"not_picked":["Flex","Clash","Heavy Blade"],"picked":"SKIP","floor":13.0},{"not_picked":["Anger","Warcry"],"picked":"Body Slam","floor":14.0},{"not_picked":["Brutality","Immolate"],"picked":"Impervious","floor":16.0},{"not_picked":["Twin Strike","Cleave","Anger"],"picked":"SKIP","floor":18.0},{"not_picked":["Rage","Twin Strike"],"picked":"Intimidate","floor":21.0},{"not_picked":["Rage","Headbutt"],"picked":"Shockwave","floor":24.0}],"player_experience":324914,"relics_obtained":[{"floor":7.0,"key":"Matryoshka"},{"floor":9.0,"key":"Art of War"},{"floor":9.0,"key":"Oddly Smooth Stone"},{"floor":10.0,"key":"Sundial"}],"event_choices":[{"damage_healed":0.0,"max_hp_gain":0.0,"max_hp_loss":0.0,"gold_gain":0.0,"event_name":"Ghosts","player_choice":"Ignored","floor":19.0,"gold_loss":0.0,"damage_taken":0.0},{"cards_removed":["Strike_R"],"damage_healed":0.0,"max_hp_gain":0.0,"max_hp_loss":0.0,"gold_gain":0.0,"event_name":"Beggar","player_choice":"Gave Gold","floor":20.0,"gold_loss":75.0,"damage_taken":0.0}],"is_beta":false,"boss_relics":[{"not_picked":["Tiny House","Runic Pyramid"],"picked":"Black Blood"}],"items_purged_floors":[22],"is_endless":false,"potions_floor_spawned":[1,3,5,12,13,14,21],"killed_by":"Gremlin Leader","ascension_level":10}}