{"host":"fdq5pmhluajjrf8d","time":1608571300,"event":{"mods":["BaseMod","Minty Spire (QoL Compilation)"],"gold_per_floor":[115,125,200,217,227,227,247,247,247,263,278,278,243,156,156,156,156],"floor_reached":16,"playtime":547,"items_purged":[],"score":183,"play_id":"9ffbbb9c-88a5-426d-a47a-d2b60e3d1e6e","local_time":"20201221122140","is_ascension_mode":true,"campfire_choices":[{"data":"Capacitor","floor":6,"key":"SMITH"},{"floor":8,"key":"REST"},{"data":"Redo","floor":12,"key":"SMITH"},{"data":"Storm","floor":15,"key":"SMITH"}],"circlet_count":0,"master_deck":["AscendersBane","Strike_B","Strike_B","Strike_B","Strike_B","Defend_B","Defend_B","Defend_B","Defend_B","Zap","Dualcast","Capacitor+1","Self Repair","Consume","Darkness","Storm+1","Redo+1","Leap","Defragment"],"relics":["Cracked Core","Letter Opener"],"acts_visited":["Exordium"],"potions_floor_usage":[5,10,16],"damage_taken":[{"damage":4,"enemies":"Jaw Worm","floor":1,"turns":4},{"damage":2,"enemies":"2 Louse","floor":2,"turns":3},{"damage":12,"enemies":"Small Slimes","floor":4,"turns":3},{"damage":2,"enemies":"Exordium Thugs","floor":5,"turns":3},{"damage":23,"enemies":"3 Louse","floor":7,"turns":5},{"damage":24,"enemies":"2 Fungi Beasts","floor":10,"turns":4},{"damage":27,"enemies":"Large Slime","floor":11,"turns":7},{"damage":45,"enemies":"Slime Boss","floor":16,"turns":6}],"seed_played":"6079730550937104451","potions_obtained":[{"floor":1,"key":"Fire Potion"},{"floor":2,"key":"Ancient Potion"},{"floor":7,"key":"SteroidPotion"},{"floor":11,"key":"SteroidPotion"}],"is_trial":false,"path_per_floor":["M","M","?","M","M","R","M","R","T","M","M","R","?","$","R","B"],"character_chosen":"DEFECT","items_purchased":["Defragment"],"campfire_rested":1,"item_purchase_floors":[14],"current_hp_per_floor":[67,65,54,49,54,54,38,61,61,44,24,24,43,43,43,0,0],"gold":156,"neow_bonus":"TEN_PERCENT_HP_BONUS","is_daily":false,"chose_seed":false,"campfire_upgraded":3,"win_rate":0.0,"timestamp":1608571300,"path_taken":["M","M","?","M","M","R","M","R","T","M","M","R","?","$","R","BOSS"],"items_purchased_type":["Card"],"build_version":"2020-12-13","purchased_purges":0,"victory":false,"max_hp_per_floor":[78,78,78,78,78,78,78,78,78,78,78,78,78,78,78,78,78],"card_choices":[{"not_picked":["Reinforced Body","Leap"],"picked":"Capacitor","floor":1},{"not_picked":["Compile Driver","Steam"],"picked":"Self Repair","floor":2},{"not_picked":["Double Energy","Hologram"],"picked":"Consume","floor":4},{"not_picked":["Blizzard","Aggregate"],"picked":"Darkness","floor":5},{"not_picked":["Aggregate","Force Field"],"picked":"Storm","floor":7},{"not_picked":["Reinforced Body","Beam Cell"],"picked":"Redo","floor":10},{"not_picked":["Melter","Darkness"],"picked":"Leap","floor":11}],"player_experience":1886688,"relics_obtained":[{"floor":9,"key":"Letter Opener"}],"event_choices":[{"damage_healed":0,"gold_gain":75,"player_choice":"Gather Gold","damage_taken":11,"max_hp_gain":0,"max_hp_loss":0,"event_name":"World of Goop","floor":3,"gold_loss":0},{"damage_healed":19,"gold_gain":0,"player_choice":"Healed","damage_taken":0,"max_hp_gain":0,"max_hp_loss":0,"event_name":"The Cleric","floor":13,"gold_loss":35}],"is_beta":false,"boss_relics":[],"items_purged_floors":[],"is_endless":false,"potions_floor_spawned":[1,2,7,11],"killed_by":"Slime Boss","ascension_level":19}}