{"host":"odz7g4gpgch153rb","time":1608580332,"event":{"mods":["AchievementEnabler","BaseMod","Better Match","Better Third Choice","BetterRewards","GifTheSpireLib","Infinite Spire","Jedi Mod","Minty Spire (QoL Compilation)","Quick Restart","Replay The Spire","Spikes Relics","StSLib","Stuff the Spire","The Blue Laboratory","Trackpad"],"gold_per_floor":[117,117,321,246,264,372,372,492,515,529,529,665,665,22,22,96,96,113,38,38,38,53,53,157,157,180,300,300,175,187,205,205,282,282,292,44,44,54,74,198,198,214,239,257,103,123,239,284,284,284],"floor_reached":51,"playtime":3180,"items_purged":["Strike_B","Strike_B","Strike_B"],"score":1306,"play_id":"6354b0c2-f32c-4d7f-bd3c-e9a536b03c07","local_time":"20201221145212","is_ascension_mode":true,"campfire_choices":[{"data":"Streamline","floor":7.0,"key":"SMITH"},{"data":"Dualcast","floor":11.0,"key":"SMITH"},{"data":"Zap","floor":13.0,"key":"SMITH"},{"data":"jedi:hex","floor":15.0,"key":"SMITH"},{"data":"StuffTheSpire:Innocence","floor":23.0,"key":"SMITH"},{"data":"StuffTheSpire:ForEach","floor":25.0,"key":"SMITH"},{"data":"jedi:BurstFrost","floor":32.0,"key":"SMITH"},{"data":"Loop","floor":41.0,"key":"SMITH"},{"floor":49,"key":"REST"}],"circlet_count":0,"master_deck":["AscendersBane","Strike_B+2","Defend_B+1","Defend_B","Defend_B","Zap+1","Dualcast+1","jedi:hex+1","Streamline+1","Cold Snap","Blind","StuffTheSpire:ForEach+1","jedi:BurstFrost+1","StuffTheSpire:Innocence+1","StuffTheSpire:Plugnplay+1","Sweeping Beam+1","Melter+1","jedi:forcepull+1","Replay:Bootleg Shield Generator+1","Dark Shackles+1","jedi:sharpshooter+1","Ball Lightning","Ball Lightning","Cold Snap+1","ReplayTheSpireMod:Calculation Training+1","Loop+1","Static Discharge+1"],"relics":["Cracked Core","NeowsBlessing","StuffTheSpire:TintedRock","trackpad:ByrdBGone","DataDisk","StuffTheSpire:Barrel","Simple Rune","Lee\u0027s Waffle","RollingBoulder","trackpad:PetRock","StuffTheSpire:Wildfire","Ancient Tea Set","Bag of Marbles","trackpad:NeutrinoGenerator","Membership Card","Blue Doll","Replay:WaspNest","Gremlin Horn","Nunchaku","Gremlin Food","Replay:Rubber Ducky","infinitespire:CheckeredPen","trackpad:WindUpAutoDealer"],"acts_visited":["Exordium","TheCity","TheBeyond"],"potions_floor_usage":[50],"damage_taken":[{"damage":0.0,"enemies":"Cultist","floor":1.0,"turns":1.0},{"damage":0.0,"enemies":"2 Louse","floor":5.0,"turns":1.0},{"damage":0.0,"enemies":"Gremlin Nob","floor":6.0,"turns":1.0},{"damage":22.0,"enemies":"Replay:BlueRogue","floor":8.0,"turns":4.0},{"damage":4.0,"enemies":"Small Slimes","floor":10.0,"turns":3.0},{"damage":12.0,"enemies":"3 Sentries","floor":12.0,"turns":6.0},{"damage":22.0,"enemies":"Hexaghost","floor":16.0,"turns":7.0},{"damage":0.0,"enemies":"Shell Parasite","floor":18.0,"turns":2.0},{"damage":0.0,"enemies":"Spheric Guardian","floor":22.0,"turns":3.0},{"damage":12.0,"enemies":"Book of Stabbing","floor":24.0,"turns":5.0},{"damage":7.0,"enemies":"Replay:Snechameleon","floor":27.0,"turns":5.0},{"damage":0.0,"enemies":"Snake Plant","floor":30.0,"turns":2.0},{"damage":7.0,"enemies":"Snecko","floor":31.0,"turns":4.0},{"damage":24.0,"enemies":"Automaton","floor":33.0,"turns":9.0},{"damage":0.0,"enemies":"3 Shapes","floor":35.0,"turns":3.0},{"damage":0.0,"enemies":"Orb Walker","floor":38.0,"turns":3.0},{"damage":3.0,"enemies":"Sphere and 2 Shapes","floor":39.0,"turns":4.0},{"damage":20.0,"enemies":"Reptomancer","floor":40.0,"turns":8.0},{"damage":0.0,"enemies":"Jaw Worm Horde","floor":42.0,"turns":4.0},{"damage":0.0,"enemies":"Transient","floor":44.0,"turns":5.0},{"damage":0.0,"enemies":"Maw","floor":46.0,"turns":5.0},{"damage":0.0,"enemies":"Nemesis","floor":47.0,"turns":5.0},{"damage":12.0,"enemies":"2 Orb Walkers","floor":48.0,"turns":4.0},{"damage":12,"enemies":"Time Eater","floor":50,"turns":7}],"seed_played":"8058527400800977085","potions_obtained":[{"floor":5.0,"key":"FocusPotion"},{"floor":10.0,"key":"jedi:tentaclejuice"},{"floor":18.0,"key":"GamblersBrew"},{"floor":24.0,"key":"blueLaboratory:CoolantVial"},{"floor":31.0,"key":"AttackPotion"},{"floor":38.0,"key":"Weak Potion"},{"floor":40.0,"key":"PowerPotion"}],"is_trial":false,"path_per_floor":["M","T","?","$","M","E","R","E","T","M","R","E","R","$","R","B",null,"M","?","$","?","M","R","E","R","T","E","?","$","M","M","R","B",null,"M","$","?","M","M","E","R","M","T","M","$","M","E","?","R","B",null],"character_chosen":"DEFECT","items_purchased":["Lee\u0027s Waffle","RollingBoulder","trackpad:PetRock","Blind","Membership Card","Blue Doll","Cold Snap+1","Gremlin Food","Replay:Rubber Ducky"],"campfire_rested":1,"item_purchase_floors":[14,14,14,14,36,36,36,45,45],"current_hp_per_floor":[68,68,68,68,68,68,68,46,46,42,42,30,30,82,82,68,79,79,79,79,79,82,82,70,70,70,63,63,63,63,56,56,32,70,70,70,70,78,75,55,55,55,55,55,55,55,55,43,67,55],"gold":284,"neow_bonus":"THREE_ENEMY_KILL","is_daily":false,"chose_seed":false,"campfire_upgraded":8,"win_rate":0.0,"timestamp":1608580332,"path_taken":["M","?","?","?","M","E","R","E","T","M","R","E","R","$","R","BOSS","M","?","$","?","?","R","E","R","T","E","?","?","M","?","R","BOSS","M","$","?","?","M","E","R","M","T","M","$","M","E","?","R","BOSS"],"items_purchased_type":["Relic","Relic","Relic","Card","Relic","Relic","Card","Relic","Relic"],"build_version":"2020-12-13","purchased_purges":3,"victory":true,"max_hp_per_floor":[75,75,75,75,75,75,75,75,75,75,75,75,75,82,82,82,82,82,82,82,82,82,82,82,82,82,82,82,82,82,82,82,82,82,82,82,82,82,82,82,82,82,82,82,82,82,82,82,82,82],"card_choices":[{"not_picked":["Auto Shields","Go for the Eyes"],"picked":"jedi:hex","floor":1.0},{"not_picked":["jedi:BurstFrost","Storm"],"picked":"Streamline","floor":5.0},{"not_picked":["Barrage","Recycle","Streamline"],"picked":"SKIP","floor":6.0},{"not_picked":["Leap","jedi:meditation"],"picked":"Cold Snap","floor":8.0},{"not_picked":["Rebound","Sunder","StuffTheSpire:SnapShoot"],"picked":"SKIP","floor":10.0},{"not_picked":["Streamline","Genetic Algorithm","Force Field"],"picked":"SKIP","floor":12.0},{"not_picked":["Amplify","jedi:meditation"],"picked":"StuffTheSpire:ForEach","floor":16.0},{"not_picked":["StuffTheSpire:Plugnplay","Turbo"],"picked":"jedi:BurstFrost","floor":18.0},{"not_picked":["jedi:BurstFrost","ReplaySolidLightProjector"],"picked":"StuffTheSpire:Plugnplay+1","floor":22.0},{"not_picked":["StuffTheSpire:Purify","Capacitor"],"picked":"Sweeping Beam+1","floor":24.0},{"not_picked":["Go for the Eyes+1","Chaos"],"picked":"Melter+1","floor":27.0},{"not_picked":["StuffTheSpire:PlasmaPunch+1","StuffTheSpire:FreeRealEstate+1"],"picked":"jedi:forcepull+1","floor":28.0},{"not_picked":["ReplayTheSpireMod:Uncanny Aura+1","PanicButton+1"],"picked":"Replay:Bootleg Shield Generator+1","floor":28.0},{"not_picked":["Discovery+1","Blind+1"],"picked":"Dark Shackles+1","floor":28.0},{"not_picked":["jedi:BurstLightning","jedi:blockon+1"],"picked":"jedi:sharpshooter+1","floor":30.0},{"not_picked":["jedi:locknload","Redo"],"picked":"Ball Lightning","floor":31.0},{"not_picked":["StuffTheSpire:Plugnplay","BasicCrystalCard"],"picked":"Ball Lightning","floor":35.0},{"not_picked":["BasicCrystalCard","StuffTheSpire:CleanHardDrive","Beam Cell"],"picked":"SKIP","floor":38.0},{"not_picked":["Leap+1","Cold Snap+1"],"picked":"ReplayTheSpireMod:Calculation Training+1","floor":39.0},{"not_picked":["Gash+1","Turbo"],"picked":"Loop","floor":40.0},{"not_picked":["Go for the Eyes","Streamline+1"],"picked":"Static Discharge+1","floor":42.0},{"not_picked":["Blizzard+1","Leap","Hyperbeam"],"picked":"SKIP","floor":44.0},{"not_picked":["Conserve Battery","Auto Shields","Turbo"],"picked":"SKIP","floor":46.0},{"not_picked":["jedi:blockon","Panic Button","Reboot"],"picked":"SKIP","floor":47.0}],"player_experience":917164,"relics_obtained":[{"floor":2.0,"key":"StuffTheSpire:TintedRock"},{"floor":6.0,"key":"trackpad:ByrdBGone"},{"floor":8.0,"key":"DataDisk"},{"floor":9.0,"key":"StuffTheSpire:Barrel"},{"floor":12.0,"key":"Simple Rune"},{"floor":24.0,"key":"StuffTheSpire:Wildfire"},{"floor":26.0,"key":"Ancient Tea Set"},{"floor":27.0,"key":"Bag of Marbles"},{"floor":40.0,"key":"Gremlin Horn"},{"floor":43.0,"key":"Nunchaku"},{"floor":47.0,"key":"infinitespire:CheckeredPen"},{"floor":48.0,"key":"trackpad:WindUpAutoDealer"}],"event_choices":[{"cards_removed":["Defend_B"],"damage_healed":0.0,"max_hp_gain":0.0,"max_hp_loss":0.0,"gold_gain":0.0,"event_name":"Purifier","player_choice":"Purged","floor":21.0,"gold_loss":0.0,"damage_taken":0.0},{"damage_healed":0.0,"max_hp_gain":0.0,"max_hp_loss":0.0,"gold_gain":0.0,"event_name":"betterMatch:BetterMatch","player_choice":"3","floor":28.0,"gold_loss":0.0,"damage_taken":0.0,"cards_obtained":["betterMatch:ColorlessUncommonCard"]},{"damage_healed":0.0,"max_hp_gain":0.0,"max_hp_loss":0.0,"gold_gain":0.0,"event_name":"Mysterious Sphere","player_choice":"Fight","floor":48.0,"gold_loss":0.0,"damage_taken":0.0}],"is_beta":false,"boss_relics":[{"not_picked":["Abe\u0027s Treasure","Replay:Grab Bag","jedi:hotpepper"]},{"not_picked":["Nuclear Battery","jedi:battlestandard"],"picked":"trackpad:NeutrinoGenerator"}],"items_purged_floors":[4,14,29],"is_endless":false,"potions_floor_spawned":[5,10,18,24,27,31,38,40,44,48],"ascension_level":13}}