{"host":"erulnpr9qdnrfj6h","time":1608561058,"event":{"mods":["AchievementEnabler","BaseMod","Colored Map","Minty Spire (QoL Compilation)","Rare Cards Sparkle","SuperFastMode"],"gold_per_floor":[114,125,125,89,104,138,138,169,169,21,21,21],"floor_reached":11,"playtime":521,"items_purged":[],"score":126,"play_id":"f97bfc91-9d31-4818-aeff-3814ffd96c07","local_time":"20201221233058","is_ascension_mode":true,"campfire_choices":[{"data":"Infinite Blades","floor":7,"key":"SMITH"}],"circlet_count":0,"master_deck":["AscendersBane","Strike_G","Strike_G","Strike_G","Strike_G","Defend_G","Defend_G","Defend_G","Defend_G","Defend_G","Survivor","Neutralize","Dagger Throw","Backflip","Infinite Blades+1","Burst","Infinite Blades","PiercingWail"],"relics":["Philosopher\u0027s Stone","Pear","Ornamental Fan","Singing Bowl","ClockworkSouvenir"],"acts_visited":["Exordium"],"potions_floor_usage":[6],"damage_taken":[{"damage":4.0,"enemies":"Cultist","floor":1.0,"turns":6.0},{"damage":3.0,"enemies":"Jaw Worm","floor":2.0,"turns":4.0},{"damage":0,"enemies":"2 Louse","floor":5,"turns":3},{"damage":10,"enemies":"3 Sentries","floor":6,"turns":10},{"damage":35,"enemies":"Gremlin Nob","floor":8,"turns":5},{"damage":12,"enemies":"3 Sentries","floor":11,"turns":4}],"seed_played":"3416620864021378377","potions_obtained":[{"floor":5,"key":"Block Potion"},{"floor":8,"key":"Fire Potion"}],"is_trial":false,"path_per_floor":["M","M","?","$","M","E","R","E","T","$","E"],"character_chosen":"THE_SILENT","items_purchased":["Infinite Blades","ClockworkSouvenir"],"campfire_rested":0,"item_purchase_floors":[4,10],"current_hp_per_floor":[59,56,49,49,49,49,49,14,14,14,2,2],"gold":21,"neow_bonus":"BOSS_RELIC","is_daily":false,"chose_seed":false,"campfire_upgraded":1,"win_rate":0.0,"timestamp":1608561058,"path_taken":["M","M","?","?","?","E","R","E","T","$","E"],"items_purchased_type":["Card","Relic"],"build_version":"2020-12-13","purchased_purges":0,"victory":false,"max_hp_per_floor":[70,70,70,70,70,80,80,80,80,80,80,80],"card_choices":[{"not_picked":["Sucker Punch","Bane"],"picked":"Dagger Throw","floor":1.0},{"not_picked":["Catalyst","Escape Plan"],"picked":"Backflip","floor":2.0},{"not_picked":["All Out Attack","Cloak And Dagger"],"picked":"Burst","floor":5},{"not_picked":["Endless Agony","Eviscerate"],"picked":"Infinite Blades","floor":6},{"not_picked":["Quick Slash","Backflip"],"picked":"PiercingWail","floor":8}],"player_experience":186191,"relics_obtained":[{"floor":6,"key":"Pear"},{"floor":8,"key":"Ornamental Fan"},{"floor":9,"key":"Singing Bowl"}],"event_choices":[{"cards_removed":["Strike_G"],"damage_healed":0.0,"max_hp_gain":0.0,"max_hp_loss":0.0,"gold_gain":0.0,"event_name":"Golden Wing","player_choice":"Card Removal","floor":3.0,"gold_loss":0.0,"damage_taken":7.0}],"is_beta":false,"boss_relics":[],"items_purged_floors":[],"is_endless":false,"potions_floor_spawned":[5,8],"killed_by":"3 Sentries","ascension_level":11}}