{"host":"swfi5d1pbdyvl8hq","time":1608560686,"event":{"mods":["ATMod(°¢èªMod)","Act Like it!","BaseMod","Minty Spire (QoL Compilation)","MostiFishMod","StSLib","The Cursed","The Jungle"],"gold_per_floor":[113,113,113,43,57,86,86,86,86,105,169,204,48,78,78,179,179,192,192,212,17,17,46,46,79,150,181,197,215,233,233,233,330,330,349,369,197,209,209,209,237,237,289,619,619,653,708,708,708,708,708,708,49,80,80],"floor_reached":56,"playtime":1708,"items_purged":["TheCursedMod:Strike_TheCursed","TheCursedMod:Defend_TheCursed","TheCursedMod:Defend_TheCursed","TheCursedMod:Strike_TheCursed"],"score":2050,"play_id":"a9f74714-83b4-4a85-a137-4d72812e5738","local_time":"20201221222446","is_ascension_mode":true,"campfire_choices":[{"floor":7,"key":"RECALL"},{"data":"TheCursedMod:CleanUpWorkshop","floor":15,"key":"SMITH"},{"data":"TheCursedMod:NeowsMight","floor":24,"key":"SMITH"},{"data":"TheCursedMod:CollectTribute","floor":32,"key":"SMITH"},{"data":"AT_PowerWithin","floor":40,"key":"SMITH"},{"data":"TheCursedMod:ShockAndAwe","floor":49,"key":"SMITH"},{"data":"TheCursedMod:CursedSpellbook","floor":52,"key":"SMITH"}],"circlet_count":0,"master_deck":["TheCursedMod:Strike_TheCursed","TheCursedMod:Defend_TheCursed","TheCursedMod:Defend_TheCursed","TheCursedMod:CursedWand","TheCursedMod:CleanUpWorkshop+1","AT_ChampionKick+1","Bandage Up","TheCursedMod:DemonSword","TheCursedMod:SpreadPlague","TheCursedMod:RapidMovement","TheCursedMod:ReleasedStrength","Enlightenment","TheCursedMod:NeowsMight+1","TheCursedMod:CursedBlade","TheCursedMod:CursedSpellbook+1","TheCursedMod:SurpriseAttack+1","TheCursedMod:AshesToAshes+1","AT_PowerWithin+1","TheCursedMod:ShockAndAwe+1","Dramatic Entrance","MostiFishMod:FantasySummer"],"relics":["TheCursedMod:BlackMagic101","DaveBox","AT_ATBox","ShadowXiaoBlade","Question Card","AT_EbonyIvory","TheCursedMod:MagicCandle","SentryEyes","TheCursedMod:SoulVessel","Juzu Bracelet","ImportantClient","ChiXiaoBlade","SynthV","TungstenRod","TheCursedMod:DemonicMark","DaCapo","Letter Opener","Bird Faced Urn","PatriotShield","Ginger","Prayer Wheel","Ancient Tea Set","Old Coin","Vajra","AT_Manta","Mercury Hourglass","Kunai","TheCursedMod:Tack","AT_SilverBalance"],"acts_visited":["Exordium","Exordium","TheBeyond","TheEnding"],"potions_floor_usage":[55,55,55],"damage_taken":[{"damage":4,"enemies":"Small Slimes","floor":1,"turns":2},{"damage":0,"enemies":"Cultist","floor":5,"turns":2},{"damage":3,"enemies":"Lagavulin","floor":6,"turns":3},{"damage":0,"enemies":"2 Louse","floor":10,"turns":2},{"damage":20,"enemies":"Lagavulin Event","floor":11,"turns":3},{"damage":6,"enemies":"Gremlin Nob","floor":12,"turns":3},{"damage":0,"enemies":"3 Sentries","floor":14,"turns":2},{"damage":12,"enemies":"The Guardian","floor":16,"turns":4},{"damage":6,"enemies":"theJungle:GiantWrat","floor":18,"turns":3},{"damage":2,"enemies":"theJungle:5_Spyders","floor":20,"turns":3},{"damage":9,"enemies":"theJungle:2_Phrogs","floor":23,"turns":2},{"damage":0,"enemies":"theJungle:Cassacara","floor":25,"turns":1},{"damage":0,"enemies":"theJungle:MamaSnecko","floor":27,"turns":2},{"damage":0,"enemies":"theJungle:2_Snecko_Cultists","floor":28,"turns":2},{"damage":5,"enemies":"theJungle:SlimyTreeVines","floor":29,"turns":2},{"damage":0,"enemies":"theJungle:JungleHuntersEncounter","floor":30,"turns":2},{"damage":0,"enemies":"theJungle:QueenSpyder","floor":33,"turns":2},{"damage":0,"enemies":"3 Darklings","floor":35,"turns":1},{"damage":0,"enemies":"Orb Walker","floor":36,"turns":1},{"damage":0,"enemies":"Writhing Mass","floor":38,"turns":2},{"damage":0,"enemies":"Reptomancer","floor":41,"turns":1},{"damage":0,"enemies":"Nemesis","floor":44,"turns":1},{"damage":0,"enemies":"Reptomancer","floor":46,"turns":1},{"damage":0,"enemies":"2 Orb Walkers","floor":47,"turns":1},{"damage":2,"enemies":"Awakened One","floor":50,"turns":2},{"damage":0,"enemies":"Shield and Spear","floor":54,"turns":1},{"damage":27,"enemies":"The Heart","floor":55,"turns":1}],"seed_played":"6998282896089420271","potions_obtained":[{"floor":5,"key":"SkillPotion"},{"floor":11,"key":"Weak Potion"},{"floor":14,"key":"DistilledChaos"},{"floor":16,"key":"AttackPotion"},{"floor":25,"key":"Strength Potion"}],"is_trial":false,"path_per_floor":["M","?","?","$","M","E","R","?","T","M","?","E","$","E","R","B",null,"M","?","M","$","T","E","R","E","T","E","M","M","M","?","R","B",null,"M","M","$","M","?","R","E","T","T","E","?","E","?","T","R","B",null,"R","$","E","B",null],"character_chosen":"THE_CURSED","items_purchased":["TheCursedMod:SpreadPlague","Enlightenment","SynthV","AT_PowerWithin","MostiFishMod:FantasySummer","PowerPotion","SkillPotion","Kunai","TheCursedMod:Tack"],"campfire_rested":0,"item_purchase_floors":[4,13,21,37,53,53,53,53,53],"current_hp_per_floor":[71,71,71,71,71,72,72,65,65,65,49,47,47,48,48,42,75,71,71,74,74,74,68,68,68,68,69,75,70,74,74,74,75,75,75,75,75,75,75,75,75,75,75,75,75,75,75,75,75,75,75,75,75,75,18],"gold":80,"neow_bonus":"UPGRADE_CARD","is_daily":false,"chose_seed":false,"campfire_upgraded":6,"win_rate":0.0,"timestamp":1608560686,"path_taken":["M","?","?","$","?","E","R","?","T","M","?","E","$","E","R","BOSS","M","?","M","$","?","E","R","E","T","E","M","M","M","?","R","BOSS","M","M","$","M","?","R","E","?","T","E","?","E","?","?","R","BOSS","R","$","E","BOSS"],"items_purchased_type":["Card","Card","Relic","Card","Card","Potion","Potion","Relic","Relic"],"build_version":"2020-12-13","purchased_purges":4,"victory":true,"max_hp_per_floor":[75,75,75,75,75,75,75,75,75,75,75,75,75,75,75,75,75,75,75,75,75,75,75,75,75,75,75,75,75,75,75,75,75,75,75,75,75,75,75,75,75,75,75,75,75,75,75,75,75,75,75,75,75,75,75],"card_choices":[{"not_picked":["TheCursedMod:FleshFromBone","TheCursedMod:CursedShiv","TheCursedMod:RapidMovement"],"picked":"SKIP","floor":1},{"not_picked":["TheCursedMod:VitalStrike","TheCursedMod:PrepareRite","TheCursedMod:Stretching","TheCursedMod:WearCloak"],"picked":"SKIP","floor":5},{"not_picked":["TheCursedMod:VitalStrike","TheCursedMod:ManaCirculation","TheCursedMod:Wield","TheCursedMod:Grudge"],"picked":"SKIP","floor":6},{"not_picked":["TheCursedMod:TacticalStrike","TheCursedMod:SpitefulPlan","TheCursedMod:Wield","TheCursedMod:CircleOfCorruption"],"picked":"SKIP","floor":10},{"not_picked":["TheCursedMod:FleshFromBone","TheCursedMod:CircleOfFlame","TheCursedMod:Torture"],"picked":"TheCursedMod:RapidMovement","floor":11},{"not_picked":["TheCursedMod:BlessingInDisguise","TheCursedMod:FuryStrike","TheCursedMod:Wield"],"picked":"TheCursedMod:ReleasedStrength","floor":12},{"not_picked":["TheCursedMod:DemonSword","TheCursedMod:ManaBullet","TheCursedMod:VitalStrike","TheCursedMod:CursedAmulet"],"picked":"SKIP","floor":14},{"not_picked":["TheCursedMod:UltimatePain","TheCursedMod:CursedRelics","TheCursedMod:ManaCirculation"],"picked":"TheCursedMod:NeowsMight","floor":16},{"not_picked":["TheCursedMod:CircleOfWindfury","TheCursedMod:FuryStrike","TheCursedMod:SmokeScreen","TheCursedMod:CircleOfCorruption"],"picked":"SKIP","floor":18},{"not_picked":["TheCursedMod:RapidMovement","TheCursedMod:VitalStrike","TheCursedMod:SpitefulStrike"],"picked":"TheCursedMod:CursedBlade","floor":20},{"not_picked":["TheCursedMod:SaltUponWound","TheCursedMod:Mangle","TheCursedMod:Stigma"],"picked":"TheCursedMod:CollectTribute","floor":23},{"not_picked":["TheCursedMod:Mangle","TheCursedMod:VitalStrike","TheCursedMod:CircleOfCorruption","TheCursedMod:CursedAmulet+1"],"picked":"SKIP","floor":25},{"not_picked":["TheCursedMod:ManaBullet","TheCursedMod:CursedShiv","TheCursedMod:ReleasedKnowledge"],"picked":"TheCursedMod:CursedSpellbook","floor":27},{"not_picked":["TheCursedMod:FleshFromBone","TheCursedMod:CircleOfFocus","TheCursedMod:CursedAmulet"],"picked":"TheCursedMod:SurpriseAttack+1","floor":28},{"not_picked":["TheCursedMod:Torture","TheCursedMod:FleshFromBone","TheCursedMod:Wield+1","TheCursedMod:WearCloak"],"picked":"SKIP","floor":29},{"not_picked":["TheCursedMod:CursedMace","TheCursedMod:WearCloak+1","TheCursedMod:Torture"],"picked":"TheCursedMod:AshesToAshes+1","floor":30},{"not_picked":["TheCursedMod:Stigma","TheCursedMod:Grudge","TheCursedMod:HellsGateOpen","TheCursedMod:CircleOfCorruption"],"picked":"SKIP","floor":35},{"not_picked":["TheCursedMod:Stigma+1","TheCursedMod:CircleOfAmplification+1","TheCursedMod:HellfireBreathing","TheCursedMod:AbyssShockwave"],"picked":"SKIP","floor":36},{"not_picked":["TheCursedMod:SoulCrush+1","TheCursedMod:Hemoplague","TheCursedMod:DoubleShield","TheCursedMod:HellfireBreathing"],"picked":"SKIP","floor":38},{"not_picked":["TheCursedMod:SpitefulStrike","TheCursedMod:CircleOfFlame","TheCursedMod:Torture+1","TheCursedMod:CircleOfAmplification+1"],"picked":"SKIP","floor":41},{"not_picked":["TheCursedMod:CursedArmor","TheCursedMod:FleshFromBone","TheCursedMod:CursedShiv+1"],"picked":"TheCursedMod:ShockAndAwe","floor":44},{"not_picked":["Good Instincts","MostiFishMod:SupremeArchaeology","Deep Breath"],"picked":"Dramatic Entrance","floor":45},{"not_picked":["TheCursedMod:WearCloak","TheCursedMod:ParallelWorld","TheCursedMod:SoulCrush","TheCursedMod:PrepareRite"],"picked":"SKIP","floor":46},{"not_picked":["TheCursedMod:Wield+1","TheCursedMod:VitalStrike","TheCursedMod:WearCloak+1","TheCursedMod:Stigma"],"picked":"SKIP","floor":54}],"player_experience":562471,"relics_obtained":[{"floor":1,"key":"Question Card"},{"floor":6,"key":"TheCursedMod:MagicCandle"},{"floor":11,"key":"SentryEyes"},{"floor":12,"key":"TheCursedMod:SoulVessel"},{"floor":14,"key":"Juzu Bracelet"},{"floor":16,"key":"ImportantClient"},{"floor":22,"key":"TungstenRod"},{"floor":23,"key":"TheCursedMod:DemonicMark"},{"floor":25,"key":"DaCapo"},{"floor":26,"key":"Letter Opener"},{"floor":27,"key":"Bird Faced Urn"},{"floor":41,"key":"Ginger"},{"floor":42,"key":"Prayer Wheel"},{"floor":43,"key":"Ancient Tea Set"},{"floor":44,"key":"Old Coin"},{"floor":46,"key":"Vajra"},{"floor":47,"key":"AT_Manta"},{"floor":48,"key":"Mercury Hourglass"},{"floor":54,"key":"AT_SilverBalance"}],"event_choices":[{"damage_healed":0,"gold_gain":0,"player_choice":"Box","damage_taken":0,"relics_obtained":["AT_EbonyIvory"],"max_hp_gain":0,"max_hp_loss":0,"event_name":"Big Fish","floor":2,"gold_loss":0,"cards_obtained":["Regret"]},{"damage_healed":0,"gold_gain":0,"player_choice":"2 cards matched","damage_taken":0,"max_hp_gain":0,"max_hp_loss":0,"event_name":"Match and Keep!","floor":3,"gold_loss":0,"cards_obtained":["Bandage Up","TheCursedMod:DemonSword"]},{"cards_removed":["TheCursedMod:Strike_TheCursed"],"damage_healed":0,"gold_gain":0,"player_choice":"Card Removal","damage_taken":7,"max_hp_gain":0,"max_hp_loss":0,"event_name":"Golden Wing","floor":8,"gold_loss":0},{"damage_healed":0,"gold_gain":0,"player_choice":"Searched \u00272\u0027 times","damage_taken":0,"max_hp_gain":0,"max_hp_loss":0,"event_name":"Dead Adventurer","floor":11,"gold_loss":0},{"cards_removed":["Regret","TheCursedMod:Dregs"],"damage_healed":0,"gold_gain":0,"player_choice":"Removed Curses","damage_taken":0,"max_hp_gain":0,"max_hp_loss":0,"event_name":"Fountain of Cleansing","floor":19,"gold_loss":0},{"damage_healed":0,"gold_gain":0,"player_choice":"Bought 0 Potions","damage_taken":0,"max_hp_gain":0,"max_hp_loss":0,"event_name":"The Woman in Blue","floor":31,"gold_loss":0},{"cards_removed":["TheCursedMod:CollectTribute"],"damage_healed":0,"gold_gain":0,"player_choice":"Removed Power","damage_taken":0,"max_hp_gain":0,"max_hp_loss":0,"event_name":"Falling","floor":39,"gold_loss":0},{"damage_healed":0,"gold_gain":0,"player_choice":"Memory 1","damage_taken":0,"max_hp_gain":0,"max_hp_loss":0,"event_name":"SensoryStone","floor":45,"gold_loss":0},{"damage_healed":0,"gold_gain":0,"player_choice":"Fight","damage_taken":0,"max_hp_gain":0,"max_hp_loss":0,"event_name":"Mysterious Sphere","floor":47,"gold_loss":0}],"is_beta":false,"boss_relics":[{"not_picked":["GreenFoldingFan","FixedStarFall"],"picked":"ChiXiaoBlade"},{"not_picked":["HaiYi:Twilight","SynthV:MejaisSoulstealer"],"picked":"PatriotShield"}],"items_purged_floors":[13,21,37,53],"is_endless":false,"potions_floor_spawned":[5,11,14,16,23,25,28,36,38,47],"ascension_level":2}}