{"host":"n3vqtvx9hbigdfc4","time":1608530022,"event":{"mods":["AchievementEnabler","BaseMod","Better Third Choice","Block Reminder","Colored Map","Colored Powertips","Downfall","Minty Spire (QoL Compilation)","Permanent Neow","Rare Cards Sparkle","Relic Stats","Replay The Spire","Shop Mod","StSLib"],"gold_per_floor":[99,109,142,152,152,165,165,177,207,254,282,313,341,369,398,506,518,455,498,510,532,570,582,618,730,757,797,819,224,238,326,346,449,449,374,31,45,78,78,92,92,106,31,61,61,161,14,25,41,41,41,73,38,38,38],"floor_reached":56,"playtime":5435,"items_purged":["Slimebound:Defend_Slimebound","Slimebound:Defend_Slimebound"],"score":1358,"play_id":"73594f95-b013-4e8b-ac61-667f14a2e677","local_time":"20201220235342","is_ascension_mode":false,"campfire_choices":[{"data":"Slimebound:MassFeed","floor":1.0,"key":"SMITH"},{"data":"Slimebound:Gluttony","floor":5.0,"key":"SMITH"},{"data":"Slimebound:Split","floor":8.0,"key":"SMITH"},{"data":"Slimebound:DuplicatedForm","floor":18.0,"key":"SMITH"},{"floor":23.0,"key":"RECALL"},{"data":"Slimebound:PrepareCrush","floor":35.0,"key":"SMITH"},{"data":"Slimebound:OozeBath","floor":39,"key":"SMITH"},{"data":"Secret Technique","floor":43,"key":"SMITH"},{"data":"Slimebound:LevelUp","floor":54,"key":"SMITH"}],"circlet_count":0,"master_deck":["Slimebound:Strike_Slimebound","Slimebound:Strike_Slimebound","Slimebound:Tackle","Slimebound:Defend_Slimebound","Slimebound:Defend_Slimebound","Slimebound:Split+1","Slimebound:CorrosiveSpit","Slimebound:MassFeed+1","Slimebound:SplitAcid","Slimebound:PressTheAttack+1","Slimebound:Gluttony+1","Slimebound:RollThrough+1","Slimebound:ComboTackle+1","Slimebound:SlimeSlap+1","Slimebound:MegaLick","Slimebound:Prepare","Slimebound:FinishingTackle+1","Slimebound:DisruptingSlam+1","Slimebound:SplitLeeching","Slimebound:DuplicatedForm+1","Slimebound:ViciousTackle+1","Slimebound:Nibble+1","Slimebound:ItLooksTasty+1","Slimebound:LeechEnergy+1","Slimebound:FirmFortitude+1","Slimebound:SplitMire+1","Slimebound:FinishingTackle+1","Slimebound:FinishingTackle+1","Slimebound:Replication","Slimebound:Replication","Slimebound:BestDefense+1","Slimebound:GoopSpray","Slimebound:SamplingLick","Slimebound:HauntingLick","Slimebound:PrepareCrush+1","Slimebound:OozeBath+1","Slimebound:Chomp+1","Secret Technique+1","Slimebound:Schlurp+1","Slimebound:ViciousTackle+1","Slimebound:Gluttony","Slimebound:LeechEnergy+1","Slimebound:FormOfPuddle+1","Slimebound:Darklings","Slimebound:OneTwoCombo+1","Slimebound:FlameTackle+1","Slimebound:SamplingLick","Sickly","Slimebound:Split","expansioncontent:AwakenDeath","Slimebound:ViciousTackle+1","Slimebound:LeadByExample+1","Slimebound:Dissolve+1","Slimebound:GoopTackle+1","Slimebound:LevelUp+1"],"relics":["Slimebound:AbsorbEndCombat","Molten Egg 2","MawBank","Bottled Flame","Coffee Dripper","downfall:HeartBlessingGreen","Centennial Puzzle","Ice Cream","Bag of Marbles","Toy Ornithopter","ReplayTheSpireMod:Ninjato","Thread and Needle","Bronze Scales","Painkiller Herb","downfall:HeartBlessingRed","Lantern","HandDrill","Juzu Bracelet","downfall:HeartBlessingBlue","Du-Vu Doll","downfall:GremlinSack","Anchor","Letter Opener"],"acts_visited":["Exordium","TheCity","TheBeyond","TheEnding"],"potions_floor_usage":[48,50],"damage_taken":[{"damage":7.0,"enemies":"Cultist","floor":2.0,"turns":4.0},{"damage":60.0,"enemies":"Lagavulin","floor":3.0,"turns":7.0},{"damage":9.0,"enemies":"Jaw Worm","floor":4.0,"turns":3.0},{"damage":4.0,"enemies":"2 Louse","floor":6.0,"turns":3.0},{"damage":13.0,"enemies":"2 Fungi Beasts","floor":9.0,"turns":2.0},{"damage":31.0,"enemies":"3 Sentries","floor":10.0,"turns":5.0},{"damage":11.0,"enemies":"Red Slaver","floor":11.0,"turns":3.0},{"damage":7.0,"enemies":"Exordium Thugs","floor":12.0,"turns":3.0},{"damage":9.0,"enemies":"3 Louse","floor":13.0,"turns":2.0},{"damage":12.0,"enemies":"Exordium Wildlife","floor":14.0,"turns":3.0},{"damage":4.0,"enemies":"2 Fungi Beasts","floor":15.0,"turns":3.0},{"damage":63.0,"enemies":"downfall:Defect","floor":16.0,"turns":7.0},{"damage":39.0,"enemies":"Replay:Snechameleon","floor":19.0,"turns":4.0},{"damage":21.0,"enemies":"Chosen","floor":21.0,"turns":3.0},{"damage":45.0,"enemies":"Gremlin Leader","floor":22.0,"turns":5.0},{"damage":13.0,"enemies":"downfall:LadyInBlue","floor":25.0,"turns":4.0},{"damage":24.0,"enemies":"Spheric Guardian","floor":26.0,"turns":4.0},{"damage":20.0,"enemies":"Book of Stabbing","floor":27.0,"turns":3.0},{"damage":24.0,"enemies":"Centurion and Healer","floor":28.0,"turns":3.0},{"damage":22.0,"enemies":"downfall:FleeingMerchant","floor":29.0,"turns":4.0},{"damage":0.0,"enemies":"3 Cultists","floor":30.0,"turns":3.0},{"damage":4.0,"enemies":"Snake Plant","floor":32.0,"turns":3.0},{"damage":42.0,"enemies":"downfall:Ironclad","floor":33.0,"turns":5.0},{"damage":4.0,"enemies":"downfall:FleeingMerchant","floor":36.0,"turns":4.0},{"damage":6,"enemies":"Orb Walker","floor":37,"turns":2},{"damage":67,"enemies":"Nemesis","floor":38,"turns":5},{"damage":11,"enemies":"3 Shapes","floor":40,"turns":2},{"damage":18,"enemies":"Writhing Mass","floor":42,"turns":3},{"damage":48,"enemies":"Reptomancer","floor":44,"turns":4},{"damage":20,"enemies":"Reptomancer","floor":46,"turns":2},{"damage":16,"enemies":"Transient","floor":48,"turns":5},{"damage":3,"enemies":"4 Shapes","floor":49,"turns":3},{"damage":34,"enemies":"downfall:Silent","floor":50,"turns":4},{"damage":40,"enemies":"downfall:CharBossMerchant","floor":52,"turns":6},{"damage":108,"enemies":"downfall:NeowBoss","floor":55,"turns":15}],"seed_played":"-3091440225409519795","potions_obtained":[{"floor":3.0,"key":"Slimebound:ThreeZeroPotion"},{"floor":4.0,"key":"GamblersBrew"},{"floor":11.0,"key":"CultistPotion"},{"floor":15.0,"key":"SteroidPotion"},{"floor":16.0,"key":"LiquidMemories"},{"floor":19.0,"key":"SkillPotion"},{"floor":25.0,"key":"Death Potion"},{"floor":25.0,"key":"Toxic Potion"},{"floor":26.0,"key":"ColorlessPotion"},{"floor":28.0,"key":"champ:CounterPotion"},{"floor":30.0,"key":"PowerPotion"},{"floor":32.0,"key":"Guardian:BlockOnCardUsePotion"},{"floor":33.0,"key":"Elixir"},{"floor":44,"key":"SteroidPotion"},{"floor":49,"key":"Milkshake"}],"is_trial":false,"path_per_floor":["R","M","E","M","R","M","T","R","M","E","M","M","M","M","M","B",null,"R","E","?","M","E","R","T","?","M","E","M","$","M","?","M","B",null,"T","T","?","E","T","?","T","?","T","E","?","?","T","?","?","B",null,"E","T","T","B",null],"character_chosen":"SLIMEBOUND","items_purchased":["Thread and Needle","Bronze Scales","Slimebound:Replication","Lantern","HandDrill","Slimebound:Chomp+1","Secret Technique","Anchor","Slimebound:LevelUp"],"campfire_rested":0,"item_purchase_floors":[29,29,29,36,36,36,36,47,53],"current_hp_per_floor":[60,62,22,29,29,37,37,37,42,43,48,65,68,76,92,85,104,104,91,70,84,94,94,94,109,105,109,109,102,109,82,98,109,109,109,109,109,74,74,83,83,104,114,89,89,109,109,119,119,119,119,119,119,119,109],"gold":38,"neow_bonus":"TRANSFORM_CARD","is_daily":false,"chose_seed":false,"campfire_upgraded":8,"win_rate":0.0,"timestamp":1608530022,"path_taken":["R","M","E","M","R","?","T","R","M","E","M","M","M","M","M","BOSS","R","E","?","M","E","R","T","?","M","E","M","$","?","?","M","BOSS","T","T","?","E","T","?","T","?","T","E","?","?","T","?","?","BOSS","E","T","T","BOSS"],"items_purchased_type":["Relic","Relic","Card","Relic","Relic","Card","Card","Relic","Card"],"build_version":"2020-12-13","purchased_purges":2,"victory":true,"max_hp_per_floor":[60,64,68,68,68,68,68,68,68,72,76,80,92,100,104,104,104,104,104,109,109,109,109,109,109,109,109,109,109,109,109,109,109,109,109,109,109,109,109,109,109,109,119,119,119,119,119,119,119,119,119,119,119,119,119],"relic_stats":{"Centennial Puzzle":[63],"counters":[35,139],"Bronze Scales":[139],"HandDrill":[36],"Juzu Bracelet":0,"Letter Opener":[85],"MawBank":264,"obtain_stats":[{"Ice Cream":22,"Lantern":36,"ReplayTheSpireMod:Ninjato":27,"downfall:HeartBlessingRed":35,"downfall:HeartBlessingGreen":18,"Thread and Needle":29,"Painkiller Herb":34,"Juzu Bracelet":38,"Letter Opener":52,"MawBank":7,"Du-Vu Doll":44,"Bottled Flame":10,"Centennial Puzzle":19,"Anchor":47,"downfall:GremlinSack":46,"downfall:HeartBlessingBlue":43,"Bronze Scales":29,"Molten Egg 2":3,"Slimebound:AbsorbEndCombat":0,"Coffee Dripper":17,"Bag of Marbles":24,"HandDrill":36,"Toy Ornithopter":25},{"Ice Cream":15,"Lantern":24,"ReplayTheSpireMod:Ninjato":18,"downfall:HeartBlessingRed":23,"downfall:HeartBlessingGreen":12,"Thread and Needle":20,"Painkiller Herb":23,"Juzu Bracelet":26,"Letter Opener":34,"MawBank":4,"Du-Vu Doll":29,"Bottled Flame":6,"Centennial Puzzle":13,"Anchor":30,"downfall:GremlinSack":30,"downfall:HeartBlessingBlue":28,"Bronze Scales":20,"Molten Egg 2":2,"Slimebound:AbsorbEndCombat":0,"Coffee Dripper":12,"Bag of Marbles":15,"HandDrill":24,"Toy Ornithopter":16},{"Ice Cream":55,"Lantern":88,"ReplayTheSpireMod:Ninjato":66,"downfall:HeartBlessingRed":84,"downfall:HeartBlessingGreen":43,"Thread and Needle":73,"Painkiller Herb":84,"Juzu Bracelet":95,"Letter Opener":124,"MawBank":16,"Du-Vu Doll":104,"Bottled Flame":22,"Centennial Puzzle":47,"Anchor":106,"downfall:GremlinSack":106,"downfall:HeartBlessingBlue":100,"Bronze Scales":73,"Molten Egg 2":11,"Slimebound:AbsorbEndCombat":0,"Coffee Dripper":43,"Bag of Marbles":55,"HandDrill":88,"Toy Ornithopter":59}],"Toy Ornithopter":19},"card_choices":[{"not_picked":["Slimebound:SlimeSpikes","Slimebound:SpikyOuterGoop"],"picked":"Slimebound:SplitAcid","floor":2.0},{"not_picked":["Slimebound:LeechEnergy+1","Slimebound:RollThrough+1"],"picked":"Slimebound:PressTheAttack+1","floor":3.0},{"not_picked":["Slimebound:SplitAcid","Slimebound:LevelUp"],"picked":"Slimebound:Gluttony","floor":4.0},{"not_picked":["Slimebound:PressTheAttack+1","Slimebound:FlameTackle+1"],"picked":"Slimebound:RollThrough+1","floor":6.0},{"not_picked":["Slimebound:PressTheAttack+1","Slimebound:TongueLash+1"],"picked":"Slimebound:ComboTackle+1","floor":9.0},{"not_picked":["Slimebound:LeechEnergy+1","Slimebound:Schlurp"],"picked":"Slimebound:SlimeSlap+1","floor":10.0},{"not_picked":["Slimebound:ComboTackle+1","Slimebound:Gluttony"],"picked":"Slimebound:MegaLick","floor":11.0},{"not_picked":["Slimebound:SlimeSpikes","Slimebound:SlimeTap"],"picked":"Slimebound:Prepare","floor":12.0},{"not_picked":["Slimebound:SplitAcid","Slimebound:LeechEnergy+1"],"picked":"Slimebound:FinishingTackle+1","floor":13.0},{"not_picked":["Slimebound:SplitBruiser","Slimebound:Prepare"],"picked":"Slimebound:DisruptingSlam+1","floor":14.0},{"not_picked":["Slimebound:ProtectTheBoss","Slimebound:GoopSpray"],"picked":"Slimebound:SplitLeeching","floor":15.0},{"not_picked":["Slimebound:OneTwoCombo+1","Slimebound:PrepareCrush"],"picked":"Slimebound:DuplicatedForm","floor":16.0},{"not_picked":["Slimebound:LeadByExample","Slimebound:ComboTackle+1"],"picked":"Slimebound:ViciousTackle+1","floor":19.0},{"not_picked":["Slimebound:LeechEnergy+1","Slimebound:RollThrough+1"],"picked":"Slimebound:Nibble+1","floor":21.0},{"not_picked":["Slimebound:GoopSpray","Slimebound:GrowthPunch+1"],"picked":"Slimebound:ItLooksTasty+1","floor":22.0},{"not_picked":["Slimebound:ComboTackle+1","Slimebound:SplitLeeching"],"picked":"Slimebound:LeechEnergy+1","floor":25.0},{"not_picked":["Slimebound:SplitMire+1","Slimebound:OozeBath"],"picked":"Slimebound:FirmFortitude+1","floor":26.0},{"not_picked":["Slimebound:Gluttony+1","Slimebound:FinishingTackle+1"],"picked":"Slimebound:SplitMire+1","floor":27.0},{"not_picked":["Slimebound:GoopSpray","Slimebound:SplitBruiser+1"],"picked":"Slimebound:FinishingTackle+1","floor":28.0},{"not_picked":["Slimebound:MassRepurpose","Slimebound:LeechingTouch+1"],"picked":"Slimebound:FinishingTackle+1","floor":29.0},{"not_picked":["Slimebound:GrowthPunch+1","Slimebound:SplitAcid"],"picked":"Slimebound:BestDefense+1","floor":30.0},{"not_picked":["Slimebound:SlimeBarrage+1","Slimebound:PressTheAttack+1"],"picked":"Slimebound:GoopSpray","floor":31.0},{"not_picked":["Slimebound:SplitLeeching","Slimebound:LevelUp"],"picked":"Slimebound:SamplingLick","floor":31.0},{"not_picked":["Slimebound:SplitMire","Slimebound:ComboTackle+1"],"picked":"Slimebound:HauntingLick","floor":31.0},{"not_picked":["Slimebound:ProtectTheBoss","Slimebound:SamplingLick"],"picked":"Slimebound:PrepareCrush","floor":32.0},{"not_picked":["Slimebound:MassRepurpose","Slimebound:Teamwork"],"picked":"Slimebound:OozeBath","floor":33.0},{"not_picked":["Slimebound:LivingWall","Slimebound:ItLooksTasty+1"],"picked":"Slimebound:Schlurp+1","floor":37},{"not_picked":["Slimebound:Replication+1","Slimebound:SplitAcid"],"picked":"Slimebound:ViciousTackle+1","floor":38},{"not_picked":["Slimebound:SplitMire","Slimebound:ComboTackle+1"],"picked":"Slimebound:Gluttony","floor":40},{"not_picked":["Slimebound:ItLooksTasty+1","Slimebound:SplitAcid+1"],"picked":"Slimebound:LeechEnergy+1","floor":42},{"not_picked":["Slimebound:PressTheAttack+1","Slimebound:LeechingTouch+1"],"picked":"Slimebound:FormOfPuddle+1","floor":44},{"not_picked":["Slimebound:Repurpose","Slimebound:PressTheAttack+1"],"picked":"Slimebound:ViciousTackle+1","floor":46},{"not_picked":["Slimebound:PressTheAttack+1","Slimebound:MinionMaster"],"picked":"Slimebound:LeadByExample+1","floor":48},{"not_picked":["Slimebound:LeechingTouch+1","Slimebound:RollThrough+1"],"picked":"Slimebound:Dissolve+1","floor":49},{"not_picked":["Slimebound:DisruptingSlam+1","Slimebound:Gluttony"],"picked":"Slimebound:GoopTackle+1","floor":52}],"player_experience":449801,"relics_obtained":[{"floor":3.0,"key":"Molten Egg 2"},{"floor":7.0,"key":"MawBank"},{"floor":10.0,"key":"Bottled Flame"},{"floor":19.0,"key":"Centennial Puzzle"},{"floor":22.0,"key":"Ice Cream"},{"floor":24.0,"key":"Bag of Marbles"},{"floor":25.0,"key":"Toy Ornithopter"},{"floor":27.0,"key":"ReplayTheSpireMod:Ninjato"},{"floor":38,"key":"Juzu Bracelet"},{"floor":44,"key":"Du-Vu Doll"},{"floor":46,"key":"downfall:GremlinSack"},{"floor":52,"key":"Letter Opener"}],"event_choices":[],"is_beta":false,"boss_relics":[{"not_picked":["Replay:Wanted Poster","Ring of Chaos"],"picked":"Coffee Dripper"},{"not_picked":["Sozu","Black Star"],"picked":"Painkiller Herb"}],"items_purged_floors":[29,36],"is_endless":false,"potions_floor_spawned":[3,4,11,15,16,19,26,28,30,32,33,44,46,49],"ascension_level":0}}