{"host":"0fmi5fguj5lvt8pf","time":1608526174,"event":{"mods":["BaseMod","Colored Map","Curses Come First","Downfall","Minty Spire (QoL Compilation)","Permanent Neow","StSLib","Waifu the Spire"],"gold_per_floor":[0,0,0,17,34,34,109,259,259,287,287,299,299,130,145,240,240,240,282,14,214,68,68,68,153,153,217,320,401,351,351,368,611,611,386,386,536,835,835,502,527,527,229,229,238,247,247,89,116,157,157,252,1,1,3],"floor_reached":56,"playtime":4381,"items_purged":["sneckomod:TailWhip","hexamod:Haunted","sneckomod:Unknown","sneckomod:Unknown"],"score":1276,"play_id":"96fc9fe8-ade6-40c9-ba8d-9be7efd99e05","local_time":"20201220204934","is_ascension_mode":false,"campfire_choices":[{"floor":1.0,"key":"DIG"},{"floor":3.0,"key":"DIG"},{"floor":6.0,"key":"DIG"},{"floor":9.0,"key":"DIG"},{"floor":18.0,"key":"RECALL"},{"data":"sneckomod:GlitteringGambit","floor":23.0,"key":"SMITH"},{"data":"sneckomod:SerpentIdol","floor":26.0,"key":"SMITH"},{"data":"sneckomod:GlitteringGambit","floor":35,"key":"SMITH"},{"data":"sneckomod:SoulCleanse","floor":39,"key":"SMITH"},{"data":"sneckomod:DefensiveFlair","floor":42,"key":"SMITH"},{"data":"sneckomod:SerpentIdol","floor":44,"key":"SMITH"},{"floor":54,"key":"REST"}],"circlet_count":0,"master_deck":["sneckomod:Strike","sneckomod:Strike","sneckomod:Defend","sneckomod:Defend","sneckomod:SnekBite+1","sneckomod:SerpentMind+1","sneckomod:PureSnecko","sneckomod:UnknownVulnerable+2","sneckomod:DefensiveFlair+1","sneckomod:SerpentIdol+1","sneckomod:GlitteringGambit+1","sneckomod:UnknownStrength","sneckomod:ImprovisedGuard+1","sneckomod:UnknownStrike+1","sneckomod:CheapStock+1","sneckomod:GlitteringGambit+1","expansioncontent:QuickStudy","sneckomod:Transmogrify+1","CurseOfTheBell","sneckomod:SoulCleanse+1","sneckomod:UnknownRareSkill","sneckomod:SerpentIdol+1","sneckomod:UnknownX+2","expansioncontent:Chronoboost+1","sneckomod:UnknownStrike+2","sneckomod:ImprovisedAttack","sneckomod:SerpentIdol+1"],"relics":["sneckomod:SneckoSoul","Shovel","StrikeDummy","Pantograph","Lizard Tail","Frozen Egg 2","sneckomod:BlankCard","Ornamental Fan","Empty Cage","Membership Card","StoneCalendar","Juzu Bracelet","champ:Barbells","White Beast Statue","Pen Nib","The Courier","Gambling Chip","downfall:HeartBlessingRed","downfall:HeartBlessingGreen","downfall:HeartBlessingBlue","Pocketwatch","Ice Cream","Turnip","Regal Pillow","Chemical X","Whetstone","CeramicFish","DollysMirror","Cursed Key","Art of War","Kunai","Ginger"],"acts_visited":["Exordium","TheCity","TheBeyond","TheEnding"],"potions_floor_usage":[29,33,37,37,37,52,52,55],"damage_taken":[{"damage":12.0,"enemies":"Small Slimes","floor":4.0,"turns":4.0},{"damage":1.0,"enemies":"Jaw Worm","floor":5.0,"turns":2.0},{"damage":23.0,"enemies":"Gremlin Nob","floor":10.0,"turns":4.0},{"damage":1.0,"enemies":"Cultist","floor":12.0,"turns":3.0},{"damage":4.0,"enemies":"downfall:FleeingMerchant","floor":14.0,"turns":4.0},{"damage":9.0,"enemies":"Large Slime","floor":15.0,"turns":3.0},{"damage":46.0,"enemies":"downfall:Ironclad","floor":16.0,"turns":8.0},{"damage":0.0,"enemies":"Spheric Guardian","floor":19.0,"turns":4.0},{"damage":23.0,"enemies":"downfall:FleeingMerchant","floor":20.0,"turns":4.0},{"damage":15.0,"enemies":"downfall:FleeingMerchant","floor":22.0,"turns":4.0},{"damage":15,"enemies":"Gremlin Leader","floor":27,"turns":5},{"damage":21,"enemies":"Chosen","floor":28,"turns":6},{"damage":3,"enemies":"downfall:FleeingMerchant","floor":29,"turns":4},{"damage":5,"enemies":"Centurion and Healer","floor":32,"turns":7},{"damage":24,"enemies":"downfall:Silent","floor":33,"turns":6},{"damage":55,"enemies":"2 Orb Walkers","floor":37,"turns":5},{"damage":0,"enemies":"Mind Bloom Boss Battle","floor":38,"turns":7},{"damage":13,"enemies":"Orb Walker","floor":49,"turns":4},{"damage":60,"enemies":"downfall:Defect","floor":50,"turns":5},{"damage":85,"enemies":"downfall:CharBossMerchant","floor":52,"turns":10},{"damage":74,"enemies":"downfall:NeowBoss","floor":55,"turns":19}],"seed_played":"-8069988432483298458","potions_obtained":[{"floor":4.0,"key":"sneckomod:MuddlingPotion"},{"floor":16.0,"key":"Strength Potion"},{"floor":28,"key":"ColorlessPotion"},{"floor":31,"key":"DuplicationPotion"},{"floor":31,"key":"hexamod:EctoCoolerPotion"},{"floor":32,"key":"sneckomod:DiceRollPotion"},{"floor":33,"key":"sneckomod:OffclassReductionPotion"},{"floor":38,"key":"DuplicationPotion"},{"floor":49,"key":"champ:CounterPotion"}],"is_trial":false,"path_per_floor":["R","?","R","M","M","R","T","?","R","E","?","M","?","$","M","B",null,"R","M","$","?","$","R","T","?","R","E","M","$","?","?","M","B",null,"R","?","?","?","R","?","T","R","$","R","?","?","?","$","M","B",null,"E","$","R","B",null],"character_chosen":"THE_SNECKO","items_purchased":["sneckomod:DefensiveFlair","Membership Card","Ice Cream","sneckomod:ImprovisedGuard","sneckomod:UnknownStrike","sneckomod:CheapStock+1","PreservedInsect","Juzu Bracelet","champ:Barbells","White Beast Statue","hexamod:EctoCoolerPotion","expansioncontent:QuickStudy","Chemical X","sneckomod:SerpentIdol","sneckomod:UnknownX","Whetstone","sneckomod:LoadedDie","CeramicFish","sneckomod:UnknownStrike","sneckomod:ImprovisedAttack","DollysMirror","Kunai","Ginger","Regen Potion"],"campfire_rested":1,"item_purchase_floors":[14,20,20,20,22,22,22,29,29,29,29,29,43,43,43,43,43,43,48,48,48,53,53,53],"current_hp_per_floor":[90,95,95,83,83,83,83,83,83,60,60,59,59,56,47,26,97,97,98,75,75,61,61,61,47,47,32,11,27,62,62,57,58,99,109,109,54,55,55,124,124,124,125,125,125,115,135,136,123,99,136,51,51,106,86],"gold":3,"neow_bonus":"ONE_RARE_RELIC","is_daily":false,"chose_seed":false,"campfire_upgraded":6,"win_rate":0.0,"timestamp":1608526174,"path_taken":["R","?","R","M","M","R","T","?","R","E","?","M","?","?","M","BOSS","R","M","$","?","$","R","T","?","R","E","M","$","?","?","M","BOSS","R","?","?","?","R","?","T","R","?","R","?","?","?","$","M","BOSS","E","$","R","BOSS"],"items_purchased_type":["Card","Relic","Relic","Card","Card","Card","Relic","Relic","Relic","Relic","Potion","Card","Relic","Card","Card","Relic","Relic","Relic","Card","Card","Relic","Relic","Relic","Potion"],"build_version":"2020-12-13","purchased_purges":4,"victory":true,"max_hp_per_floor":[90,95,95,95,96,96,96,96,96,96,96,96,96,97,97,97,97,97,98,98,98,99,99,99,99,99,99,99,99,99,99,99,99,99,109,109,109,110,110,124,124,124,125,125,125,125,135,136,136,136,136,136,136,136,136],"card_choices":[{"not_picked":["sneckomod:UnknownExhaust","sneckomod:UnknownBlock","sneckomod:UnknownStrike"],"picked":"SKIP","floor":4.0},{"not_picked":["sneckomod:UnknownClassBLUE","sneckomod:UnknownUncommonAttack"],"picked":"sneckomod:UnknownStrike","floor":5.0},{"not_picked":["sneckomod:DiceCrush","sneckomod:SoulDraw"],"picked":"sneckomod:SerpentMind+1","floor":10.0},{"not_picked":["sneckomod:UnknownBlock","sneckomod:UnknownClassGUARDIAN"],"picked":"sneckomod:PureSnecko","floor":12.0},{"not_picked":["sneckomod:QuickMove","sneckomod:IronFang"],"picked":"sneckomod:UnknownVulnerable","floor":14.0},{"not_picked":["sneckomod:Unknown2Cost","sneckomod:UnknownClassHEXA_GHOST_PURPLE"],"picked":"sneckomod:SerpentIdol","floor":15.0},{"not_picked":["sneckomod:Mudshield+1","sneckomod:DangerNoodle"],"picked":"sneckomod:GlitteringGambit","floor":16.0},{"not_picked":["sneckomod:DiceCrush","sneckomod:UnknownUncommonAttack"],"picked":"sneckomod:UnknownStrength","floor":19.0},{"not_picked":["sneckomod:WideSting","sneckomod:QuickMove","sneckomod:UnknownWeak"],"picked":"SKIP","floor":20.0},{"not_picked":["sneckomod:DiceCrush","sneckomod:Nope","sneckomod:UnknownCommonAttack+1"],"picked":"SKIP","floor":22.0},{"not_picked":["sneckomod:UnknownStrike","sneckomod:UnknownWeak+1"],"picked":"sneckomod:GlitteringGambit","floor":27},{"not_picked":["sneckomod:SoulDraw","sneckomod:UnknownVulnerable","sneckomod:Unknown1Cost"],"picked":"SKIP","floor":28},{"not_picked":["sneckomod:DiceCrush","sneckomod:SoulDraw","sneckomod:SoulRoll+1"],"picked":"SKIP","floor":29},{"not_picked":["sneckomod:QuickMove","sneckomod:PureSnecko","sneckomod:UnknownClassSLIMEBOUND"],"picked":"SKIP","floor":32},{"not_picked":["sneckomod:SerpentMind+1","sneckomod:DangerNoodle"],"picked":"sneckomod:Transmogrify","floor":33},{"not_picked":["sneckomod:IronFang+1","sneckomod:UnknownVulnerable+1"],"picked":"sneckomod:SoulCleanse","floor":37},{"not_picked":["sneckomod:Nope","sneckomod:SoulRoll+1"],"picked":"sneckomod:UnknownRareSkill","floor":38},{"not_picked":["expansioncontent:BronzeBeam","expansioncontent:HyperBeam"],"picked":"expansioncontent:Chronoboost+1","floor":46},{"not_picked":["sneckomod:UnknownWeak+1","sneckomod:DiceCrush+1","sneckomod:Nope+1"],"picked":"SKIP","floor":49},{"not_picked":["sneckomod:QuickBite+1","sneckomod:SoulRoll+1","sneckomod:Nope+1"],"picked":"SKIP","floor":52}],"player_experience":1214181,"relics_obtained":[{"floor":1.0,"key":"StrikeDummy"},{"floor":3.0,"key":"Pantograph"},{"floor":6.0,"key":"Lizard Tail"},{"floor":7.0,"key":"Frozen Egg 2"},{"floor":9.0,"key":"sneckomod:BlankCard"},{"floor":10.0,"key":"Ornamental Fan"},{"floor":27,"key":"StoneCalendar"},{"floor":34,"key":"Pen Nib"},{"floor":34,"key":"The Courier"},{"floor":34,"key":"Gambling Chip"},{"floor":37,"key":"Pocketwatch"},{"floor":37,"key":"Ice Cream"},{"floor":38,"key":"Turnip"},{"floor":41,"key":"Regal Pillow"},{"floor":49,"key":"Cursed Key"},{"floor":52,"key":"Cursed Key"},{"floor":52,"key":"Art of War"}],"event_choices":[{"damage_healed":0.0,"max_hp_gain":5.0,"max_hp_loss":0.0,"gold_gain":0.0,"event_name":"Big Fish","player_choice":"Donut","floor":2.0,"gold_loss":0.0,"damage_taken":0.0},{"cards_removed":["Slimebound:Icky"],"damage_healed":0.0,"max_hp_gain":0.0,"max_hp_loss":0.0,"gold_gain":0.0,"event_name":"The Cleric","player_choice":"Card Removal","floor":11.0,"gold_loss":0.0,"damage_taken":0.0},{"damage_healed":0,"gold_gain":0,"player_choice":"Got Potions","damage_taken":0,"max_hp_gain":0,"max_hp_loss":0,"event_name":"Lab","floor":31,"gold_loss":0},{"cards_removed":["sneckomod:UnknownStrike"],"damage_healed":0,"gold_gain":0,"player_choice":"Removed Attack","damage_taken":0,"max_hp_gain":0,"max_hp_loss":0,"event_name":"Falling","floor":36,"gold_loss":0},{"damage_healed":0,"gold_gain":0,"player_choice":"Fight","damage_taken":0,"max_hp_gain":0,"max_hp_loss":0,"event_name":"Mysterious Sphere","floor":37,"gold_loss":0},{"cards_removed":["sneckomod:Cheat"],"damage_healed":10,"gold_gain":0,"player_choice":"Offered Rare","damage_taken":0,"max_hp_gain":10,"max_hp_loss":0,"event_name":"Bonfire Elementals","floor":47,"gold_loss":0}],"is_beta":false,"boss_relics":[{"not_picked":["Philosopher\u0027s Stone","Velvet Choker"],"picked":"Empty Cage"},{"not_picked":["Astrolabe","sneckomod:SuperSneckoSoul"],"picked":"Calling Bell"}],"items_purged_floors":[14,22,29,48],"is_endless":false,"potions_floor_spawned":[4,16,28,32,33,38,49],"ascension_level":0}}