{"host":"yq1ysfrpl36s3s9s","time":1608543522,"event":{"mods":["AchievementEnabler","BaseMod","BetterRewards","Colored Powertips","DNKmod","Friendly Minions","Minty Spire (QoL Compilation)","Quick Restart","Shop Mod","StSLib","The Animator","The Servant 0.9.4","Youmu¡]»î¾z§¯?¡^"],"gold_per_floor":[1514,1514,1534,848,860,892,967,967,967,967,976,1016,1041,487,496,608,608,635,656,669,423,450,486,515,533,533,567,589,626,626,338,347,455,455,478,503,71,90,153,153,153,190,243,268,277,318,346,405,405,405,405,414,42,80,80,80],"floor_reached":55,"playtime":2704,"items_purged":["Defend_G","Strike_G","Strike_G","Defend_G","Defend_G","Defend_G+1"],"score":1449,"play_id":"a2015522-1548-43fc-8472-c9ed220b77ca","local_time":"20201221173842","is_ascension_mode":true,"campfire_choices":[{"floor":8,"key":"REST"},{"floor":11,"key":"REST"},{"floor":15,"key":"REST"},{"floor":32,"key":"REST"},{"floor":40,"key":"RECALL"},{"data":"Blade Dance","floor":49,"key":"SMITH"},{"floor":52,"key":"REST"}],"circlet_count":0,"master_deck":["Strike_G+1","Survivor+1","Neutralize+1","Envenom+1","Infinite Blades+1","Expertise","Mayhem+1","Accuracy+1","Dash","Backflip","Backflip","Blade Dance+1","PiercingWail","Backflip","Envenom+1","Accuracy+1","Dagger Throw","Blur","A Thousand Cuts+1","Accuracy+1","Blade Dance+1","Storm of Steel+1","Finisher","Doppelganger+1","Prepared+1","Acrobatics+1","Infinite Blades+1","Expertise+1","Phantasmal Killer+1","Backflip+1","Deflect+1","Footwork+1","Storm of Steel+1","Prepared+1","Accuracy+1","Metamorphosis+1","Acrobatics+1","Burst+1","Cloak And Dagger+1","Dagger Spray","Quick Slash","Cloak And Dagger+1","Escape Plan+1","Infinite Blades+1","Purity+1","A Thousand Cuts+1","Skewer+1","Blade Dance+1","Corpse Explosion+1","Apotheosis+1","Phantasmal Killer+1"],"relics":["Ring of the Snake","Frozen Egg 2","Bag of Preparation","Shuriken","Tingsha","Sundial","HornCleat","HandDrill","MerchantsRug","Question Card","Dream Catcher","CeramicFish","Toxic Egg 2","Philosopher\u0027s Stone","DollysMirror","Singing Bowl","Vajra","Bronze Scales","Tough Bandages","Black Star","Eternal Feather","Ice Cream","Unceasing Top","Orichalcum","Blue Candle","Snake Skull","Toy Ornithopter","The Specimen","Akabeko","Oddly Smooth Stone"],"acts_visited":["Exordium","TheCity","TheBeyond","TheEnding"],"potions_floor_usage":[28,55,55],"damage_taken":[{"damage":0,"enemies":"2 Louse","floor":1,"turns":2},{"damage":0,"enemies":"Small Slimes","floor":3,"turns":2},{"damage":12,"enemies":"Jaw Worm","floor":5,"turns":2},{"damage":0,"enemies":"Gremlin Nob","floor":6,"turns":3},{"damage":5,"enemies":"3 Sentries","floor":12,"turns":3},{"damage":6,"enemies":"Lots of Slimes","floor":13,"turns":2},{"damage":3,"enemies":"The Guardian","floor":16,"turns":4},{"damage":3,"enemies":"Shell Parasite","floor":18,"turns":2},{"damage":7,"enemies":"3 Byrds","floor":19,"turns":3},{"damage":0,"enemies":"3 Cultists","floor":20,"turns":3},{"damage":22,"enemies":"Chosen and Byrds","floor":22,"turns":2},{"damage":19,"enemies":"Slavers","floor":23,"turns":3},{"damage":0,"enemies":"Snake Plant","floor":24,"turns":3},{"damage":5,"enemies":"Gremlin Leader","floor":27,"turns":3},{"damage":0,"enemies":"Cultist and Chosen","floor":28,"turns":2},{"damage":1,"enemies":"Book of Stabbing","floor":29,"turns":3},{"damage":15,"enemies":"Champ","floor":33,"turns":4},{"damage":15,"enemies":"3 Shapes","floor":35,"turns":2},{"damage":0,"enemies":"3 Darklings","floor":36,"turns":2},{"damage":0,"enemies":"4 Shapes","floor":38,"turns":2},{"damage":21,"enemies":"2 Orb Walkers","floor":39,"turns":2},{"damage":0,"enemies":"Giant Head","floor":42,"turns":3},{"damage":0,"enemies":"Transient","floor":44,"turns":4},{"damage":7,"enemies":"Reptomancer","floor":46,"turns":3},{"damage":4,"enemies":"3 Darklings","floor":47,"turns":3},{"damage":0,"enemies":"Mind Bloom Boss Battle","floor":48,"turns":3},{"damage":21,"enemies":"Awakened One","floor":50,"turns":4},{"damage":29,"enemies":"Shield and Spear","floor":54,"turns":3},{"damage":81,"enemies":"The Heart","floor":55,"turns":4}],"seed_played":"-5718672895904340746","potions_obtained":[{"floor":1,"key":"Block Potion"},{"floor":5,"key":"Explosive Potion"},{"floor":6,"key":"Poison Potion"},{"floor":16,"key":"DistilledChaos"},{"floor":19,"key":"BlessingOfTheForge"},{"floor":29,"key":"PowerPotion"},{"floor":33,"key":"Swift Potion"},{"floor":38,"key":"SneckoOil"},{"floor":42,"key":"CunningPotion"}],"is_trial":false,"path_per_floor":["M","?","M","$","M","E","?","R","T","?","R","E","M","$","R","B",null,"M","M","M","$","M","E","M","?","T","E","M","E","?","$","R","B",null,"M","M","$","M","?","R","?","E","T","M","?","E","M","?","R","B",null,"R","$","E","B"],"character_chosen":"THE_SILENT","items_purchased":["Frozen Egg 2","Bag of Preparation","Envenom+1","Infinite Blades+1","Shuriken","Expertise","Mayhem+1","Accuracy+1","Dash","HandDrill","PiercingWail","Backflip","MerchantsRug","Question Card","Toxic Egg 2","Accuracy+1","Blade Dance+1","Storm of Steel+1","DollysMirror","Metamorphosis+1","Eternal Feather","Apotheosis+1"],"campfire_rested":5,"item_purchase_floors":[0,0,0,0,0,0,0,0,0,4,4,4,4,4,14,14,14,14,21,31,37,53],"current_hp_per_floor":[40,37,37,37,25,25,14,44,44,44,74,69,63,63,93,90,100,97,90,90,90,68,49,49,49,49,44,44,43,43,43,73,58,100,85,85,85,85,64,88,88,88,88,88,88,81,77,77,100,79,100,100,100,71,0,0],"gold":80,"neow_bonus":"","is_daily":false,"chose_seed":false,"campfire_upgraded":1,"win_rate":0.0,"timestamp":1608543522,"path_taken":["M","?","M","$","M","E","?","R","T","?","R","E","M","$","R","BOSS","M","M","?","$","M","E","M","?","T","E","M","E","?","?","R","BOSS","M","M","$","M","?","R","?","E","T","?","?","E","?","?","R","BOSS","R","$","E","BOSS"],"items_purchased_type":["Relic","Relic","Card","Card","Relic","Card","Card","Card","Card","Relic","Card","Card","Relic","Relic","Relic","Card","Card","Card","Relic","Card","Relic","Card"],"build_version":"2020-12-13","purchased_purges":6,"victory":false,"max_hp_per_floor":[100,100,100,100,100,100,100,100,100,100,100,100,100,100,100,100,100,100,100,100,100,100,100,100,100,100,100,100,100,100,100,100,100,100,100,100,100,100,100,100,100,100,100,100,100,100,100,100,100,100,100,100,100,100,100,100],"card_choices":[{"not_picked":["All Out Attack","Dash"],"picked":"Backflip","floor":1},{"not_picked":["All Out Attack","Eviscerate"],"picked":"Blade Dance","floor":3},{"not_picked":["Sucker Punch","Dash","Poisoned Stab"],"picked":"Prepared","floor":5},{"not_picked":["Die Die Die","Expertise","Poisoned Stab"],"picked":"Envenom+1","floor":6},{"not_picked":["Backflip","Backstab","Outmaneuver"],"picked":"Accuracy+1","floor":8},{"not_picked":["Leg Sweep","Prepared","Slice"],"picked":"Dagger Throw","floor":11},{"not_picked":["Slice","Quick Slash","Prepared"],"picked":"Blur","floor":12},{"not_picked":["Acrobatics","Dagger Throw","Blade Dance"],"picked":"A Thousand Cuts+1","floor":13},{"not_picked":["Acrobatics+1","Flechettes","Distraction+1"],"picked":"Finisher","floor":15},{"not_picked":["Unload","Tools of the Trade+1","Malaise+1"],"picked":"Doppelganger+1","floor":16},{"not_picked":["Eviscerate","Quick Slash","Leg Sweep+1"],"picked":"Prepared+1","floor":18},{"not_picked":["Dash+1","Dagger Spray","Doppelganger+1"],"picked":"Acrobatics+1","floor":19},{"not_picked":["Prepared+1","Dagger Throw","Dash","Quick Slash"],"picked":"SKIP","floor":20},{"not_picked":["Calculated Gamble+1","Prepared+1","Deadly Poison+1"],"picked":"Expertise+1","floor":22},{"not_picked":["Quick Slash","Outmaneuver+1","Underhanded Strike"],"picked":"Phantasmal Killer+1","floor":23},{"not_picked":["Acrobatics+1","Dash+1","Crippling Poison+1"],"picked":"Backflip+1","floor":24},{"not_picked":["Dagger Throw+1","Acrobatics+1","Deflect+1"],"picked":"Storm of Steel+1","floor":27},{"not_picked":["Dodge and Roll+1","Deflect+1","Flying Knee"],"picked":"Prepared+1","floor":28},{"not_picked":["Underhanded Strike","PiercingWail+1","Finisher"],"picked":"Accuracy+1","floor":29},{"not_picked":["Riddle With Holes","Noxious Fumes+1","Underhanded Strike+1"],"picked":"Acrobatics+1","floor":32},{"not_picked":["Doppelganger+1","Bullet Time+1","Corpse Explosion+1"],"picked":"Burst+1","floor":33},{"not_picked":["Poisoned Stab","Dodge and Roll+1","Distraction+1"],"picked":"Cloak And Dagger+1","floor":35},{"not_picked":["Well Laid Plans+1","Deadly Poison+1","Quick Slash"],"picked":"Dagger Spray","floor":36},{"not_picked":["Deadly Poison+1","Outmaneuver+1","Sucker Punch"],"picked":"Quick Slash","floor":38},{"not_picked":["Masterful Stab","Terror+1","Flechettes+1"],"picked":"Cloak And Dagger+1","floor":39},{"not_picked":["Quick Slash","Sucker Punch+1","Malaise+1"],"picked":"Escape Plan+1","floor":42},{"not_picked":["PiercingWail+1","Outmaneuver+1","Dagger Throw+1"],"picked":"Infinite Blades+1","floor":44},{"not_picked":["Endless Agony","Distraction+1","Dagger Throw+1"],"picked":"A Thousand Cuts+1","floor":46},{"not_picked":["Slice+1","Footwork+1","Backstab"],"picked":"Skewer+1","floor":47},{"not_picked":["Slice+1","Sucker Punch","Dagger Spray+1"],"picked":"Blade Dance+1","floor":48},{"not_picked":["Quick Slash+1","Escape Plan+1","Tactician+1"],"picked":"Corpse Explosion+1","floor":52},{"not_picked":["Flying Knee+1","Prepared+1","Backflip+1"],"picked":"Phantasmal Killer+1","floor":54}],"player_experience":147948,"relics_obtained":[{"floor":6,"key":"Dream Catcher"},{"floor":9,"key":"Whetstone"},{"floor":12,"key":"War Paint"},{"floor":23,"key":"Singing Bowl"},{"floor":26,"key":"Vajra"},{"floor":27,"key":"Bronze Scales"},{"floor":29,"key":"Tough Bandages"},{"floor":39,"key":"Ice Cream"},{"floor":41,"key":"Unceasing Top"},{"floor":42,"key":"Orichalcum"},{"floor":42,"key":"Blue Candle"},{"floor":46,"key":"Snake Skull"},{"floor":46,"key":"Toy Ornithopter"},{"floor":48,"key":"The Specimen"},{"floor":54,"key":"Akabeko"},{"floor":54,"key":"Oddly Smooth Stone"}],"event_choices":[{"damage_healed":0,"gold_gain":0,"player_choice":"Success","damage_taken":3,"relics_obtained":["HornCleat"],"max_hp_gain":0,"max_hp_loss":0,"event_name":"Scrap Ooze","floor":2,"gold_loss":0},{"damage_healed":0,"gold_gain":75,"player_choice":"Gather Gold","damage_taken":11,"max_hp_gain":0,"max_hp_loss":0,"event_name":"World of Goop","floor":7,"gold_loss":0},{"cards_removed":["Prepared"],"damage_healed":0,"gold_gain":0,"player_choice":"Gave Card","damage_taken":0,"relics_obtained":["CeramicFish"],"max_hp_gain":0,"max_hp_loss":0,"event_name":"WeMeetAgain","floor":10,"gold_loss":0},{"damage_healed":0,"gold_gain":0,"cards_transformed":["Strike_G","Defend_G"],"player_choice":"Became Test Subject","damage_taken":0,"max_hp_gain":0,"max_hp_loss":0,"event_name":"Drug Dealer","floor":25,"gold_loss":0,"cards_obtained":["Deflect","Footwork"]},{"cards_removed":["Strike_G"],"damage_healed":0,"gold_gain":0,"player_choice":"Elegance","damage_taken":0,"max_hp_gain":0,"max_hp_loss":0,"event_name":"Back to Basics","floor":30,"gold_loss":0},{"damage_healed":0,"gold_gain":0,"player_choice":"Fight","damage_taken":0,"max_hp_gain":0,"max_hp_loss":0,"event_name":"Mysterious Sphere","floor":39,"gold_loss":0},{"damage_healed":0,"gold_gain":0,"player_choice":"Relic","damage_taken":0,"max_hp_gain":0,"max_hp_loss":0,"event_name":"Wheel of Change","floor":41,"gold_loss":0},{"damage_healed":0,"gold_gain":0,"player_choice":"1 cards matched","damage_taken":0,"max_hp_gain":0,"max_hp_loss":0,"event_name":"Match and Keep!","floor":45,"gold_loss":0,"cards_obtained":["Purity"]},{"damage_healed":0,"gold_gain":0,"player_choice":"Fight","damage_taken":0,"max_hp_gain":0,"max_hp_loss":0,"event_name":"MindBloom","floor":48,"gold_loss":0}],"is_beta":false,"boss_relics":[{"not_picked":["Ectoplasm","Velvet Choker"],"picked":"Philosopher\u0027s Stone"},{"not_picked":["Tiny House","Fusion Hammer"],"picked":"Black Star"}],"items_purged_floors":[4,14,21,31,37,53],"is_endless":false,"potions_floor_spawned":[1,5,6,16,19,20,22,27,29,33,38,42,44,47],"killed_by":"The Heart","ascension_level":4}}