{"host":"9k1ekd5e3lrdz5qp","time":1608511700,"event":{"mods":["Act Like it!","Bard","BaseMod","Beaked The Cultist","Better Altar","Better Skull","Better Third Choice","Conspire","Downfall","Elementarium","Hubris","Infinite Spire","Minty Spire (QoL Compilation)","Replay The Spire","StSLib"],"gold_per_floor":[99,99,99,99,24,24,24,24,38,70,55,55,55,75,91,187,187,112,131,131,144,29,14,14,14,14,99,118,118,132,132,148,168,186,291,291,291,303,399,416,341,49,49,49,34,34,45,45,45,65,82,82],"floor_reached":53,"playtime":3116,"items_purged":["Regret","champ:Execute+1","champ:Strike"],"score":755,"play_id":"96380d86-93ab-4b3e-8dde-63a03bc1eef9","local_time":"20201220174820","is_ascension_mode":false,"campfire_choices":[{"data":"champ:Taunt","floor":1,"key":"SMITH"},{"data":"champ:ShieldWall","floor":8,"key":"SMITH"},{"data":"champ:EnGarde","floor":18,"key":"SMITH"},{"data":"champ:DefensiveStyle","floor":20,"key":"SMITH"},{"data":"champ:HoldFirm","floor":29,"key":"SMITH"},{"data":"champ:Strike","floor":37,"key":"PURGE"},{"data":"champ:EnchantShield","floor":41,"key":"SMITH"},{"data":"champ:DefensiveStyle","floor":44,"key":"SMITH"},{"data":"champ:HoldFirm","floor":46,"key":"SMITH"}],"circlet_count":0,"master_deck":["champ:Strike+1","champ:Strike+1","champ:Defend","champ:Defend","champ:Defend+1","champ:Defend","champ:Taunt+1","champ:ShieldWall+1","champ:DefensiveStyle+1","champ:EnGarde+1","champ:HoldFirm+1","champ:Circumvent+1","champ:ShieldThrow","champ:EnchantShield+1","champ:DefensiveShout+1","champ:DefensiveStyle+1","champ:HoldFirm+1","champ:FalseCounter+1"],"relics":["champ:ChampionCrown","downfall:HeartsMalice","hubris:CuriousFeather","Anchor","ReplayTheSpireMod:Lightbulb","conspire:SeveredTorchhead","downfall:HeartBlessingGreen","PreservedInsect","Bloody Idol","Replay:Grab Bag","Coffee Dripper","Busted Crown","beaked:SacredDeck","downfall:HeartBlessingBlue","champ:GladiatorsBookOfMartialProwess"],"acts_visited":["Exordium","TheCity","TheBeyond"],"potions_floor_usage":[22,45,45,45,45],"damage_taken":[{"damage":0,"enemies":"Small Slimes","floor":3,"turns":1},{"damage":0,"enemies":"downfall:FleeingMerchant","floor":5,"turns":1},{"damage":0,"enemies":"2 Louse","floor":6,"turns":1},{"damage":9,"enemies":"Jaw Worm","floor":9,"turns":3},{"damage":20,"enemies":"Lagavulin","floor":10,"turns":7},{"damage":10,"enemies":"downfall:FleeingMerchant","floor":11,"turns":4},{"damage":2,"enemies":"2 Fungi Beasts","floor":14,"turns":4},{"damage":3,"enemies":"Red Slaver","floor":15,"turns":3},{"damage":18,"enemies":"downfall:Watcher","floor":16,"turns":11},{"damage":11,"enemies":"conspire:FuzzyDice","floor":19,"turns":7},{"damage":0,"enemies":"Chosen","floor":21,"turns":4},{"damage":5,"enemies":"downfall:FleeingMerchant","floor":22,"turns":4},{"damage":0,"enemies":"downfall:FleeingMerchant","floor":23,"turns":4},{"damage":0,"enemies":"Snecko","floor":28,"turns":5},{"damage":5,"enemies":"Snake Plant","floor":30,"turns":4},{"damage":0,"enemies":"Cultist and Chosen","floor":32,"turns":6},{"damage":0,"enemies":"Snecko","floor":33,"turns":3},{"damage":0,"enemies":"Sentry and Sphere","floor":34,"turns":6},{"damage":0,"enemies":"downfall:Defect","floor":35,"turns":8},{"damage":4,"enemies":"Orb Walker","floor":38,"turns":3},{"damage":21,"enemies":"3 Darklings","floor":40,"turns":6},{"damage":0,"enemies":"downfall:FleeingMerchant","floor":42,"turns":4},{"damage":0,"enemies":"downfall:FleeingMerchant","floor":45,"turns":4},{"damage":0,"enemies":"Maw","floor":47,"turns":5},{"damage":0,"enemies":"Spire Growth","floor":50,"turns":4},{"damage":0,"enemies":"Sphere and 2 Shapes","floor":51,"turns":8},{"damage":0,"enemies":"downfall:Ironclad","floor":52,"turns":5}],"seed_played":"-3066016605518006833","potions_obtained":[{"floor":9,"key":"EntropicBrew"},{"floor":10,"key":"Energy Potion"},{"floor":14,"key":"Strength Potion"},{"floor":28,"key":"Fire Potion"},{"floor":47,"key":"Swift Potion"},{"floor":51,"key":"ColorlessPotion"}],"is_trial":false,"path_per_floor":["R","?","M","?","$","M","T","R","M","E","$","T","?","M","M","B",null,"R","M","R","M","$","$","PTL","PTL","T","?","M","R","M","?","M","M","M","B",null,"R","M","?","M","R","$","T","R","$","R","M","?","?","M","M","B",null],"character_chosen":"THE_CHAMP","items_purchased":["champ:DefensiveStyle","champ:HoldFirm"],"campfire_rested":0,"item_purchase_floors":[42,42],"current_hp_per_floor":[90,90,90,90,90,90,90,90,86,66,61,61,29,27,24,11,90,90,84,84,84,84,84,84,84,84,66,66,66,61,16,21,26,31,36,90,90,90,73,57,67,67,67,67,67,67,72,72,72,77,82,82],"gold":82,"neow_bonus":"THREE_ENEMY_KILL","is_daily":false,"chose_seed":false,"campfire_upgraded":8,"win_rate":0.0,"timestamp":1608511700,"path_taken":["R","?","M","?","$","M","T","R","M","E","$","?","?","M","M","BOSS","R","M","R","M","$","$","PTL","PTL","T","?","M","R","M","?","?","M","M","BOSS","R","?","?","M","R","$","T","R","?","R","M","?","?","M","M","BOSS"],"items_purchased_type":["Card","Card"],"build_version":"2020-12-13","purchased_purges":3,"victory":true,"max_hp_per_floor":[90,90,90,90,90,90,90,90,90,90,90,90,90,90,90,90,90,90,90,90,90,90,90,90,90,90,90,90,90,90,90,90,90,90,90,90,90,90,90,90,100,100,100,100,100,100,100,100,100,100,100,100],"card_choices":[{"not_picked":["champ:Balance","champ:FaceSlap"],"picked":"champ:ShieldWall","floor":3},{"not_picked":["champ:ShieldSlam","champ:Control"],"picked":"champ:DefensiveStyle","floor":5},{"not_picked":["champ:FlashCut","champ:StanceDance"],"picked":"champ:EnGarde","floor":6},{"not_picked":["champ:FlashCut","champ:CrookedStrike","champ:IronFortress"],"picked":"SKIP","floor":9},{"not_picked":["champ:BladeFlurry","champ:Haymaker","champ:CrookedStrike"],"picked":"SKIP","floor":10},{"not_picked":["champ:Encircle","champ:BringItOn","champ:GladiatorsShout"],"picked":"SKIP","floor":11},{"not_picked":["champ:FightOn","champ:FlashCut","champ:BladeFlurry"],"picked":"SKIP","floor":14},{"not_picked":["champ:Backstep","champ:FaceSlap","champ:AdrenalArmor"],"picked":"SKIP","floor":15},{"not_picked":["champ:IgnorePain","champ:SteelEdge"],"picked":"champ:HoldFirm","floor":16},{"not_picked":["champ:FocusedDefense","champ:AdrenalArmor","champ:BringItOn+1"],"picked":"SKIP","floor":19},{"not_picked":["champ:DefensiveShout+1","champ:Haymaker","champ:AdrenalArmor"],"picked":"SKIP","floor":21},{"not_picked":["champ:Shatter","champ:CrookedStrike+1"],"picked":"champ:Circumvent+1","floor":22},{"not_picked":["champ:ArenaPreparation","champ:EndlessRage","champ:FightOn"],"picked":"SKIP","floor":23},{"not_picked":["champ:RecklessLeap","champ:Balance+1","champ:EnragedBash+1"],"picked":"SKIP","floor":28},{"not_picked":["champ:CrookedStrike+1","champ:GladiatorsShout","champ:IronFortress"],"picked":"SKIP","floor":30},{"not_picked":["champ:CalledShot","champ:GladiatorsShout","champ:AdrenalArmor"],"picked":"SKIP","floor":32},{"not_picked":["champ:StanceDance+1","champ:FocusedGladiator"],"picked":"champ:ShieldWall","floor":33},{"not_picked":["champ:GladiatorsShout","champ:SkillfulDodge"],"picked":"champ:ShieldThrow","floor":34},{"not_picked":["champ:IronFortress+1"],"picked":"SKIP","floor":38},{"not_picked":[],"picked":"champ:DefensiveShout+1","floor":39},{"not_picked":["champ:TornadoPunch"],"picked":"SKIP","floor":40},{"not_picked":["champ:FanOfKnives+1"],"picked":"SKIP","floor":42},{"not_picked":["champ:MurderStrike"],"picked":"SKIP","floor":45},{"not_picked":[],"picked":"champ:FalseCounter","floor":47},{"not_picked":["champ:Circumvent+1"],"picked":"SKIP","floor":50},{"not_picked":["champ:ShieldWall+1"],"picked":"SKIP","floor":51}],"player_experience":1223356,"relics_obtained":[{"floor":7,"key":"hubris:CuriousFeather"},{"floor":10,"key":"Anchor"},{"floor":26,"key":"PreservedInsect"},{"floor":43,"key":"champ:GladiatorsBookOfMartialProwess"}],"event_choices":[{"damage_healed":0,"gold_gain":0,"player_choice":"RE UP ","damage_taken":36,"relics_obtained":["ReplayTheSpireMod:Lightbulb"],"max_hp_gain":0,"max_hp_loss":0,"event_name":"betterSkull:BetterSkull","floor":13,"gold_loss":0,"cards_upgraded":["champ:Strike"]},{"damage_healed":0,"gold_gain":0,"player_choice":" Idol ","damage_taken":45,"relics_obtained":["Bloody Idol"],"max_hp_gain":61,"max_hp_loss":16,"event_name":"betterAltar:BetterAltar","floor":31,"potions_obtained":[],"relics_lost":[],"gold_loss":0},{"cards_removed":["champ:ShieldWall"],"damage_healed":0,"gold_gain":0,"player_choice":"Removed Power","damage_taken":0,"max_hp_gain":0,"max_hp_loss":0,"event_name":"Falling","floor":48,"gold_loss":0}],"is_beta":false,"boss_relics":[{"not_picked":["SlaversCollar","Cursed Key"],"picked":"conspire:SeveredTorchhead"},{"not_picked":["ReplayTheSpireMod:SealedPack","Ring of Chaos"],"picked":"Replay:Grab Bag"},{"not_picked":["Replay:Wanted Poster","infinitespire:Cupcake"],"picked":"Coffee Dripper"},{"not_picked":["conspire:RoyalGoblet","hubris:TerracottaHorce"],"picked":"Busted Crown"},{"not_picked":["Kintsugi","Astrolabe"],"picked":"beaked:SacredDeck"}],"items_purged_floors":[5,22,42],"is_endless":false,"potions_floor_spawned":[9,10,14,16,28,33,34,38,47,51],"ascension_level":0}}