{"host":"87fdiiwflhrwsj8a","time":1608590426,"event":{"mods":["Aspiration","BaseMod","Better Match","Better Third Choice","BetterRewards","Colored Map","Downfall","GifTheSpireLib","Infinite Spire","Minty Spire (QoL Compilation)","Relic Sorter","Replay The Spire","Robot Space Explorer","StSLib","Stuff the Spire","The Cursed"],"gold_per_floor":[116,116,116,135,154,185,203,203,203,235,248,263,102,115,115,115,115],"floor_reached":16,"playtime":548,"items_purged":[],"score":228,"play_id":"201a098f-0f01-4400-9019-9d4126b99fba","local_time":"20201221174026","is_ascension_mode":true,"campfire_choices":[{"floor":8,"key":"REST"},{"data":"Armaments","floor":15,"key":"SMITH"}],"circlet_count":0,"master_deck":["AscendersBane","Strike_R","Strike_R","Strike_R","Strike_R","Strike_R","Defend_R","Defend_R","Defend_R","Bash","Clash","infinitespire:Starlight","Infernal Blade","Flex","Cleave","Shockwave","Armaments+1","Pommel Strike"],"relics":["Busted Crown","StuffTheSpire:OldFever","ReplayTheSpireMod:TigerMarble","aspiration:TomeofQuesting","infinitespire:Lucky Rock"],"acts_visited":["Exordium"],"potions_floor_usage":[16],"damage_taken":[{"damage":4,"enemies":"Jaw Worm","floor":1,"turns":4},{"damage":0,"enemies":"Cultist","floor":4,"turns":2},{"damage":4,"enemies":"2 Louse","floor":5,"turns":3},{"damage":25,"enemies":"Lagavulin","floor":6,"turns":5},{"damage":18,"enemies":"Exordium Thugs","floor":7,"turns":3},{"damage":20,"enemies":"3 Sentries","floor":10,"turns":3},{"damage":5,"enemies":"Red Slaver","floor":11,"turns":2},{"damage":7,"enemies":"Large Slime","floor":12,"turns":4},{"damage":15,"enemies":"3 Louse","floor":14,"turns":3},{"damage":119,"enemies":"Fading Forest","floor":16,"turns":11}],"seed_played":"3513818902515655760","potions_obtained":[{"floor":4,"key":"SneckoOil"},{"floor":5,"key":"Elixir"},{"floor":6,"key":"Regen Potion"}],"is_trial":false,"path_per_floor":["M","?","?","M","M","E","M","R","T","E","M","M","$","M","R","B"],"character_chosen":"IRONCLAD","items_purchased":["infinitespire:Lucky Rock"],"campfire_rested":1,"item_purchase_floors":[13],"current_hp_per_floor":[64,46,46,56,62,47,39,61,61,51,56,59,59,54,54,0,0],"gold":115,"neow_bonus":"BOSS_RELIC","is_daily":false,"chose_seed":false,"campfire_upgraded":1,"win_rate":0.0,"timestamp":1608590426,"path_taken":["M","?","?","?","?","E","M","R","T","E","M","M","$","M","R","BOSS"],"items_purchased_type":["Relic"],"build_version":"2020-12-13","purchased_purges":0,"victory":false,"max_hp_per_floor":[75,75,75,75,75,75,75,75,75,75,75,75,75,75,75,75,75],"card_choices":[{"not_picked":[],"picked":"Clash","floor":1},{"not_picked":["ReplayTheSpireMod:Black Plague","infinitespire:TheBestDefense"],"picked":"infinitespire:Starlight","floor":2},{"not_picked":[],"picked":"Infernal Blade","floor":4},{"not_picked":["Flex"],"picked":"SKIP","floor":5},{"not_picked":[],"picked":"Flex","floor":5},{"not_picked":[],"picked":"Cleave","floor":6},{"not_picked":[],"picked":"Shockwave","floor":7},{"not_picked":["Dark Embrace"],"picked":"SKIP","floor":10},{"not_picked":["Flame Barrier"],"picked":"SKIP","floor":11},{"not_picked":[],"picked":"Armaments","floor":12},{"not_picked":[],"picked":"Pommel Strike","floor":14}],"player_experience":2614611,"relics_obtained":[{"floor":6,"key":"StuffTheSpire:OldFever"},{"floor":9,"key":"ReplayTheSpireMod:TigerMarble"},{"floor":10,"key":"aspiration:TomeofQuesting"}],"event_choices":[{"cards_removed":["Defend_R"],"damage_healed":0,"gold_gain":0,"player_choice":"Offered Basic","damage_taken":0,"max_hp_gain":0,"max_hp_loss":0,"event_name":"Bonfire Elementals","floor":3,"gold_loss":0}],"is_beta":false,"boss_relics":[],"items_purged_floors":[],"is_endless":false,"potions_floor_spawned":[4,5,6,11,14],"killed_by":"Fading Forest","ascension_level":20}}