{"host":"xodzlm10r37577ou","time":1608555436,"event":{"mods":["Act Like it!","BaseMod","Gensokyo","Koishi","Marisa（F雨　魔理沙）","Minty Spire (QoL Compilation)","Reimu（博丽灵梦）","Replay The Spire","StSLib","【东方二次创作】八云紫mod"],"gold_per_floor":[112,125,425,437,512,512,512],"floor_reached":6,"playtime":148,"items_purged":[],"score":38,"play_id":"b5e4e69f-c493-4ae0-976e-cf7ffadb1a8f","local_time":"20201221205716","is_ascension_mode":true,"campfire_choices":[],"circlet_count":0,"master_deck":["Strike_Lin:ReiMu","Strike_Lin:ReiMu","Strike_Lin:ReiMu","Strike_Lin:ReiMu","Defend_Lin:ReiMu","Defend_Lin:ReiMu","Defend_Lin:ReiMu","Defend_Lin:ReiMu","NB:ReiMu+1","Stagnation:ReiMu","PrepareRite:ReiMu","SpringWay:ReiMu","AlertArray:ReiMu"],"relics":["FlyPower:ReiMu","Old Coin"],"acts_visited":["Exordium"],"potions_floor_usage":[6],"damage_taken":[{"damage":0.0,"enemies":"Cultist","floor":1.0,"turns":3.0},{"damage":0.0,"enemies":"Small Slimes","floor":2.0,"turns":4.0},{"damage":0.0,"enemies":"2 Louse","floor":4.0,"turns":3.0},{"damage":32,"enemies":"Gremlin Nob","floor":6,"turns":6}],"seed_played":"7703328839092359286","potions_obtained":[{"floor":4.0,"key":"LifebloodPotion"}],"is_trial":false,"path_per_floor":["M","M","?","M","?","E"],"character_chosen":"REIMU","items_purchased":[],"campfire_rested":0,"item_purchase_floors":[],"current_hp_per_floor":[65,65,58,58,47,15,15],"gold":512,"neow_bonus":"UPGRADE_CARD","is_daily":false,"chose_seed":false,"campfire_upgraded":0,"win_rate":0.0,"timestamp":1608555436,"path_taken":["M","?","?","M","?","E"],"items_purchased_type":[],"build_version":"2020-12-13","purchased_purges":0,"victory":false,"max_hp_per_floor":[65,65,65,65,65,65,65],"card_choices":[{"not_picked":["OrbThrow:ReiMu","FantasyBorder:ReiMu"],"picked":"PrepareRite:ReiMu","floor":1.0},{"not_picked":["MikOfLucky:ReiMu","FineLineFantasy:ReiMu"],"picked":"SpringWay:ReiMu","floor":2.0},{"not_picked":["SubcavityInstant:ReiMu","SpringWay:ReiMu"],"picked":"AlertArray:ReiMu","floor":4.0}],"player_experience":580386,"relics_obtained":[],"event_choices":[{"damage_healed":0.0,"max_hp_gain":0.0,"max_hp_loss":0.0,"gold_gain":0.0,"event_name":"Scrap Ooze","player_choice":"Success","floor":3.0,"gold_loss":0.0,"damage_taken":7.0,"relics_obtained":["Old Coin"]},{"damage_healed":0.0,"max_hp_gain":0.0,"max_hp_loss":0.0,"gold_gain":75.0,"event_name":"World of Goop","player_choice":"Gather Gold","floor":5.0,"gold_loss":0.0,"damage_taken":11.0}],"is_beta":false,"boss_relics":[],"items_purged_floors":[],"is_endless":false,"potions_floor_spawned":[4],"killed_by":"Gremlin Nob","ascension_level":1}}