{"host":"2461dio7vetlq1z3","time":1608580846,"event":{"mods":["2.2 Compatiblity","AchievementEnabler","BaseMod","Better Third Choice","Hermit","Minty Spire (QoL Compilation)","Relic Stats","Spicy Shops","StSLib","The Cursed","Waifu the Spire"],"gold_per_floor":[110,121,137,137,62,62,94,94,94,105,105,123,155,17,17,114,114,125,18,64,74,90,121,121,150,150,150,169,184,219,229,229,333,333,333],"floor_reached":34,"playtime":2795,"items_purged":["TheCursedMod:Strike_TheCursed","TheCursedMod:Strike_TheCursed"],"score":514,"play_id":"4eaea3f8-ee91-4889-ab3e-5398aa2dd69a","local_time":"20201221210046","is_ascension_mode":true,"campfire_choices":[{"data":"TheCursedMod:ManaBullet","floor":6,"key":"SMITH"},{"data":"TheCursedMod:CursedMace","floor":8,"key":"SMITH"},{"data":"TheCursedMod:CursedBlade","floor":11,"key":"SMITH"},{"floor":15,"key":"REST"},{"data":"TheCursedMod:DarkBarrier","floor":24,"key":"SMITH"},{"floor":27,"key":"REST"},{"data":"TheCursedMod:LuckyCharm","floor":32,"key":"SMITH"}],"circlet_count":0,"master_deck":["TheCursedMod:Strike_TheCursed","TheCursedMod:Defend_TheCursed","TheCursedMod:Defend_TheCursed","TheCursedMod:Defend_TheCursed","TheCursedMod:Defend_TheCursed","TheCursedMod:CursedWand","TheCursedMod:CleanUpWorkshop","TheCursedMod:Dregs","TheCursedMod:Neurasthenia","TheCursedMod:CursedBlade+1","TheCursedMod:ManaBullet+1","TheCursedMod:CursedMace+1","TheCursedMod:ReleasedKnowledge","TheCursedMod:ForbiddenAlchemy","TheCursedMod:SurpriseAttack","TheCursedMod:CursedSpellbook","TheCursedMod:SpitefulPlan","TheCursedMod:DarkBarrier+1","CurseOfTheBell","TheCursedMod:SpitefulPlan+1","TheCursedMod:CursedShiv+1","TheCursedMod:ReleasedStrength","TheCursedMod:LuckyCharm+1","TheCursedMod:ParallelWorld","TheCursedMod:Wield","TheCursedMod:SoulReap","TheCursedMod:CursedSpellbook+1","TheCursedMod:Obscuration+1","TheCursedMod:CursedArmor","TheCursedMod:DemonSword","TheCursedMod:SurpriseAttack","TheCursedMod:VoidForm"],"relics":["TheCursedMod:BlackMagicAdvanced","Tiny Chest","Shuriken","Regal Pillow","Calling Bell","Vajra","Question Card","Prayer Wheel","Art of War","Bag of Marbles","Ginger","Dead Branch","PreservedInsect"],"acts_visited":["Exordium","TheCity","TheBeyond"],"potions_floor_usage":[16,18,18,21,21,22,23,23,23,25,25,25,25,25,29,30,30,30,30,33],"damage_taken":[{"damage":0,"enemies":"Small Slimes","floor":1,"turns":4},{"damage":0,"enemies":"Cultist","floor":2,"turns":3},{"damage":6,"enemies":"2 Louse","floor":3,"turns":2},{"damage":19,"enemies":"Gremlin Nob","floor":7,"turns":4},{"damage":6,"enemies":"Looter","floor":10,"turns":2},{"damage":12,"enemies":"Lots of Slimes","floor":12,"turns":2},{"damage":14,"enemies":"3 Sentries","floor":13,"turns":4},{"damage":29,"enemies":"Hexaghost","floor":16,"turns":7},{"damage":3,"enemies":"2 Thieves","floor":18,"turns":3},{"damage":0,"enemies":"Chosen","floor":21,"turns":4},{"damage":2,"enemies":"Snake Plant","floor":22,"turns":6},{"damage":15,"enemies":"Gremlin Leader","floor":23,"turns":7},{"damage":26,"enemies":"Slavers","floor":25,"turns":6},{"damage":24,"enemies":"3 Cultists","floor":28,"turns":5},{"damage":0,"enemies":"Snecko","floor":29,"turns":2},{"damage":7,"enemies":"Gremlin Leader","floor":30,"turns":4},{"damage":9,"enemies":"Snake Plant","floor":31,"turns":2},{"damage":33,"enemies":"Collector","floor":33,"turns":9}],"seed_played":"2619162171950498551","potions_obtained":[{"floor":2,"key":"DuplicationPotion"},{"floor":7,"key":"CultistPotion"},{"floor":13,"key":"LiquidMemories"},{"floor":30,"key":"Swift Potion"}],"is_trial":false,"path_per_floor":["M","M","M","?","$","R","E","R","T","M","R","M","E","$","R","B",null,"M","$","T","M","M","E","R","E","T","R","M","M","E","M","R","B",null],"character_chosen":"THE_CURSED","items_purchased":["TheCursedMod:SpitefulPlan","TheCursedMod:ReleasedStrength","TheCursedMod:LuckyCharm"],"campfire_rested":2,"item_purchase_floors":[14,19,19],"current_hp_per_floor":[75,75,69,69,69,69,50,50,50,44,44,32,18,18,55,26,75,72,72,72,72,70,55,55,29,29,66,51,61,62,53,53,67,75,75],"gold":333,"neow_bonus":"ONE_RANDOM_RARE_CARD","is_daily":false,"chose_seed":false,"campfire_upgraded":5,"win_rate":0.0,"timestamp":1608580846,"path_taken":["M","M","M","?","$","R","E","R","T","M","R","M","E","$","R","BOSS","M","?","?","M","M","E","R","E","T","R","M","M","E","M","R","BOSS"],"items_purchased_type":["Card","Card","Card"],"build_version":"2020-12-13","purchased_purges":2,"victory":false,"max_hp_per_floor":[75,75,75,75,75,75,75,75,75,75,75,75,75,75,75,75,75,75,75,75,75,75,75,75,75,75,75,75,75,75,75,75,75,75,75],"relic_stats":{"Regal Pillow":30,"counters":[18,76],"Shuriken":[19],"Dead Branch":[99],"Tiny Chest":0,"Prayer Wheel":6,"PreservedInsect":0,"Art of War":[7],"Ginger":[3],"Question Card":16,"obtain_stats":[{"TheCursedMod:BlackMagic101":0,"Regal Pillow":13,"TheCursedMod:BlackMagicAdvanced":34,"Dead Branch":26,"Vajra":17,"PreservedInsect":30,"Ginger":25,"Question Card":17,"Calling Bell":17,"Shuriken":9,"Tiny Chest":7,"Prayer Wheel":17,"Art of War":20,"Bag of Marbles":23},{"TheCursedMod:BlackMagic101":0,"Regal Pillow":7,"TheCursedMod:BlackMagicAdvanced":18,"Dead Branch":13,"Vajra":8,"PreservedInsect":16,"Ginger":13,"Question Card":8,"Calling Bell":8,"Shuriken":4,"Tiny Chest":4,"Prayer Wheel":8,"Art of War":9,"Bag of Marbles":12},{"TheCursedMod:BlackMagic101":0,"Regal Pillow":21,"TheCursedMod:BlackMagicAdvanced":76,"Dead Branch":54,"Vajra":28,"PreservedInsect":65,"Ginger":54,"Question Card":28,"Calling Bell":28,"Shuriken":13,"Tiny Chest":13,"Prayer Wheel":28,"Art of War":31,"Bag of Marbles":48}]},"card_choices":[{"not_picked":["TheCursedMod:SurpriseAttack","TheCursedMod:TacticalStrike"],"picked":"TheCursedMod:CursedBlade","floor":1},{"not_picked":["TheCursedMod:Wield","TheCursedMod:Grudge"],"picked":"TheCursedMod:ManaBullet","floor":2},{"not_picked":["TheCursedMod:Torture","TheCursedMod:Stretching"],"picked":"TheCursedMod:CursedMace","floor":3},{"not_picked":["TheCursedMod:Evocation","TheCursedMod:Stretching"],"picked":"TheCursedMod:ForbiddenAlchemy","floor":7},{"not_picked":["TheCursedMod:SpitefulPray","TheCursedMod:CircleOfBlood"],"picked":"TheCursedMod:SurpriseAttack","floor":10},{"not_picked":["TheCursedMod:CursedStaff","TheCursedMod:Obscuration"],"picked":"TheCursedMod:CursedSpellbook","floor":12},{"not_picked":["TheCursedMod:Stretching","TheCursedMod:UltimatePain","TheCursedMod:Stigma"],"picked":"SKIP","floor":13},{"not_picked":["TheCursedMod:CursedRelics","TheCursedMod:ManaCirculation"],"picked":"TheCursedMod:DarkBarrier","floor":16},{"not_picked":["TheCursedMod:CursedStaff","TheCursedMod:FleshFromBone","TheCursedMod:Stretching"],"picked":"TheCursedMod:SpitefulPlan+1","floor":18},{"not_picked":["TheCursedMod:SmokeScreen","TheCursedMod:CircleOfWindfury","TheCursedMod:CursedBlade+1"],"picked":"TheCursedMod:CursedShiv+1","floor":18},{"not_picked":["TheCursedMod:Torture","TheCursedMod:CursedStaff","TheCursedMod:FleshFromBone+1"],"picked":"TheCursedMod:ParallelWorld","floor":21},{"not_picked":["TheCursedMod:VitalStrike","TheCursedMod:SmokeScreen","TheCursedMod:SpitefulStrike","TheCursedMod:Hemoplague"],"picked":"SKIP","floor":21},{"not_picked":["TheCursedMod:RapidMovement","TheCursedMod:Evocation+1","TheCursedMod:SurpriseAttack+1"],"picked":"TheCursedMod:Wield","floor":22},{"not_picked":["TheCursedMod:Evocation","TheCursedMod:SoulCrush","TheCursedMod:Wield+1","TheCursedMod:FleshFromBone+1"],"picked":"SKIP","floor":22},{"not_picked":["TheCursedMod:ManaCirculation","TheCursedMod:CircleOfCorruption","TheCursedMod:CircleOfFlame","TheCursedMod:StingEye"],"picked":"SKIP","floor":23},{"not_picked":["TheCursedMod:AshesToAshes","TheCursedMod:CircleOfAmplification+1","TheCursedMod:Wield"],"picked":"TheCursedMod:SoulReap","floor":25},{"not_picked":["TheCursedMod:Obscuration","TheCursedMod:CircleOfFlame","TheCursedMod:CircleOfFocus+1"],"picked":"TheCursedMod:CursedSpellbook+1","floor":28},{"not_picked":["TheCursedMod:CursedBlade+1","TheCursedMod:SpitefulStrike","TheCursedMod:PrepareRite"],"picked":"TheCursedMod:Obscuration+1","floor":28},{"not_picked":["TheCursedMod:CursedMace","TheCursedMod:SpreadPlague","TheCursedMod:Torture"],"picked":"TheCursedMod:CursedArmor","floor":29},{"not_picked":["TheCursedMod:SmokeScreen","TheCursedMod:RavingStaff","TheCursedMod:FleshFromBone","TheCursedMod:Stretching"],"picked":"SKIP","floor":29},{"not_picked":["TheCursedMod:VitalStrike+1","TheCursedMod:SaltUponWound","TheCursedMod:Torture+1","TheCursedMod:ReleasedKnowledge"],"picked":"SKIP","floor":30},{"not_picked":["TheCursedMod:Wield","TheCursedMod:CircleOfCorruption+1","TheCursedMod:Torture+1"],"picked":"TheCursedMod:DemonSword","floor":31},{"not_picked":["TheCursedMod:SurpriseAttack","TheCursedMod:Stigma","TheCursedMod:FleshFromBone","TheCursedMod:SoulCrush"],"picked":"SKIP","floor":31},{"not_picked":["TheCursedMod:Stigma","TheCursedMod:FleshFromBone","TheCursedMod:SoulCrush"],"picked":"TheCursedMod:SurpriseAttack","floor":31},{"not_picked":["TheCursedMod:ForbiddenAlchemy","TheCursedMod:OutForBlood","TheCursedMod:DemonicPact"],"picked":"TheCursedMod:VoidForm","floor":33}],"player_experience":826859,"relics_obtained":[{"floor":7,"key":"Tiny Chest"},{"floor":9,"key":"Shuriken"},{"floor":13,"key":"Regal Pillow"},{"floor":17,"key":"Vajra"},{"floor":17,"key":"Question Card"},{"floor":17,"key":"Prayer Wheel"},{"floor":20,"key":"Art of War"},{"floor":23,"key":"Bag of Marbles"},{"floor":25,"key":"Ginger"},{"floor":26,"key":"Dead Branch"},{"floor":30,"key":"PreservedInsect"}],"event_choices":[{"damage_healed":0,"gold_gain":0,"cards_transformed":["TheCursedMod:Strike_TheCursed"],"player_choice":"Transformed","damage_taken":0,"max_hp_gain":0,"max_hp_loss":0,"event_name":"Transmorgrifier","floor":4,"gold_loss":0,"cards_obtained":["TheCursedMod:ReleasedKnowledge"]}],"is_beta":false,"boss_relics":[{"not_picked":["Sozu","Pandora\u0027s Box"],"picked":"Calling Bell"},{"not_picked":["SacredBark","Tiny House"],"picked":"TheCursedMod:BlackMagicAdvanced"}],"items_purged_floors":[5,14],"is_endless":false,"potions_floor_spawned":[2,7,13,22,23,28,30,31],"ascension_level":3}}