{"host":"zivz6e0vf73jivdq","time":1608546134,"event":{"mods":["ATMod(°¢èªMod)","Act Like it!","BaseMod","Friendly Minions","Gensokyo","HololiveMod","Koishi","Marisa£¨ìFÓê¡¡Ä§ÀíÉ³£©","Minty Spire (QoL Compilation)","MostiFishMod","Pale of the Ancients","Prisma Mod","Reimu£¨²©ÀöÁéÃÎ£©","Remilia£¨ÀÙÃ×ÀòÑÇ£©","Replay The Spire","RumiaBox-Â¶Ã×æ«µÄÉñÃØºÐ×Ó","StSLib","The Jungle","The Servant 0.9.4","Youmu£¨»êÆÇÑýÃÎ£©","¡¾¶«·½¶þ´Î´´×÷¡¿°ËÔÆ×Ïmod","¡¾ÒÅÎï¿¨ÅÆ¡¿REMEMod"],"gold_per_floor":[116,116,116,130,130,162,162,191,191,191,203,221,221,221],"floor_reached":13,"playtime":754,"items_purged":[],"score":112,"play_id":"57fb1316-b8b4-4d9b-883b-72101b7f780c","local_time":"20201221182214","is_ascension_mode":true,"campfire_choices":[{"data":"AT_FamilyPortrait","floor":7.0,"key":"SMITH"},{"data":"Defragment","floor":10.0,"key":"SMITH"}],"circlet_count":0,"master_deck":["Strike_B","Strike_B","Strike_B+1","Strike_B","Defend_B","Defend_B+1","Defend_B","Defend_B+1","Zap","Dualcast+1","MostiFishMod:InterfaceCompatibility+1","AT_FamilyPortrait+1","Capacitor","Sweeping Beam","Defragment+1","FIFO Queue","White Noise"],"relics":["DaveBox","REME_ComplimentaryCards","AT_ATBox","SlaversCollar","DSteel32","Question Card","PlanX","AT_ChloranthyRing","Replay:Towering Pillar of Hats"],"acts_visited":["Exordium"],"potions_floor_usage":[13],"damage_taken":[{"damage":0.0,"enemies":"Jaw Worm","floor":1.0,"turns":6.0},{"damage":10.0,"enemies":"Small Slimes","floor":4.0,"turns":3.0},{"damage":28.0,"enemies":"Lagavulin","floor":6.0,"turns":6.0},{"damage":8.0,"enemies":"2 Louse","floor":11.0,"turns":2.0},{"damage":16.0,"enemies":"Large Slime","floor":12.0,"turns":6.0},{"damage":23,"enemies":"Gremlin Nob","floor":13,"turns":3}],"seed_played":"8301745664682555103","potions_obtained":[{"floor":4.0,"key":"SpeedPotion"},{"floor":12.0,"key":"Weak Potion"}],"is_trial":false,"path_per_floor":["M","?","?","M","?","E","R","?","T","R","M","M","E"],"character_chosen":"DEFECT","items_purchased":[],"campfire_rested":0,"item_purchase_floors":[],"current_hp_per_floor":[70,67,67,57,62,34,34,34,34,34,26,10,0,0],"gold":221,"neow_bonus":"BOSS_RELIC","is_daily":false,"chose_seed":false,"campfire_upgraded":2,"win_rate":0.0,"timestamp":1608546134,"path_taken":["M","?","?","M","?","E","R","?","T","R","?","M","E"],"items_purchased_type":[],"build_version":"2020-12-13","purchased_purges":0,"victory":false,"max_hp_per_floor":[75,75,75,75,80,80,80,80,80,80,80,80,80,80],"card_choices":[{"not_picked":["Compile Driver","Hologram"],"picked":"Capacitor","floor":1.0},{"not_picked":["Rebound","Stack","Go for the Eyes"],"picked":"Sweeping Beam","floor":4.0},{"not_picked":["AT_WarpDrive","BasicCrystalCard","Panic Button"],"picked":"Defragment","floor":6.0},{"not_picked":["Defragment","Force Field","ReplayTheSpireMod:Calculation Training"],"picked":"FIFO Queue","floor":11.0},{"not_picked":["AT_ThunderBolt","Rip and Tear","Storm"],"picked":"White Noise","floor":12.0}],"player_experience":717877,"relics_obtained":[{"floor":1.0,"key":"Question Card"},{"floor":6.0,"key":"AT_ChloranthyRing"},{"floor":8.0,"key":"Replay:Towering Pillar of Hats"}],"event_choices":[{"damage_healed":0.0,"max_hp_gain":0.0,"max_hp_loss":0.0,"gold_gain":0.0,"event_name":"Scrap Ooze","player_choice":"Success","floor":2.0,"gold_loss":0.0,"damage_taken":3.0,"relics_obtained":["PlanX"]},{"damage_healed":0.0,"max_hp_gain":5.0,"max_hp_loss":0.0,"gold_gain":0.0,"event_name":"Big Fish","player_choice":"Donut","floor":5.0,"gold_loss":0.0,"damage_taken":0.0}],"is_beta":false,"boss_relics":[],"items_purged_floors":[],"is_endless":false,"potions_floor_spawned":[4,12],"killed_by":"Gremlin Nob","ascension_level":7}}