{"host":"g8bj5uairaafp22z","time":1608550069,"event":{"mods":["AchievementEnabler","BaseMod","BetterRewards","Card Forge","Colored Powertips","Infinite Spire","Minty Spire (QoL Compilation)","Quick Restart","Replay The Spire","StSLib"],"gold_per_floor":[109,109,109,109,125,139,153,179,179,7,32,69,132,132,132,50,50,154,172,196,205,250,302,311,379,488,488,514,514,533,561,598,598,598,744,771,877,1295,1295,1398,1407,1525,1525,1534,1559,1701,725,725,50,80,80,80],"floor_reached":53,"playtime":3720,"items_purged":[],"score":1369,"play_id":"f52e7c40-bbaf-42a9-b0d2-57b72e827810","local_time":"20201221122749","is_ascension_mode":true,"campfire_choices":[{"floor":9.0,"key":"REST"},{"floor":14.0,"key":"REST"},{"floor":17.0,"key":"REST"},{"floor":27.0,"key":"REST"},{"data":"Devotion","floor":29.0,"key":"SMITH"},{"floor":34.0,"key":"REST"},{"data":"Replay:AtTheReady","floor":43,"key":"SMITH"},{"floor":51,"key":"DIG"}],"circlet_count":0,"master_deck":["Defend_P","Defend_P","Defend_P","Eruption+1","Vigilance+1","Neutralize+1","Halt+1","Replay:Vibes+1","Replay:Hum+1","ReachHeaven+1","Wish+1","FollowUp+1","SignatureMove+1","SandsOfTime+1","Brilliance+1","Devotion+1","DevaForm+1","Replay:AtTheReady+1","Bite+1","Bite+1","Bite+1","Bite+1","Bite+1","Study+1","Wireheading","Nirvana+1","Replay:LoomingThreat+1","Pray+1","infinitespire:SevenWalls+1","TalkToTheHand+1","Fasting2+1","Panacea+1","ReachHeaven+1","LikeWater+1","Panache+1","MentalFortress+1"],"relics":["HolyWater","Hammer of Thor","Seething Fire","Anvil of the Gods","Ancient Tea Set","infinitespire:Lucky Rock","CeramicFish","Replay:Rubber Ducky","Odd Mushroom","Replay:Wax Seal","Replay:Ringing Soul","Anchor","Bag of Marbles","Vajra","Replay:Baseball","ChewingGum","Mirror","infinitespire:EvilPickle","Replay:Ancient Bell","Bronze Scales","infinitespire:Bottled Soul","Durian","Old Coin","WingedGreaves","ReplayTheSpireMod:Ring of Exchange","Replay:Mystery Machine","Bag of Preparation","Darkstone Periapt","ClockworkSouvenir","InkBottle","Molten Egg 2","Lee\u0027s Waffle","Orichalcum","infinitespire:FocusingShard","Gremlin Food","Gambling Chip"],"acts_visited":["Exordium","TheCity","TheBeyond"],"potions_floor_usage":[49,52,52],"damage_taken":[{"damage":0.0,"enemies":"Jaw Worm","floor":1.0,"turns":3.0},{"damage":0.0,"enemies":"Cultist","floor":5.0,"turns":3.0},{"damage":4.0,"enemies":"Small Slimes","floor":6.0,"turns":4.0},{"damage":0.0,"enemies":"Looter","floor":7.0,"turns":2.0},{"damage":39.0,"enemies":"3 Sentries","floor":8.0,"turns":11.0},{"damage":6.0,"enemies":"Gremlin Nob","floor":12.0,"turns":3.0},{"damage":23.0,"enemies":"The Mushroom Lair","floor":13.0,"turns":4.0},{"damage":0.0,"enemies":"Slime Boss","floor":18.0,"turns":5.0},{"damage":18.0,"enemies":"3 Byrds","floor":20.0,"turns":6.0},{"damage":3.0,"enemies":"Chosen","floor":23.0,"turns":4.0},{"damage":43.0,"enemies":"Gremlin Leader","floor":25.0,"turns":7.0},{"damage":0.0,"enemies":"Shelled Parasite and Fungi","floor":30.0,"turns":5.0},{"damage":16.0,"enemies":"Cultist and Chosen","floor":31.0,"turns":6.0},{"damage":39.0,"enemies":"Slavers","floor":32.0,"turns":7.0},{"damage":5.0,"enemies":"Pondfish","floor":35.0,"turns":9.0},{"damage":17.0,"enemies":"3 Shapes","floor":37.0,"turns":4.0},{"damage":18.0,"enemies":"infinitespire:Three Voidlings","floor":38.0,"turns":4.0},{"damage":86.0,"enemies":"Nightmare_Alpha","floor":38.0,"turns":8.0},{"damage":0,"enemies":"Orb Walker","floor":40,"turns":4},{"damage":0,"enemies":"R_Hoarder","floor":42,"turns":6},{"damage":0,"enemies":"Giant Head","floor":46,"turns":6},{"damage":0,"enemies":"R_Hoarder","floor":50,"turns":5},{"damage":5,"enemies":"Donu and Deca","floor":52,"turns":7}],"seed_played":"-4053538053438121688","potions_obtained":[{"floor":5.0,"key":"SpeedPotion"},{"floor":6.0,"key":"Fire Potion"},{"floor":8.0,"key":"Elixir"},{"floor":13.0,"key":"Adrenaline Potion"},{"floor":20.0,"key":"Block Potion"},{"floor":31.0,"key":"Elixir"},{"floor":32.0,"key":"SteroidPotion"},{"floor":38,"key":"Languid Potion"},{"floor":40,"key":"Fire Potion"},{"floor":50,"key":"Languid Potion"}],"is_trial":false,"path_per_floor":["M","?","PTL","PTL","M","M","M","E","R","$","T","E","?","R","?","$","R","B",null,"M","?","?","M","?","E","?","R","T","R","M","M","E","AVR","R","B",null,"M","?","AVR","M","?","E","R","?","T","E","$","?","$","E","R","B",null],"character_chosen":"WATCHER","items_purchased":["infinitespire:Lucky Rock","FollowUp","Replay:Wax Seal","LikeWater","ClockworkSouvenir","InkBottle","Panache","Doom Potion","Molten Egg 2","Lee\u0027s Waffle","Orichalcum","infinitespire:FocusingShard","Fruit Juice","MentalFortress"],"campfire_rested":5,"item_purchase_floors":[10,10,16,47,47,47,47,47,47,49,49,49,49,49],"current_hp_per_floor":[86,86,86,86,86,82,82,43,68,68,68,62,39,64,64,64,86,86,86,68,71,65,65,68,37,40,63,63,63,72,64,46,46,70,85,94,83,45,45,57,60,72,72,75,75,90,93,93,130,130,130,128],"gold":80,"neow_bonus":"TWENTY_PERCENT_HP_BONUS","is_daily":false,"chose_seed":false,"campfire_upgraded":2,"win_rate":0.0,"timestamp":1608550069,"path_taken":["M","?","PTL","PTL","M","?","M","E","R","$","T","E","?","R","?","$","R","BOSS","M","?","?","M","?","E","?","R","T","R","M","M","E","AVR","R","BOSS","M","?","AVR","M","?","E","R","?","T","E","$","?","$","E","R","BOSS"],"items_purchased_type":["Relic","Card","Relic","Card","Relic","Relic","Card","Potion","Relic","Relic","Relic","Relic","Potion","Card"],"build_version":"2020-12-13","purchased_purges":0,"victory":true,"max_hp_per_floor":[86,86,86,86,86,86,86,86,86,86,86,86,86,86,86,86,86,86,86,86,89,65,68,71,74,77,77,77,77,77,80,83,83,83,86,94,97,100,100,103,106,106,106,109,109,112,115,115,130,130,130,130],"card_choices":[{"not_picked":["CrushJoints","Evaluate"],"picked":"Halt","floor":1.0},{"not_picked":["FollowUp","EmptyFist"],"picked":"Replay:Vibes","floor":5.0},{"not_picked":["CrushJoints","ThirdEye"],"picked":"Replay:Hum","floor":6.0},{"not_picked":["Halt","EmptyBody"],"picked":"ReachHeaven","floor":7.0},{"not_picked":["EmptyBody","Replay:ManipulateFuture"],"picked":"Wish","floor":8.0},{"not_picked":["FearNoEvil","Replay:BluntJabs"],"picked":"SignatureMove","floor":12.0},{"not_picked":["ForeignInfluence","Crescendo"],"picked":"SandsOfTime","floor":13.0},{"not_picked":["Vault","Blasphemy"],"picked":"Brilliance","floor":18.0},{"not_picked":["Replay:BluntJabs","Weave"],"picked":"Replay:AtTheReady","floor":20.0},{"not_picked":["Replay:ManipulateFuture","CrushJoints"],"picked":"Meditate+1","floor":23.0},{"not_picked":["FlurryOfBlows","SignatureMove"],"picked":"ReachHeaven","floor":25.0},{"not_picked":["JustLucky","FlurryOfBlows","Prostrate"],"picked":"SKIP","floor":30.0},{"not_picked":["CrushJoints","FollowUp"],"picked":"Wireheading","floor":31.0},{"not_picked":["Protect","FlurryOfBlows","Replay:BluntJabs"],"picked":"SKIP","floor":32.0},{"not_picked":["Protect","FlurryOfBlows"],"picked":"Replay:BluntJabs","floor":32.0},{"not_picked":["Establishment","MasterReality"],"picked":"Replay:LoomingThreat","floor":35.0},{"not_picked":["Parasite","ReplayTheSpireMod:IOU"],"picked":"CommonCold","floor":36.0},{"not_picked":["Parasite","infinitespire:Pacifist"],"picked":"Replay:Hysterical Blindness","floor":36.0},{"not_picked":["infinitespire:Pacifist","ReplayTheSpireMod:Restless Dread"],"picked":"Doubt","floor":36.0},{"not_picked":["Wireheading","ForeignInfluence+1"],"picked":"Pray+1","floor":37.0},{"not_picked":["infinitespire:Menacing","ReplayTheSpireMod:Black Plague"],"picked":"infinitespire:SevenWalls","floor":38},{"not_picked":["JustLucky","SashWhip"],"picked":"TalkToTheHand","floor":38},{"not_picked":["Fasting2+1","Protect+1","Tantrum+1"],"picked":"SKIP","floor":40},{"not_picked":["Protect+1","Tantrum+1"],"picked":"Fasting2+1","floor":40},{"not_picked":["Judgement","SpiritShield","Replay:AtTheReady+1"],"picked":"SKIP","floor":42},{"not_picked":["Good Instincts","Dark Shackles"],"picked":"Panacea","floor":44},{"not_picked":["Meditate","EmptyMind+1"],"picked":"ReachHeaven+1","floor":46},{"not_picked":["Replay:ManipulateFuture","Replay:BluntJabs+1","Replay:AtTheReady"],"picked":"SKIP","floor":50}],"player_experience":456966,"relics_obtained":[{"floor":8.0,"key":"Ancient Tea Set"},{"floor":11.0,"key":"CeramicFish"},{"floor":12.0,"key":"Replay:Rubber Ducky"},{"floor":13.0,"key":"Odd Mushroom"},{"floor":25.0,"key":"Anchor"},{"floor":26.0,"key":"Bag of Marbles"},{"floor":28.0,"key":"Vajra"},{"floor":32.0,"key":"Replay:Baseball"},{"floor":38,"key":"Old Coin"},{"floor":41,"key":"ReplayTheSpireMod:Ring of Exchange"},{"floor":42,"key":"Replay:Mystery Machine"},{"floor":45,"key":"Bag of Preparation"},{"floor":46,"key":"Darkstone Periapt"},{"floor":50,"key":"Gremlin Food"},{"floor":51,"key":"Gambling Chip"}],"event_choices":[{"damage_healed":0.0,"max_hp_gain":0.0,"max_hp_loss":0.0,"gold_gain":0.0,"event_name":"The Woman in Blue","player_choice":"Bought 0 Potions","floor":2.0,"gold_loss":0.0,"damage_taken":0.0},{"damage_healed":0.0,"max_hp_gain":0.0,"max_hp_loss":0.0,"gold_gain":0.0,"event_name":"Mushrooms","player_choice":"Fought Mushrooms","floor":13.0,"gold_loss":0.0,"damage_taken":0.0},{"damage_healed":0.0,"max_hp_gain":0.0,"max_hp_loss":0.0,"gold_gain":0.0,"event_name":"The Mausoleum","player_choice":"Opened","floor":21.0,"gold_loss":0.0,"damage_taken":0.0,"relics_obtained":["Replay:Ringing Soul"],"cards_obtained":["Writhe"]},{"damage_healed":0.0,"max_hp_gain":0.0,"max_hp_loss":27.0,"gold_gain":0.0,"event_name":"Vampires","player_choice":"Became a vampire","floor":22.0,"gold_loss":0.0,"damage_taken":0.0,"cards_obtained":["Bite","Bite","Bite","Bite","Bite"]},{"damage_healed":0.0,"max_hp_gain":0.0,"max_hp_loss":0.0,"gold_gain":0.0,"event_name":"The Library","player_choice":"Read","floor":24.0,"gold_loss":0.0,"damage_taken":0.0,"cards_obtained":["Study"]},{"damage_healed":32,"gold_gain":0,"player_choice":"Heal","damage_taken":0,"max_hp_gain":0,"max_hp_loss":0,"event_name":"The Library","floor":38,"gold_loss":0},{"damage_healed":0,"gold_gain":0,"player_choice":"Memory 1","damage_taken":0,"max_hp_gain":0,"max_hp_loss":0,"event_name":"SensoryStone","floor":44,"gold_loss":0},{"cards_removed":["Defend_P"],"damage_healed":0,"gold_gain":0,"player_choice":"Removed Skill","damage_taken":0,"max_hp_gain":0,"max_hp_loss":0,"event_name":"Falling","floor":48,"gold_loss":0}],"is_beta":false,"boss_relics":[{"not_picked":["Tiny House","Velvet Choker"],"picked":"HolyWater"},{"not_picked":["Empty Cage","infinitespire:Cupcake"],"picked":"Replay:Ancient Bell"},{"not_picked":["Regal Pillow","infinitespire:Satchel"],"picked":"Bronze Scales"},{"not_picked":["Meat on the Bone","Replay:Bottled Flurry"],"picked":"infinitespire:Bottled Soul"},{"not_picked":["Replay:PocketPolymizer","Du-Vu Doll"],"picked":"Durian"}],"items_purged_floors":[],"is_endless":false,"potions_floor_spawned":[5,6,8,13,20,31,32,38,40,50],"ascension_level":2}}