{"host":"5jn3rki867005t18","time":1608526270,"event":{"mods":["AchievementEnabler","BaseMod","Colored Map","Minty Spire (QoL Compilation)","Rare Cards Sparkle","StSLib","SuperFastMode"],"gold_per_floor":[115,128,128,147,167,181,195,195,222,241,310,330,340,354,354,452,452,470,488,506,523,543,543,210,210,237,252,252,267,180,197,197,197,197],"floor_reached":33,"playtime":2108,"items_purged":[],"score":251,"play_id":"bb28bc09-e1e2-451a-9a9e-2a323ed67575","local_time":"20201221135110","is_ascension_mode":false,"campfire_choices":[{"data":"Heavy Blade","floor":8.0,"key":"SMITH"},{"data":"Armaments","floor":15.0,"key":"SMITH"},{"floor":23.0,"key":"REST"},{"floor":28,"key":"REST"},{"floor":32,"key":"REST"}],"circlet_count":0,"master_deck":["Strike_R","Strike_R","Strike_R","Strike_R","Strike_R","Defend_R","Defend_R","Defend_R","Defend_R","Bash","Clothesline","Ghostly Armor","Heavy Blade+1","Metallicize","Anger","Disarm","Thunderclap","Shrug It Off","Armaments+1","Pommel Strike","Limit Break","Twin Strike+1","Shrug It Off+1","Perfected Strike","Rupture","True Grit+1","Combust","Iron Wave","Evolve","Fire Breathing","Infernal Blade"],"relics":["Burning Blood","Happy Flower","Pantograph","Potion Belt","Velvet Choker","FossilizedHelix","Bag of Preparation"],"acts_visited":["Exordium","TheCity"],"potions_floor_usage":[29,33,33],"damage_taken":[{"damage":11.0,"enemies":"Jaw Worm","floor":1.0,"turns":4.0},{"damage":4.0,"enemies":"Cultist","floor":2.0,"turns":4.0},{"damage":5.0,"enemies":"2 Louse","floor":4.0,"turns":2.0},{"damage":11.0,"enemies":"2 Fungi Beasts","floor":5.0,"turns":5.0},{"damage":9.0,"enemies":"3 Louse","floor":6.0,"turns":3.0},{"damage":7.0,"enemies":"Large Slime","floor":7.0,"turns":6.0},{"damage":5.0,"enemies":"2 Fungi Beasts","floor":10.0,"turns":3.0},{"damage":9.0,"enemies":"Exordium Wildlife","floor":12.0,"turns":5.0},{"damage":2.0,"enemies":"Looter","floor":13.0,"turns":4.0},{"damage":12.0,"enemies":"Lots of Slimes","floor":14.0,"turns":4.0},{"damage":51.0,"enemies":"Hexaghost","floor":16.0,"turns":13.0},{"damage":27.0,"enemies":"3 Byrds","floor":18.0,"turns":8.0},{"damage":3.0,"enemies":"Chosen","floor":19.0,"turns":6.0},{"damage":14.0,"enemies":"Snecko","floor":20.0,"turns":7.0},{"damage":21.0,"enemies":"Snake Plant","floor":21.0,"turns":3.0},{"damage":34.0,"enemies":"Cultist and Chosen","floor":22.0,"turns":8.0},{"damage":18.0,"enemies":"Centurion and Healer","floor":27.0,"turns":5.0},{"damage":23,"enemies":"Snake Plant","floor":29,"turns":4},{"damage":18,"enemies":"Shelled Parasite and Fungi","floor":31,"turns":8},{"damage":85,"enemies":"Automaton","floor":33,"turns":8}],"seed_played":"-495916433668380986","potions_obtained":[{"floor":1.0,"key":"Dexterity Potion"},{"floor":4.0,"key":"BloodPotion"},{"floor":6.0,"key":"Strength Potion"},{"floor":7.0,"key":"PowerPotion"},{"floor":10.0,"key":"DistilledChaos"},{"floor":16.0,"key":"Regen Potion"},{"floor":20.0,"key":"LiquidBronze"},{"floor":27.0,"key":"Ancient Potion"}],"is_trial":false,"path_per_floor":["M","M","?","M","M","M","M","R","T","M","?","M","M","M","R","B",null,"M","M","M","M","M","R","$","?","T","M","R","M","$","M","R","B"],"character_chosen":"IRONCLAD","items_purchased":["Combust","FossilizedHelix","Fire Breathing","BloodPotion"],"campfire_rested":3,"item_purchase_floors":[24,24,30,30],"current_hp_per_floor":[75,77,77,78,73,70,69,69,69,70,70,67,71,65,65,51,80,59,62,54,39,11,35,35,35,35,23,47,30,30,18,42,0,0],"gold":197,"neow_bonus":"RANDOM_COMMON_RELIC","is_daily":false,"chose_seed":false,"campfire_upgraded":2,"win_rate":0.0,"timestamp":1608526270,"path_taken":["M","M","?","M","?","M","M","R","T","M","?","M","M","M","R","BOSS","M","M","M","M","M","R","$","?","T","M","R","M","$","M","R","BOSS"],"items_purchased_type":["Card","Relic","Card","Potion"],"build_version":"2020-12-13","purchased_purges":0,"victory":false,"max_hp_per_floor":[80,80,80,80,80,80,80,80,80,80,80,80,80,80,80,80,80,80,80,80,80,80,80,80,80,80,80,80,80,80,80,80,80,80],"card_choices":[{"not_picked":["Fire Breathing","Armaments"],"picked":"Clothesline","floor":1.0},{"not_picked":["Clothesline","Bloodletting"],"picked":"Ghostly Armor","floor":2.0},{"not_picked":["Wild Strike","Double Tap"],"picked":"Heavy Blade","floor":4.0},{"not_picked":["True Grit","Twin Strike"],"picked":"Metallicize","floor":5.0},{"not_picked":["Headbutt","Shrug It Off"],"picked":"Anger","floor":6.0},{"not_picked":["Immolate","Armaments"],"picked":"Disarm","floor":7.0},{"not_picked":["Perfected Strike","Headbutt"],"picked":"Thunderclap","floor":10.0},{"not_picked":["True Grit","Anger"],"picked":"Shrug It Off","floor":12.0},{"not_picked":["Wild Strike","Shrug It Off"],"picked":"Armaments","floor":13.0},{"not_picked":["Dual Wield","Armaments"],"picked":"Pommel Strike","floor":14.0},{"not_picked":["Bludgeon","Corruption"],"picked":"Limit Break","floor":16.0},{"not_picked":["Anger","Shockwave"],"picked":"Twin Strike+1","floor":18.0},{"not_picked":["Twin Strike","Thunderclap"],"picked":"Shrug It Off+1","floor":19.0},{"not_picked":["Armaments","Rupture"],"picked":"Perfected Strike","floor":20.0},{"not_picked":["Intimidate","Hemokinesis"],"picked":"Rupture","floor":21.0},{"not_picked":["Heavy Blade+1","Body Slam"],"picked":"True Grit+1","floor":22.0},{"not_picked":["Metallicize+1","Dropkick"],"picked":"Iron Wave","floor":27.0},{"not_picked":["Iron Wave","Rupture+1"],"picked":"Evolve","floor":29},{"not_picked":["Reckless Charge","True Grit+1"],"picked":"Infernal Blade","floor":31}],"player_experience":22419,"relics_obtained":[{"floor":9.0,"key":"Potion Belt"},{"floor":26.0,"key":"Bag of Preparation"}],"event_choices":[{"damage_healed":0.0,"max_hp_gain":0.0,"max_hp_loss":0.0,"gold_gain":0.0,"event_name":"WeMeetAgain","player_choice":"Gave Potion","floor":3.0,"gold_loss":0.0,"damage_taken":0.0,"relics_obtained":["Pantograph"]},{"damage_healed":0.0,"max_hp_gain":0.0,"max_hp_loss":0.0,"gold_gain":69.0,"event_name":"Golden Wing","player_choice":"Gained Gold","floor":11.0,"gold_loss":0.0,"damage_taken":0.0},{"damage_healed":0.0,"max_hp_gain":0.0,"max_hp_loss":0.0,"gold_gain":0.0,"event_name":"Vampires","player_choice":"Ignored","floor":25.0,"gold_loss":0.0,"damage_taken":0.0}],"is_beta":false,"boss_relics":[{"not_picked":["Busted Crown","Calling Bell"],"picked":"Velvet Choker"}],"items_purged_floors":[],"is_endless":false,"potions_floor_spawned":[1,4,6,7,10,16,20,27],"killed_by":"Automaton","ascension_level":0}}