{"host":"hione0pk5ff35p8e","time":1608588794,"event":{"mods":["AchievementEnabler","Aspiration","Bard","BaseMod","Beaked The Cultist","Better Altar","Better Match","Better Note","Better Sensory Stone","Better Skull","Better Third Choice","BetterRewards","CCEM","Clawfect","Colored Map","Conspire","Downfall","GifTheSpireLib","Googly Eyes","Halation","Hermit","Highlight Path","Hubris","Hunter ??","Infinite Spire","Jedi Mod","Jorbs\u0027s Wanderer Trilogy","Mad Scientist","Marisa????????","Mimic Mod","Minty Spire (QoL Compilation)","Permanent Neow","Rare Cards Sparkle","Replay The Spire","Shade Mod","Shop Mod","Spicy Shops","StSLib","Stuff the Spire","Td1madao Mod","The Administrix","The Blackbeard","The Bug Knight","The Construct","The Cursed","The Disciple","The Gatherer","The Hierophant","The IronCluck","The Jungle","The Mystic","The Necromancer","The Problem Sleuth","The Runesmith","The Servant 0.9.4","The Spell Scribe","The Wild Card","The Witch","Unceasing Turn Reminder","[IsaacMod]????","everything is the same but u backflip on backflip","slay the spire mod where everything is the same but ironclad has a cowboy hat"],"gold_per_floor":[349,359,359,4,22,55,55,73,93,93,109,109,219,219,239,340,340,340,265,30,12,12,27,67,67,100,100,118,30,49,73,85,187,187,187,206,206,226,226,243,243,257,257,285,285,302,302,302,302],"floor_reached":47,"playtime":2801,"items_purged":["Pain","Guardian:SpikerProtocol"],"score":504,"play_id":"4a41db3c-4b8b-45f3-8701-9bcb39c54728","local_time":"20201221231314","is_ascension_mode":false,"campfire_choices":[{"data":"Guardian:DonusPower","floor":10.0,"key":"SMITH"},{"data":"Guardian:StasisField","floor":18.0,"key":"SMITH"},{"data":"Guardian:DonusPower","floor":22.0,"key":"SMITH"},{"data":"Guardian:PiercingHide","floor":25.0,"key":"SMITH"},{"data":"Guardian:WalkerClaw","floor":27.0,"key":"SMITH"},{"data":"Guardian:PrismaticBeam","floor":35,"key":"SMITH"},{"data":"Guardian:ShieldSpikes","floor":45,"key":"SMITH"}],"circlet_count":0,"master_deck":["Guardian:Strike_Guardian","Guardian:Strike_Guardian","Guardian:Strike_Guardian","Guardian:Strike_Guardian","Guardian:Defend_Guardian","Guardian:Defend_Guardian","Guardian:Defend_Guardian","Guardian:Defend_Guardian","Guardian:CurlUp","Guardian:TwinSlam","Guardian:CrystalBeam","Guardian:EvasiveProtocol","Guardian:SentryBeam","Guardian:TimeSifter","Guardian:ShieldCharger","Guardian:ChargeUp","Guardian:DonusPower+1","Guardian:ShieldSpikes+1","Guardian:WalkerClaw+1","Guardian:StasisField+1","Guardian:DonusPower+1","Guardian:PiercingHide+1","Guardian:PrimingBeam+1","Guardian:ChargeCore+1","Guardian:PrismaticBeam+1","Guardian:ExploitGems","Guardian:TimeCapacitor+1","Guardian:Repulse+1"],"relics":["Guardian:ModeShifter","WarpedTongs","Lantern","jedi:cryingmask","hubris:Icosahedron","Honey Jar","Bottled Lightning","aspiration:HummingbirdHeart","MealTicket","conspire:SeveredTorchhead","aspiration:HiddenCompartment","halation:TwoAmDonut","jedi:arcanewood"],"acts_visited":["Exordium","TheCity","TheBeyond"],"potions_floor_usage":[44,44,44],"damage_taken":[{"damage":0.0,"enemies":"2 Louse","floor":2.0,"turns":4.0},{"damage":7.0,"enemies":"downfall:FleeingMerchant","floor":4.0,"turns":4.0},{"damage":2.0,"enemies":"Cultist","floor":5.0,"turns":4.0},{"damage":18.0,"enemies":"Gremlin Nob","floor":6.0,"turns":5.0},{"damage":0.0,"enemies":"Small Slimes","floor":8.0,"turns":4.0},{"damage":7.0,"enemies":"Blue Slaver","floor":9.0,"turns":4.0},{"damage":0.0,"enemies":"2 Fungi Beasts","floor":11.0,"turns":3.0},{"damage":7.0,"enemies":"Exordium Thugs","floor":13.0,"turns":4.0},{"damage":12.0,"enemies":"Exordium Wildlife","floor":15.0,"turns":3.0},{"damage":19.0,"enemies":"downfall:Ironclad","floor":16.0,"turns":9.0},{"damage":0.0,"enemies":"downfall:FleeingMerchant","floor":20.0,"turns":4.0},{"damage":3.0,"enemies":"Shell Parasite","floor":21.0,"turns":4.0},{"damage":7.0,"enemies":"3 Byrds","floor":23.0,"turns":2.0},{"damage":0.0,"enemies":"Shelled Parasite and Fungi","floor":24.0,"turns":5.0},{"damage":11.0,"enemies":"Slavers","floor":26.0,"turns":4.0},{"damage":7.0,"enemies":"Shelled Parasite and Fungi","floor":28.0,"turns":3.0},{"damage":0.0,"enemies":"downfall:FleeingMerchant","floor":29.0,"turns":4.0},{"damage":0.0,"enemies":"Sentry and Sphere","floor":30.0,"turns":4.0},{"damage":0.0,"enemies":"Snake Plant","floor":32.0,"turns":4.0},{"damage":4.0,"enemies":"downfall:Defect","floor":33.0,"turns":7.0},{"damage":17,"enemies":"3 Darklings","floor":36,"turns":5},{"damage":5,"enemies":"Orb Walker","floor":38,"turns":3},{"damage":0,"enemies":"3 Darklings","floor":40,"turns":4},{"damage":34,"enemies":"4 Shapes","floor":42,"turns":5},{"damage":16,"enemies":"Giant Head","floor":44,"turns":8},{"damage":2,"enemies":"3 Darklings","floor":46,"turns":3},{"damage":2,"enemies":"Sphere and 2 Shapes","floor":47,"turns":1}],"seed_played":"-3931164864884395779","potions_obtained":[{"floor":1.0,"key":"Swift Potion"},{"floor":1.0,"key":"Guardian:AcceleratePotion"},{"floor":6.0,"key":"jedi:tentaclejuice"},{"floor":11.0,"key":"jedi:wingpotion"},{"floor":13.0,"key":"Regen Potion"},{"floor":15.0,"key":"Cursed Concoction"},{"floor":16.0,"key":"Weak Potion"},{"floor":21.0,"key":"Fire Potion"},{"floor":30.0,"key":"BlessingOfTheForge"},{"floor":33.0,"key":"SteroidPotion"},{"floor":38,"key":"EssenceOfSteel"},{"floor":42,"key":"AttackPotion"}],"is_trial":false,"path_per_floor":["R_BF","M","?","$","M","E","T","M","M","R","M","?","M","?","M","B",null,"R","?","$","M","R","M","MIM","R","E","R","M","$","M","T","M","B",null,"R","M","?","M","?","M","T","M","?","E","R","M","M"],"character_chosen":"GUARDIAN","items_purchased":["Lantern","Guardian:EvasiveProtocol","Guardian:SentryBeam","Guardian:DonusPower","Guardian:PrismaticBeam"],"campfire_rested":0,"item_purchase_floors":[4,4,4,20,29],"current_hp_per_floor":[72,72,72,65,63,45,45,45,38,38,38,38,31,34,31,12,75,75,75,75,72,72,65,65,65,54,54,47,47,47,47,47,43,75,75,58,58,53,53,53,53,19,19,3,3,1,0,0,0],"gold":302,"neow_bonus":"TWO_FIFTY_GOLD","is_daily":false,"chose_seed":false,"campfire_upgraded":7,"win_rate":0.0,"timestamp":1608588794,"path_taken":["R_BF","M","?","$","M","E","T","?","M","R","M","?","M","?","M","BOSS","R","?","?","M","R","M","MIM","R","E","R","M","$","M","?","M","BOSS","R","M","?","M","?","M","T","M","?","E","R","M","?"],"items_purchased_type":["Relic","Card","Card","Card","Card"],"build_version":"2020-12-13","purchased_purges":2,"victory":false,"max_hp_per_floor":[72,72,72,72,72,72,72,72,72,72,72,72,72,75,75,75,75,75,75,75,75,75,75,75,75,75,75,75,75,75,75,75,75,75,75,75,75,75,75,75,75,75,75,75,75,75,75,75,75],"card_choices":[{"not_picked":["Guardian:PiercingHide","Guardian:ChargeCore"],"picked":"Guardian:CrystalBeam","floor":2.0},{"not_picked":["Guardian:RollAttack","Guardian:Reroute","Guardian:PrimingBeam"],"picked":"SKIP","floor":4.0},{"not_picked":["Guardian:Planning","Guardian:Suspension"],"picked":"Guardian:TimeSifter","floor":5.0},{"not_picked":["Guardian:FastForward","Guardian:TemporalStrike"],"picked":"Guardian:ShieldCharger","floor":6.0},{"not_picked":["Guardian:Preprogram","Guardian:PiercingHide"],"picked":"Guardian:ChargeUp","floor":8.0},{"not_picked":["Guardian:Gem_Lightblue","Guardian:PiercingHide"],"picked":"Guardian:DonusPower","floor":9.0},{"not_picked":["Guardian:Preprogram","Guardian:PrismaticBarrier"],"picked":"Guardian:SpikerProtocol","floor":11.0},{"not_picked":["Guardian:Suspension","Guardian:PrimingBeam"],"picked":"Guardian:ShieldSpikes","floor":13.0},{"not_picked":["Guardian:ChargeUp","Guardian:Planning"],"picked":"Guardian:WalkerClaw","floor":15.0},{"not_picked":["Guardian:HyperBeam_Guardian","Guardian:ConstructionForm"],"picked":"Guardian:StasisField","floor":16.0},{"not_picked":["Guardian:Incinerate","Guardian:PolyBeam","Guardian:Gem_Lightblue"],"picked":"Guardian:Gem_Red","floor":20.0},{"not_picked":["Guardian:TemporalShield","Guardian:GuardianWhirl","Guardian:ShieldCharger+1"],"picked":"Guardian:Gem_Green","floor":21.0},{"not_picked":["Guardian:TemporalStrike","Guardian:WalkerClaw+1","Guardian:Reroute"],"picked":"Guardian:PiercingHide","floor":23.0},{"not_picked":["Guardian:PrimingBeam","Guardian:Clone+1","Guardian:MultiBeam"],"picked":"Guardian:Gem_Blue","floor":24.0},{"not_picked":["Guardian:StasisField","Guardian:RefractedBeam","Guardian:Incinerate+1"],"picked":"Guardian:PrimingBeam+1","floor":26.0},{"not_picked":["Guardian:TimeBomb","Guardian:FloatingOrbs","Guardian:Gem_Lightblue"],"picked":"Guardian:ChargeCore+1","floor":28.0},{"not_picked":["Guardian:Recover","Guardian:Harden","Guardian:WalkerClaw+1"],"picked":"Guardian:Gem_Lightblue","floor":29.0},{"not_picked":["Guardian:PrismaticBarrier","Guardian:TemporalStrike","Guardian:Preprogram+1"],"picked":"Guardian:Gem_Lightblue","floor":30.0},{"not_picked":["Guardian:TemporalShield","Guardian:TemporalStrike+1","Guardian:ShieldCharger"],"picked":"Guardian:Gem_Orange","floor":32.0},{"not_picked":["Guardian:FastForward","Guardian:HyperBeam_Guardian","Guardian:TimeSifter"],"picked":"Guardian:ExploitGems","floor":33.0},{"not_picked":["Guardian:VentSteam","Guardian:Gem_Cyan","Guardian:TemporalShield"],"picked":"Guardian:Gem_Red","floor":36},{"not_picked":["Guardian:VentSteam+1","Guardian:Clone","Guardian:ChargeCore+1"],"picked":"Guardian:Gem_Crimson","floor":38},{"not_picked":["Guardian:VentSteam+1","Guardian:PrismaticBarrier","Guardian:CrystalBeam","Guardian:EvasiveProtocol+1"],"picked":"SKIP","floor":40},{"not_picked":["Guardian:GuardianWhirl","Guardian:TimeBomb","Guardian:Gem_Red"],"picked":"Guardian:TimeCapacitor+1","floor":42},{"not_picked":["Guardian:RefractedBeam","Guardian:PolyBeam","Guardian:TemporalStrike+1"],"picked":"Guardian:Gem_Cyan","floor":44},{"not_picked":["Guardian:RollAttack+1","Guardian:TimeBomb","Guardian:WalkerClaw+1"],"picked":"Guardian:Repulse+1","floor":46}],"player_experience":10813,"relics_obtained":[{"floor":6.0,"key":"jedi:cryingmask"},{"floor":24.0,"key":"Bottled Lightning"},{"floor":26.0,"key":"aspiration:HummingbirdHeart"},{"floor":31.0,"key":"MealTicket"},{"floor":37,"key":"aspiration:HiddenCompartment"},{"floor":41,"key":"halation:TwoAmDonut"},{"floor":44,"key":"jedi:arcanewood"}],"event_choices":[{"damage_healed":0.0,"max_hp_gain":0.0,"max_hp_loss":0.0,"gold_gain":0.0,"event_name":"betterMatch:BetterMatch","player_choice":"3","floor":19.0,"gold_loss":0.0,"damage_taken":0.0,"cards_obtained":[]}],"is_beta":false,"boss_relics":[{"not_picked":["halation:CatFaceCupcake","aspiration:DefectSkillbook"],"picked":"Honey Jar"},{"not_picked":["hubris:GrandSneckoEye","hubris:ScarierMask"],"picked":"conspire:SeveredTorchhead"}],"items_purged_floors":[4,20],"is_endless":false,"potions_floor_spawned":[6,11,13,15,16,21,30,33,38,42],"killed_by":"Sphere and 2 Shapes","ascension_level":0}}