{"host":"4kbqeuw4a1wt9r2z","time":1608587264,"event":{"mods":["Act Like it!","BaseMod","Downfall","GifTheSpireLib","Googly Eyes","Minty Spire (QoL Compilation)","StSLib"],"gold_per_floor":[99,110,127,127,142,142,165,340,352,352,352,352],"floor_reached":10,"playtime":296,"items_purged":[],"score":58,"play_id":"a39937a0-8add-45f6-a283-dbf82e8c8038","local_time":"20201222004744","is_ascension_mode":false,"campfire_choices":[{"data":"Slimebound:Split","floor":1,"key":"SMITH"},{"data":"Slimebound:GoopTackle","floor":6,"key":"SMITH"}],"circlet_count":0,"master_deck":["Slimebound:Strike_Slimebound","Slimebound:Strike_Slimebound","Slimebound:Strike_Slimebound","Slimebound:Tackle","Slimebound:Defend_Slimebound","Slimebound:Defend_Slimebound","Slimebound:Defend_Slimebound","Slimebound:Split+1","Slimebound:CorrosiveSpit","Slimebound:SpikyOuterGoop","Slimebound:PressTheAttack","Slimebound:LeechLife","Slimebound:GoopTackle+1","Doubt","Slimebound:ForwardTackle"],"relics":["Velvet Choker"],"acts_visited":["Exordium"],"potions_floor_usage":[],"damage_taken":[{"damage":8,"enemies":"2 Louse","floor":2,"turns":3},{"damage":11,"enemies":"Cultist","floor":3,"turns":3},{"damage":15,"enemies":"Small Slimes","floor":5,"turns":2},{"damage":36,"enemies":"Exordium Thugs","floor":9,"turns":4},{"damage":30,"enemies":"Gremlin Nob","floor":10,"turns":3}],"seed_played":"-5637229257199971849","potions_obtained":[{"floor":2,"key":"sneckomod:MuddlingPotion"}],"is_trial":false,"path_per_floor":["R","M","M","?","M","R","T","?","M","E"],"character_chosen":"SLIMEBOUND","items_purchased":[],"campfire_rested":0,"item_purchase_floors":[],"current_hp_per_floor":[60,60,57,57,50,50,50,50,22,0,0,0],"gold":352,"neow_bonus":"BOSS_RELIC","is_daily":false,"chose_seed":false,"campfire_upgraded":2,"win_rate":0.0,"timestamp":1608587264,"path_taken":["R","M","M","?","?","R","T","?","M","E"],"items_purchased_type":[],"build_version":"2020-12-13","purchased_purges":0,"victory":false,"max_hp_per_floor":[60,60,60,60,60,60,60,60,60,60,60,60],"card_choices":[{"not_picked":["Slimebound:ItLooksTasty","Slimebound:SplitMire"],"picked":"Slimebound:SpikyOuterGoop","floor":2},{"not_picked":["Slimebound:SpikyOuterGoop","Slimebound:SplitBruiser"],"picked":"Slimebound:PressTheAttack","floor":3},{"not_picked":["Slimebound:FormOfPuddle","Slimebound:Nibble"],"picked":"Slimebound:GoopTackle","floor":5},{"not_picked":["Slimebound:SplitAcid","Slimebound:Repurpose"],"picked":"Slimebound:ForwardTackle","floor":9}],"player_experience":471477,"relics_obtained":[],"event_choices":[{"damage_healed":0,"gold_gain":0,"cards_transformed":["Slimebound:Defend_Slimebound"],"player_choice":"Transformed","damage_taken":0,"max_hp_gain":0,"max_hp_loss":0,"event_name":"Transmorgrifier","floor":4,"gold_loss":0,"cards_obtained":["Slimebound:LeechLife"]}],"is_beta":false,"boss_relics":[],"items_purged_floors":[],"is_endless":false,"potions_floor_spawned":[2],"killed_by":"Gremlin Nob","ascension_level":0}}