{"host":"0m9qzqwuh9r40nrk","time":1608590043,"event":{"mods":["BaseMod","Downfall","Hermit","Minty Spire (QoL Compilation)","Replay The Spire","StSLib","The Animator","The Cursed","The Servant 0.9.4"],"gold_per_floor":[112,14,14,14,14,46,46,46,46,121,164,182,214,228,228,370,370,396,424,55,70,91,91,91,91],"floor_reached":24,"playtime":3458,"items_purged":["animator:Strike","animator:Strike"],"score":256,"play_id":"ad63929d-2a8e-4f86-910b-718d1342bc9c","local_time":"20201221143403","is_ascension_mode":false,"campfire_choices":[{"data":"animator:Melzalgald","floor":8,"key":"SMITH"},{"data":"animator:ShinjiMatou","floor":15,"key":"SMITH"},{"data":"animator:Darkness","floor":23,"key":"SMITH"}],"circlet_count":0,"master_deck":["animator:Strike_Konosuba","animator:Defend_Konosuba","animator:Defend","animator:Kazuma","animator:Aqua","animator:Melzalgald+1","animator:Mitsurugi+1","animator:Assassin","animator:GuildGirl","animator:Saber","animator:ShinjiMatou+1","animator:Caster","animator:RinTohsaka","animator:GoblinSlayer","animator:Caster","animator:Gilgamesh","animator:EmiyaShirou","animator:Illya","animator:Illya","animator:Archer","animator:Alexander","animator:Darkness+1"],"relics":["animator:LivingPicture","animator:TheMissingPiece","NeowsBlessing","animator:WornHelmet","Golden Idol","Prayer Wheel","Divine Protection","animator:RacePiece","Replay:Wax Seal","Medical Kit"],"acts_visited":["Exordium","TheCity"],"potions_floor_usage":[16,22,24],"damage_taken":[{"damage":0,"enemies":"Cultist","floor":1,"turns":1},{"damage":0,"enemies":"Gremlin Nob","floor":6,"turns":1},{"damage":0,"enemies":"3 Sentries","floor":11,"turns":1},{"damage":0,"enemies":"Jaw Worm","floor":12,"turns":2},{"damage":0,"enemies":"2 Louse","floor":13,"turns":2},{"damage":0,"enemies":"2 Fungi Beasts","floor":14,"turns":4},{"damage":35,"enemies":"Slime Boss","floor":16,"turns":9},{"damage":0,"enemies":"3 Byrds","floor":18,"turns":6},{"damage":10,"enemies":"Shell Parasite","floor":19,"turns":4},{"damage":1,"enemies":"Snake Plant","floor":21,"turns":3},{"damage":26,"enemies":"Shelled Parasite and Fungi","floor":22,"turns":5},{"damage":37,"enemies":"Slavers","floor":24,"turns":2}],"seed_played":"7764388987721339137","potions_obtained":[{"floor":1,"key":"Adrenaline Potion"},{"floor":6,"key":"DuplicationPotion"},{"floor":21,"key":"SkillPotion"}],"is_trial":false,"path_per_floor":["M","$","?","$","?","E","?","R","T","?","E","M","M","M","R","B",null,"M","M","$","M","M","R","E"],"character_chosen":"THE_ANIMATOR","items_purchased":["animator:Mitsurugi","Replay:Wax Seal","Medical Kit","animator:Darkness"],"campfire_rested":0,"item_purchase_floors":[2,20,20,20],"current_hp_per_floor":[66,66,66,66,66,66,50,50,50,44,44,46,48,50,50,17,66,66,56,56,57,33,33,0,0],"gold":91,"neow_bonus":"THREE_ENEMY_KILL","is_daily":false,"chose_seed":false,"campfire_upgraded":3,"win_rate":0.0,"timestamp":1608590043,"path_taken":["M","$","?","$","?","E","?","R","T","?","E","M","?","M","R","BOSS","M","M","$","M","M","R","E"],"items_purchased_type":["Card","Relic","Relic","Card"],"build_version":"2020-12-13","purchased_purges":2,"victory":false,"max_hp_per_floor":[66,66,66,66,66,66,66,66,66,66,66,66,66,66,66,66,66,66,66,66,66,66,66,66,66],"card_choices":[{"not_picked":["animator:Illya","animator:Alexander"],"picked":"animator:Melzalgald","floor":1},{"not_picked":["animator:SilverFang","animator:Mitsurugi"],"picked":"animator:GuildGirl","floor":6},{"not_picked":["animator:MetalKnight","animator:SilverFang"],"picked":"animator:Saber","floor":11},{"not_picked":["animator:Assassin","animator:Archer"],"picked":"animator:ShinjiMatou","floor":12},{"not_picked":["animator:Spearman","animator:Assassin"],"picked":"animator:Caster","floor":12},{"not_picked":["animator:ShinjiMatou","animator:Genos"],"picked":"animator:RinTohsaka","floor":13},{"not_picked":["animator:NarberalGamma","animator:CrowleyEusford"],"picked":"animator:Mikaela","floor":13},{"not_picked":["animator:Mitsuba","animator:HighElfArcher","animator:Assassin"],"picked":"SKIP","floor":14},{"not_picked":["animator:ElricAlphonse","animator:Shalltear","animator:Geryuganshoop"],"picked":"SKIP","floor":14},{"not_picked":["animator:Guren","animator:Albedo"],"picked":"animator:GoblinSlayer","floor":16},{"not_picked":["animator:Aqua","animator:Cocytus+1"],"picked":"animator:Illya","floor":18},{"not_picked":["animator:PandorasActor+1","animator:SilverFang"],"picked":"animator:Illya","floor":18},{"not_picked":["animator:RinTohsaka","animator:ShinjiMatou"],"picked":"animator:Archer","floor":19},{"not_picked":["animator:ElricEdward","animator:DwarfShaman"],"picked":"animator:Alexander","floor":19},{"not_picked":["animator:MaesHughes","animator:Aqua","animator:ShinjiMatou"],"picked":"SKIP","floor":21},{"not_picked":["animator:Entoma","animator:RoyMustang+1","animator:ShinjiMatou"],"picked":"SKIP","floor":21},{"not_picked":["animator:Boros","animator:Sloth","animator:Archer+1"],"picked":"SKIP","floor":22},{"not_picked":["animator:Tatsumaki+1","animator:Rider","animator:HiiragiShinya"],"picked":"SKIP","floor":22}],"player_experience":403111,"relics_obtained":[{"floor":6,"key":"animator:WornHelmet"},{"floor":9,"key":"Prayer Wheel"},{"floor":11,"key":"Divine Protection"}],"event_choices":[{"damage_healed":0,"gold_gain":0,"cards_transformed":["animator:Defend"],"player_choice":"Change","damage_taken":0,"max_hp_gain":0,"max_hp_loss":0,"event_name":"Living Wall","floor":3,"gold_loss":0,"cards_obtained":["animator:Assassin"]},{"damage_healed":0,"gold_gain":0,"player_choice":"Take Damage","damage_taken":16,"relics_obtained":["Golden Idol"],"max_hp_gain":0,"max_hp_loss":0,"event_name":"Golden Idol","floor":7,"gold_loss":0},{"damage_healed":0,"gold_gain":75,"player_choice":"Touch","damage_taken":6,"max_hp_gain":0,"max_hp_loss":0,"event_name":"FaceTrader","floor":10,"gold_loss":0}],"is_beta":false,"boss_relics":[{"not_picked":["Sozu","SacredBark"],"picked":"animator:RacePiece"}],"items_purged_floors":[2,20],"is_endless":false,"potions_floor_spawned":[1,6,21],"killed_by":"Slavers","ascension_level":0}}