{"host":"yn17ruofed46ymbq","time":1608567903,"event":{"mods":["AchievementEnabler","BaseMod","Block Reminder","Colored Map","Colored Powertips","DeckTracker","Googly Eyes","Highlight Path","Keyboard Shortcuts","Minty Spire (QoL Compilation)","Permanent Neow","Quick Restart","Rare Cards Sparkle","Relic Stats","SuperFastMode","everything is the same but u backflip on backflip","slay the spire mod where everything is the same but ironclad has a cowboy hat"],"gold_per_floor":[112,112,112,130,60,60,78,78,78,78,116,134,134,134,134,253,253,276,294,294,318,332,332,346,346,370,370,386,409,430,430,430,430,430],"floor_reached":33,"playtime":855,"items_purged":[],"score":349,"play_id":"f369a3f6-a119-4bce-9ba1-08e061fe4640","local_time":"20201222012503","is_ascension_mode":true,"campfire_choices":[{"data":"Dark Embrace","floor":6.0,"key":"SMITH"},{"data":"Pommel Strike","floor":8.0,"key":"SMITH"},{"data":"Warcry","floor":10.0,"key":"SMITH"},{"floor":13.0,"key":"REST"},{"floor":15.0,"key":"REST"},{"floor":23.0,"key":"REST"},{"data":"Perfected Strike","floor":25,"key":"SMITH"},{"data":"Rage","floor":27,"key":"SMITH"},{"floor":32,"key":"REST"}],"circlet_count":0,"master_deck":["Strike_R","Strike_R+1","Strike_R","Strike_R","Strike_R","Defend_R","Defend_R","Defend_R","Defend_R","Bash","Feed","Pommel Strike+1","Dropkick","Dark Embrace+1","Warcry+1","Feel No Pain+1","Perfected Strike+1","Immolate","Reckless Charge","Cleave","Pommel Strike+1","Rage+1","Flame Barrier","Thunderclap"],"relics":["Burning Blood","Golden Idol","StrikeDummy","Lizard Tail","Sozu","Regal Pillow","Orichalcum"],"acts_visited":["Exordium","TheCity"],"potions_floor_usage":[],"damage_taken":[{"damage":7.0,"enemies":"2 Louse","floor":1.0,"turns":2.0},{"damage":0.0,"enemies":"Small Slimes","floor":4.0,"turns":2.0},{"damage":14.0,"enemies":"Jaw Worm","floor":7.0,"turns":5.0},{"damage":46.0,"enemies":"Gremlin Nob","floor":11.0,"turns":5.0},{"damage":13.0,"enemies":"Red Slaver","floor":12.0,"turns":3.0},{"damage":84.0,"enemies":"Hexaghost","floor":16.0,"turns":10.0},{"damage":1.0,"enemies":"Spheric Guardian","floor":18.0,"turns":3.0},{"damage":5.0,"enemies":"Chosen","floor":19.0,"turns":4.0},{"damage":28.0,"enemies":"Snecko","floor":21.0,"turns":5.0},{"damage":49.0,"enemies":"Centurion and Healer","floor":22.0,"turns":6.0},{"damage":18,"enemies":"Snake Plant","floor":24,"turns":3},{"damage":9,"enemies":"Cultist and Chosen","floor":28,"turns":5},{"damage":29,"enemies":"Centurion and Healer","floor":29,"turns":5},{"damage":17,"enemies":"Sentry and Sphere","floor":30,"turns":5},{"damage":18,"enemies":"Colosseum Slavers","floor":31,"turns":4},{"damage":66,"enemies":"Champ","floor":33,"turns":7}],"seed_played":"922229998115230783","potions_obtained":[{"floor":7.0,"key":"Regen Potion"},{"floor":12.0,"key":"Energy Potion"},{"floor":16.0,"key":"Ancient Potion"}],"is_trial":false,"path_per_floor":["M","?","?","M","$","R","M","R","T","R","E","M","R","?","R","B",null,"M","M","?","M","M","R","M","R","T","R","M","M","M","?","R","B"],"character_chosen":"IRONCLAD","items_purchased":["Dark Embrace"],"campfire_rested":4,"item_purchase_floors":[5],"current_hp_per_floor":[74,54,54,63,63,63,58,58,58,58,33,26,53,35,62,35,80,88,89,89,67,24,68,56,56,56,56,53,30,22,10,55,0,0],"gold":430,"neow_bonus":"ONE_RANDOM_RARE_CARD","is_daily":false,"chose_seed":false,"campfire_upgraded":5,"win_rate":0.0,"timestamp":1608567903,"path_taken":["M","?","?","M","$","R","M","R","T","R","E","M","R","?","R","BOSS","M","M","?","?","M","R","M","R","T","R","?","?","M","?","R","BOSS"],"items_purchased_type":["Card"],"build_version":"2020-12-13","purchased_purges":0,"victory":false,"max_hp_per_floor":[83,83,83,86,86,86,89,89,89,89,92,92,92,92,92,95,95,98,98,98,98,98,98,98,98,98,98,98,98,101,101,101,101,101],"relic_stats":{"Sozu":3,"Lizard Tail":46,"Regal Pillow":30,"counters":[16,74],"Golden Idol":76,"Orichalcum":[42],"obtain_stats":[{"Sozu":17,"Lizard Tail":11,"Regal Pillow":20,"Golden Idol":2,"Orichalcum":26,"StrikeDummy":9,"Burning Blood":0},{"Sozu":6,"Lizard Tail":4,"Regal Pillow":8,"Golden Idol":1,"Orichalcum":11,"StrikeDummy":3,"Burning Blood":0},{"Sozu":27,"Lizard Tail":14,"Regal Pillow":34,"Golden Idol":2,"Orichalcum":48,"StrikeDummy":9,"Burning Blood":0}],"Burning Blood":90},"card_choices":[{"not_picked":["Armaments","Iron Wave"],"picked":"Pommel Strike","floor":1.0},{"not_picked":["Reckless Charge","Cleave"],"picked":"Dropkick","floor":4.0},{"not_picked":["Dark Embrace","Pommel Strike"],"picked":"Warcry","floor":7.0},{"not_picked":["Twin Strike","Sword Boomerang"],"picked":"Feel No Pain","floor":11.0},{"not_picked":["Rage","Anger"],"picked":"Perfected Strike","floor":12.0},{"not_picked":["Exhume","Bludgeon"],"picked":"Immolate","floor":16.0},{"not_picked":["Twin Strike","Flex"],"picked":"Reckless Charge","floor":18.0},{"not_picked":["Dark Embrace","Warcry"],"picked":"Cleave","floor":19.0},{"not_picked":["Metallicize","Cleave+1","Combust+1"],"picked":"SKIP","floor":21.0},{"not_picked":["Metallicize","Cleave"],"picked":"Pommel Strike+1","floor":22.0},{"not_picked":["Shrug It Off","Twin Strike+1"],"picked":"Rage","floor":24},{"not_picked":["Twin Strike","Sword Boomerang"],"picked":"Flame Barrier","floor":28},{"not_picked":["Carnage","Dropkick"],"picked":"Thunderclap","floor":29},{"not_picked":["Clash","Cleave","Anger"],"picked":"SKIP","floor":30}],"player_experience":422982,"relics_obtained":[{"floor":9.0,"key":"StrikeDummy"},{"floor":11.0,"key":"Lizard Tail"},{"floor":26,"key":"Orichalcum"}],"event_choices":[{"damage_healed":0.0,"max_hp_gain":0.0,"max_hp_loss":0.0,"gold_gain":0.0,"event_name":"Golden Idol","player_choice":"Take Damage","floor":2.0,"gold_loss":0.0,"damage_taken":20.0,"relics_obtained":["Golden Idol"]},{"damage_healed":0.0,"max_hp_gain":0.0,"max_hp_loss":0.0,"gold_gain":0.0,"event_name":"Scrap Ooze","player_choice":"Fled","floor":3.0,"gold_loss":0.0,"damage_taken":0.0},{"damage_healed":0.0,"max_hp_gain":0.0,"max_hp_loss":0.0,"gold_gain":0.0,"event_name":"Shining Light","player_choice":"Entered Light","floor":14.0,"gold_loss":0.0,"damage_taken":18.0,"cards_upgraded":["Strike_R","Feel No Pain"]},{"damage_healed":0.0,"max_hp_gain":0.0,"max_hp_loss":0.0,"gold_gain":0.0,"event_name":"WeMeetAgain","player_choice":"Gave Potion","floor":20.0,"gold_loss":0.0,"damage_taken":0.0,"relics_obtained":["Regal Pillow"]},{"damage_healed":0,"gold_gain":0,"player_choice":"Fight","damage_taken":0,"max_hp_gain":0,"max_hp_loss":0,"event_name":"Colosseum","floor":31,"gold_loss":0},{"damage_healed":0,"gold_gain":0,"player_choice":"Fled From Nobs","damage_taken":0,"max_hp_gain":0,"max_hp_loss":0,"event_name":"Colosseum","floor":31,"gold_loss":0}],"is_beta":false,"boss_relics":[{"not_picked":["Tiny House","Busted Crown"],"picked":"Sozu"}],"items_purged_floors":[],"is_endless":false,"potions_floor_spawned":[7,12,16,19,28,29,31],"killed_by":"Champ","ascension_level":6}}