{"host":"lgr0ufi017x11auv","time":1608548999,"event":{"mods":["AchievementEnabler","BaseMod","Better Match","Better Third Choice","BetterRewards","Colored Map","Colored Powertips","Downfall","Hubris","Infinite Spire","Minty Spire (QoL Compilation)","Permanent Neow","Quick Restart","Rare Cards Sparkle","Relic Stats","Replay The Spire","Shade Mod","Shop Mod","Spicy Shops","StSLib","The Blue Laboratory","The Death Knight","The Dragon Tamer","vexMod"],"gold_per_floor":[119,119,137,137,137,153,153,7,34,34,184,194,194,221,221,317,317,329,329,0,0,11,11,11,11,11,11,31,65,78,89,89,190,190,203,51,51,101,101,101,236,236,289,302,302,302,302,316,316,316,316],"floor_reached":50,"playtime":1977,"items_purged":["Delirium","Shade:Strike_Shade"],"score":524,"play_id":"f22761af-eaec-4eed-96ae-93665d2c0f89","local_time":"20201221120959","is_ascension_mode":true,"campfire_choices":[{"data":"Shade:LastGasp","floor":7,"key":"SMITH"},{"data":"Shade:GreyBargain","floor":10,"key":"SMITH"},{"data":"ReplayTheSpireMod:Faulty Equipment","floor":13,"key":"SMITH"},{"data":"Shade:PotionOfRestlessness","floor":15,"key":"SMITH"},{"data":"Shade:AncientSpear","floor":23,"key":"SMITH"},{"data":"Shade:AncientSpear","floor":25,"key":"SMITH"},{"data":"Shade:CarefulCut","floor":27,"key":"SMITH"},{"data":"Shade:ExtraLimbs","floor":32,"key":"SMITH"},{"floor":40,"key":"REST"},{"floor":42,"key":"REST"},{"data":"Shade:ExtraLimbs","floor":47,"key":"SMITH"},{"data":"Shade:FuneraryArmor","floor":49,"key":"SMITH"}],"circlet_count":0,"master_deck":["Shade:Strike_Shade","Shade:Defend_Shade","Shade:Defend_Shade","Shade:Defend_Shade+1","Shade:Defend_Shade+1","Shade:AnimateDead","Shade:CarefulCut+1","Shade:LastGasp+1","Shade:AncientSpear+1","Shade:GreyBargain+1","Shade:PotionOfRestlessness+1","Shade:FuneraryArmor+1","Shade:DarkOfNight+1","Shade:AncientSpear+1","Shade:ExtraLimbs+1","Shade:ExtraLimbs+1","Shade:LastGasp+1","Shade:FuneraryArmor+1","Shade:ExtraLimbs+1","Shade:ScuttlingHand+1","Shade:ExtraLimbs+1"],"relics":["Shade:YorickSkull","hubris:Icosahedron","hubris:Towel","Vajra","ReplayTheSpireMod:TigerMarble","ReplayTheSpireMod:CursedCoin","Oddly Smooth Stone","Sozu","Ring of Peace","Ring of Panic","Matryoshka","Bronze Scales","TungstenRod","Onion Ring","Empty Cage","Turnip","War Paint","Boot","Happy Flower","Replay:Lucky Slots"],"acts_visited":["Exordium","TheCity","TheBeyond"],"potions_floor_usage":[14,22,50],"damage_taken":[{"damage":0,"enemies":"Small Slimes","floor":1,"turns":3},{"damage":0,"enemies":"Cultist","floor":3,"turns":2},{"damage":0,"enemies":"2 Louse","floor":6,"turns":2},{"damage":0,"enemies":"2 Fungi Beasts","floor":12,"turns":2},{"damage":14,"enemies":"3 Sentries","floor":14,"turns":4},{"damage":22,"enemies":"Slime Boss","floor":16,"turns":10},{"damage":4,"enemies":"Shell Parasite","floor":18,"turns":4},{"damage":0,"enemies":"2 Thieves","floor":22,"turns":3},{"damage":4,"enemies":"Centurion and Healer","floor":28,"turns":3},{"damage":5,"enemies":"Slavers","floor":29,"turns":4},{"damage":0,"enemies":"Snecko","floor":30,"turns":2},{"damage":0,"enemies":"Cultist and Chosen","floor":31,"turns":4},{"damage":22,"enemies":"Collector","floor":33,"turns":7},{"damage":0,"enemies":"Orb Walker","floor":35,"turns":2},{"damage":14,"enemies":"Mind Bloom Boss Battle","floor":38,"turns":5},{"damage":5,"enemies":"3 Shapes","floor":44,"turns":3},{"damage":0,"enemies":"Sphere and 2 Shapes","floor":48,"turns":3},{"damage":51,"enemies":"Awakened One","floor":50,"turns":10}],"seed_played":"-6442163674301992306","potions_obtained":[{"floor":3,"key":"blueLaboratory:BubblePotion"},{"floor":6,"key":"BlessingOfTheForge"},{"floor":12,"key":"blueLaboratory:SavagePotion"}],"is_trial":false,"path_per_floor":["M","?","M","?","?","M","R","$","T","R","$","M","R","E","R","B",null,"M","?","$","?","M","R","$","R","T","R","M","E","M","M","R","B",null,"M","$","?","?","?","R","?","R","T","M","?","AVR","R","M","R","B"],"character_chosen":"SHADE","items_purchased":["Vajra","ReplayTheSpireMod:CursedCoin","Matryoshka","Shade:FuneraryArmor"],"campfire_rested":2,"item_purchase_floors":[8,11,20,36],"current_hp_per_floor":[65,65,65,65,65,65,65,65,65,65,65,65,65,51,51,29,65,61,61,61,61,61,61,61,61,61,61,57,52,52,52,52,30,65,65,65,47,33,33,52,37,56,56,51,51,51,51,51,51,0,0],"gold":316,"neow_bonus":"ONE_RANDOM_RARE_CARD","is_daily":false,"chose_seed":false,"campfire_upgraded":10,"win_rate":0.0,"timestamp":1608548999,"path_taken":["M","?","?","?","?","M","R","$","T","R","$","M","R","E","R","BOSS","M","?","$","?","M","R","$","R","T","R","M","E","M","M","R","BOSS","M","$","?","?","?","R","?","R","T","M","?","AVR","R","M","R","BOSS"],"items_purchased_type":["Relic","Relic","Relic","Card"],"build_version":"2020-12-13","purchased_purges":2,"victory":false,"max_hp_per_floor":[65,65,65,65,65,65,65,65,65,65,65,65,65,65,65,65,65,65,65,65,65,65,65,65,65,65,65,65,65,65,65,65,65,65,65,65,65,65,65,65,65,65,65,65,65,65,65,65,65,65,65],"relic_stats":{"Sozu":10,"Happy Flower":[5],"counters":[18,73],"Bronze Scales":[117],"Turnip":[8],"War Paint":["Shade:Defend_Shade","Shade:Defend_Shade"],"Boot":[0],"obtain_stats":[{"Happy Flower":43,"Shade:YorickSkull":0,"ReplayTheSpireMod:CursedCoin":11,"Vajra":8,"Oddly Smooth Stone":14,"hubris:Towel":5,"War Paint":41,"Empty Cage":34,"Boot":41,"Sozu":17,"hubris:Icosahedron":4,"Matryoshka":20,"Ring of Peace":19,"Bronze Scales":26,"Onion Ring":29,"Turnip":38,"Replay:Lucky Slots":46,"ReplayTheSpireMod:TigerMarble":9,"Ring of Panic":19,"TungstenRod":26},{"Happy Flower":15,"Shade:YorickSkull":0,"ReplayTheSpireMod:CursedCoin":3,"Vajra":3,"Oddly Smooth Stone":5,"hubris:Towel":2,"War Paint":15,"Empty Cage":13,"Boot":15,"Sozu":6,"hubris:Icosahedron":2,"Matryoshka":7,"Ring of Peace":7,"Bronze Scales":8,"Onion Ring":10,"Turnip":15,"Replay:Lucky Slots":16,"ReplayTheSpireMod:TigerMarble":3,"Ring of Panic":7,"TungstenRod":8},{"Happy Flower":57,"Shade:YorickSkull":0,"ReplayTheSpireMod:CursedCoin":7,"Vajra":7,"Oddly Smooth Stone":13,"hubris:Towel":5,"War Paint":57,"Empty Cage":50,"Boot":57,"Sozu":23,"hubris:Icosahedron":5,"Matryoshka":27,"Ring of Peace":27,"Bronze Scales":30,"Onion Ring":37,"Turnip":57,"Replay:Lucky Slots":60,"ReplayTheSpireMod:TigerMarble":7,"Ring of Panic":27,"TungstenRod":30}],"TungstenRod":18},"card_choices":[{"not_picked":["Shade:Bite_Shade","Shade:Brains"],"picked":"Shade:AncientSpear","floor":1},{"not_picked":["Shade:PoundOfFlesh","Shade:Carnophage"],"picked":"Shade:GreyBargain","floor":3},{"not_picked":["Shade:CommandSoldier","Shade:BoneShards"],"picked":"Shade:PotionOfRestlessness","floor":6},{"not_picked":["Shade:SanguineRitual","Shade:Bonestorm","Shade:CoffinDance"],"picked":"SKIP","floor":12},{"not_picked":["Shade:FreshBones","Shade:CallWraith"],"picked":"Shade:FuneraryArmor","floor":14},{"not_picked":["Shade:OneIsEnough","Shade:SelfBurial"],"picked":"Shade:DarkOfNight","floor":16},{"not_picked":["Shade:FreshBones","Shade:WallOfFlesh"],"picked":"Shade:AncientSpear","floor":18},{"not_picked":["Shade:FuneraryJewels","Shade:FeralStrike+1"],"picked":"Shade:ExtraLimbs+1","floor":22},{"not_picked":["Shade:Trample","Shade:FuneraryArmor","Shade:SkeletonHug+1"],"picked":"SKIP","floor":28},{"not_picked":["Shade:Premonition+1","Shade:LyeBath+1"],"picked":"Shade:ExtraLimbs","floor":29},{"not_picked":["Shade:SanguineRitual","Shade:CoffinDance","Shade:FingerOfDeath"],"picked":"SKIP","floor":30},{"not_picked":["Shade:FleshToFlesh","Shade:TouchOfTheGrave","Shade:ClawBack+1"],"picked":"SKIP","floor":31},{"not_picked":["Shade:SoulPierce","Shade:GreaterAnimation"],"picked":"Shade:LastGasp","floor":33},{"not_picked":["Shade:CommandSoldier+1","Shade:Bonestorm","Shade:Trample+1"],"picked":"SKIP","floor":35},{"not_picked":["Shade:Trample+1","Shade:CallWraith"],"picked":"Shade:ExtraLimbs","floor":38},{"not_picked":["Shade:CommandSoldier","Shade:SpectralStrikes+1"],"picked":"Shade:ScuttlingHand+1","floor":41},{"not_picked":["Shade:CommandSoldier","Shade:FingerOfDeath"],"picked":"Shade:ExtraLimbs+1","floor":44},{"not_picked":["Shade:Haruspicy","Shade:CoffinDance+1","Shade:Premonition+1"],"picked":"SKIP","floor":48}],"player_experience":262494,"relics_obtained":[{"floor":9,"key":"ReplayTheSpireMod:TigerMarble"},{"floor":14,"key":"Oddly Smooth Stone"},{"floor":19,"key":"Ring of Peace"},{"floor":19,"key":"Ring of Panic"},{"floor":26,"key":"Bronze Scales"},{"floor":26,"key":"TungstenRod"},{"floor":29,"key":"Onion Ring"},{"floor":38,"key":"Turnip"},{"floor":41,"key":"War Paint"},{"floor":41,"key":"Boot"},{"floor":43,"key":"Happy Flower"}],"event_choices":[{"damage_healed":0,"gold_gain":0,"player_choice":"Bought 0 Potions","damage_taken":0,"max_hp_gain":0,"max_hp_loss":0,"event_name":"The Woman in Blue","floor":2,"gold_loss":0},{"damage_healed":0,"gold_gain":0,"player_choice":"Ignored","damage_taken":0,"max_hp_gain":0,"max_hp_loss":0,"event_name":"Vampires","floor":21,"gold_loss":0},{"damage_healed":0,"gold_gain":0,"player_choice":"Fight","damage_taken":0,"max_hp_gain":0,"max_hp_loss":0,"event_name":"MindBloom","floor":38,"gold_loss":0},{"damage_healed":0,"gold_gain":0,"player_choice":"Got Potions","damage_taken":0,"max_hp_gain":0,"max_hp_loss":0,"event_name":"Lab","floor":45,"gold_loss":0}],"is_beta":false,"boss_relics":[{"not_picked":["infinitespire:Cupcake","vexMod:FluxCapacitor"],"picked":"Sozu"},{"not_picked":["SacredBark","vexMod:MysteryBossChallenge"],"picked":"Empty Cage"}],"items_purged_floors":[20,36],"is_endless":false,"potions_floor_spawned":[3,6,12,22,29,30,33,38],"killed_by":"Awakened One","ascension_level":2}}