{"host":"aunmuzt9j70r7vun","time":1608568353,"event":{"mods":["BaseMod","Better Altar","Better Third Choice","BetterRewards","Clockwork Mod","Curses Come First","Downfall","Infinite Spire","LagranYue(???·?)","Mad Scientist","Marisa????????","Minty Spire (QoL Compilation)","Rare Cards Sparkle","Relic Sorter","Replay The Spire","Say the Spire","Shop Mod","Spicy Shops","StSLib","The Cursed","The Disciple","The Edgeheg","The Mystic","The Servant 0.9.4"],"gold_per_floor":[110,110,123,137,157,175,190,190,190],"floor_reached":8,"playtime":436,"items_purged":[],"score":70,"play_id":"21728fa0-31b1-4e47-b30e-3dd9ee879bdc","local_time":"20201221123233","is_ascension_mode":true,"campfire_choices":[],"circlet_count":0,"master_deck":["Strike_B","Strike_B","Strike_B","Strike_B","Defend_B","Defend_B","Defend_B","Defend_B","Zap","Dualcast","Pain","Double Energy","ReplaySolidLightProjector","Storm"],"relics":["Cracked Core","LagranYue:RandomDrawCardRelic","NeowsBlessing","WarpedTongs"],"acts_visited":["Exordium"],"potions_floor_usage":[7,8],"damage_taken":[{"damage":0,"enemies":"Jaw Worm","floor":1,"turns":1},{"damage":0,"enemies":"Cultist","floor":3,"turns":1},{"damage":0,"enemies":"Small Slimes","floor":4,"turns":1},{"damage":11,"enemies":"2 Fungi Beasts","floor":5,"turns":3},{"damage":44,"enemies":"Exordium Thugs","floor":6,"turns":5},{"damage":0,"enemies":"Gremlin Gang","floor":7,"turns":1},{"damage":23,"enemies":"Lagavulin","floor":8,"turns":5}],"seed_played":"-5577642767624787440","potions_obtained":[{"floor":1,"key":"Swift Potion"},{"floor":6,"key":"AttackPotion"},{"floor":7,"key":"PotionOfCapacity"}],"is_trial":false,"path_per_floor":["M","?","M","M","M","M","M","E"],"character_chosen":"DEFECT","items_purchased":[],"campfire_rested":0,"item_purchase_floors":[],"current_hp_per_floor":[68,68,68,68,57,13,13,0,0],"gold":190,"neow_bonus":"THREE_ENEMY_KILL","is_daily":false,"chose_seed":false,"campfire_upgraded":0,"win_rate":0.0,"timestamp":1608568353,"path_taken":["M","?","?","?","M","M","M","E"],"items_purchased_type":[],"build_version":"2020-12-13","purchased_purges":0,"victory":false,"max_hp_per_floor":[75,75,75,75,75,75,75,75,75],"card_choices":[{"not_picked":["BootSequence","Steam","Barrage"],"picked":"SKIP","floor":1},{"not_picked":["Gash","Panic Button"],"picked":"Double Energy","floor":3},{"not_picked":["Stack","Gash","Recycle"],"picked":"SKIP","floor":4},{"not_picked":["Sweeping Beam","Gash","Beam Cell"],"picked":"SKIP","floor":5},{"not_picked":["Time Bomb","Sunder"],"picked":"ReplaySolidLightProjector","floor":6},{"not_picked":["Beam Cell","Amplify"],"picked":"Storm","floor":7}],"player_experience":752230,"relics_obtained":[],"event_choices":[{"damage_healed":0,"gold_gain":0,"player_choice":"Rummage","damage_taken":0,"relics_obtained":["WarpedTongs"],"max_hp_gain":0,"max_hp_loss":0,"event_name":"Accursed Blacksmith","floor":2,"gold_loss":0,"cards_obtained":["Pain"]}],"is_beta":false,"boss_relics":[],"items_purged_floors":[],"is_endless":false,"potions_floor_spawned":[1,6,7],"killed_by":"Lagavulin","ascension_level":7}}