{"host":"4b06nrmhsmzqjm1r","time":1608584435,"event":{"mods":["2.2 Compatiblity","AchievementEnabler","BaseMod","BetterRewards","Colored Map","Colored Powertips","Downfall","Hermit","Highlight Path","Marisa????????","Minty Spire (QoL Compilation)","StSLib","The Animator","The Cursed","The Hierophant","The Servant 0.9.4"],"gold_per_floor":[115,115,147,162,187,203,203],"floor_reached":6,"playtime":4521,"items_purged":[],"score":38,"play_id":"75b9aded-02d9-4776-b54f-dede571b736d","local_time":"20201221220035","is_ascension_mode":false,"campfire_choices":[],"circlet_count":0,"master_deck":["animator:Strike_Konosuba","animator:Defend_Konosuba","animator:Strike","animator:Strike","animator:Strike","animator:Defend","animator:Defend","animator:Kazuma","animator:Aqua","animator:QuestionMark","animator:Vanir","animator:Darkness","animator:PandorasActor","animator:Evileye","animator:WinryRockbell","animator:SwordMaiden","animator:HighElfArcher","animator:IchigoKurosaki","animator:IzunaHatsuse","animator:Chris","animator:Shalltear","animator:Sebas"],"relics":["animator:LivingPicture","animator:TheMissingPiece"],"acts_visited":["Exordium"],"potions_floor_usage":[6,6],"damage_taken":[{"damage":0,"enemies":"Jaw Worm","floor":1,"turns":7},{"damage":2,"enemies":"Cultist","floor":3,"turns":5},{"damage":0,"enemies":"Small Slimes","floor":4,"turns":4},{"damage":33,"enemies":"Gremlin Gang","floor":5,"turns":6},{"damage":1,"enemies":"Lagavulin","floor":6,"turns":10}],"seed_played":"5011495378145095749","potions_obtained":[{"floor":1,"key":"PowerPotion"},{"floor":3,"key":"Strength Potion"}],"is_trial":false,"path_per_floor":["M","?","M","M","M","E"],"character_chosen":"THE_ANIMATOR","items_purchased":["animator:QuestionMark","animator:Vanir","animator:Darkness","FairyPotion","animator:PandorasActor","animator:Evileye","animator:WinryRockbell","animator:SwordMaiden","animator:HighElfArcher","animator:IchigoKurosaki"],"campfire_rested":0,"item_purchase_floors":[0,0,0,0,0,0,0,0,0,0],"current_hp_per_floor":[37,37,37,39,12,17,17],"gold":203,"neow_bonus":"","is_daily":false,"chose_seed":false,"campfire_upgraded":0,"win_rate":0.0,"timestamp":1608584435,"path_taken":["M","?","M","?","M","E"],"items_purchased_type":["Card","Card","Card","Potion","Card","Card","Card","Card","Card","Card"],"build_version":"2020-12-13","purchased_purges":0,"victory":false,"max_hp_per_floor":[66,66,66,66,66,66,66],"card_choices":[{"not_picked":["animator:Sloth","animator:Tyuule"],"picked":"animator:IzunaHatsuse","floor":1},{"not_picked":["animator:SilverFang","animator:Vanir"],"picked":"animator:Chris","floor":3},{"not_picked":["animator:DolaRiku","animator:IzunaHatsuse"],"picked":"animator:Shalltear","floor":4},{"not_picked":["animator:Evileye","animator:Shalltear"],"picked":"animator:Sebas","floor":5}],"player_experience":181046,"relics_obtained":[],"event_choices":[{"cards_removed":["animator:Defend"],"damage_healed":0,"gold_gain":0,"player_choice":"Purged","damage_taken":0,"max_hp_gain":0,"max_hp_loss":0,"event_name":"Purifier","floor":2,"gold_loss":0}],"is_beta":false,"boss_relics":[],"items_purged_floors":[],"is_endless":false,"potions_floor_spawned":[1,3],"killed_by":"Lagavulin","ascension_level":0}}