{"host":"j05tanvorlbs2t7f","time":1608564381,"event":{"mods":["2.2 Compatiblity","AchievementEnabler","BaseMod","BetterRewards","Card Forge","Colored Powertips","Conspire","Downfall","Minty Spire (QoL Compilation)","Permanent Neow","Replay The Spire","Shade Mod","StSLib","The Bug Knight","The Construct","The Cursed","The Forsaken","The Hierophant","The Sage","TheHeartMod"],"gold_per_floor":[115,115,138,154,167,202,202,242,242,392,427,407,407,431,431,524,524,544,544,544,26,39,80,103,124,147,163,163,163,163,163],"floor_reached":30,"playtime":1651,"items_purged":[],"score":740,"play_id":"1d13d656-ccb9-4cc0-9ebb-5b45f3fb3b98","local_time":"20201221162621","is_ascension_mode":true,"campfire_choices":[{"floor":7.0,"key":"REST"},{"data":"Storm","floor":13.0,"key":"SMITH"},{"data":"conspire:SharedLibrary","floor":15.0,"key":"SMITH"},{"floor":28.0,"key":"REST"}],"circlet_count":0,"master_deck":["AscendersBane","Strike_B+1","Strike_B+1","Strike_B+1","Strike_B+1","Defend_B+1","Defend_B+1","Defend_B+1","Defend_B+1","Zap","Dualcast","conspire:SharedLibrary+1","Hologram","Cold Snap","Injury","Cold Snap","Redo","Amplify","ReplayTheSpireMod:Omega Cannon+1","Storm+1","FIFO Queue","Creative AI","Beam Cell+1","Stack","Go for the Eyes+1","ReplayTheSpireMod:System Scan","Stack+1","Force Field"],"relics":["Cracked Core","Hammer of Thor","Seething Fire","Anvil of the Gods","BargainBundle","sagemod:Blowpipe","Replay:Kaleidoscope","WingedGreaves","OrangePellets","Emotion Chip","Lee\u0027s Waffle","Golden Idol","Onion Ring","Molten Egg 2","The Courier","Inserter","conspire:TreasureMap","Shovel","Bag of Marbles","Lantern","Toy Ornithopter"],"acts_visited":["Exordium","TheCity"],"potions_floor_usage":[30],"damage_taken":[{"damage":6.0,"enemies":"2 Louse","floor":1.0,"turns":3.0},{"damage":0.0,"enemies":"Small Slimes","floor":3.0,"turns":3.0},{"damage":4.0,"enemies":"conspire:RoseBush","floor":4.0,"turns":3.0},{"damage":11.0,"enemies":"Lots of Slimes","floor":5.0,"turns":3.0},{"damage":8.0,"enemies":"HollowMod:MossKnight","floor":6.0,"turns":7.0},{"damage":4.0,"enemies":"3 Sentries","floor":8.0,"turns":10.0},{"damage":22.0,"enemies":"Replay:BlueRogue","floor":11.0,"turns":5.0},{"damage":0.0,"enemies":"Looter","floor":14.0,"turns":1.0},{"damage":21.0,"enemies":"Hexaghost","floor":16.0,"turns":9.0},{"damage":24.0,"enemies":"conspire:FuzzyDice","floor":18.0,"turns":9.0},{"damage":19.0,"enemies":"2 Thieves","floor":22.0,"turns":3.0},{"damage":13.0,"enemies":"Replay:Snechameleon","floor":23.0,"turns":11.0},{"damage":0.0,"enemies":"Centurion and Healer","floor":24.0,"turns":1.0},{"damage":4.0,"enemies":"3 Cultists","floor":25.0,"turns":3.0},{"damage":3.0,"enemies":"Cultist and Chosen","floor":27.0,"turns":6.0},{"damage":35,"enemies":"Gremlin Leader","floor":30,"turns":6}],"seed_played":"-9054111736931981278","potions_obtained":[{"floor":1.0,"key":"FocusPotion"},{"floor":5.0,"key":"BlessingOfTheForge"},{"floor":6.0,"key":"Energy Potion"},{"floor":18.0,"key":"GamblersBrew"},{"floor":22.0,"key":"FocusPotion"},{"floor":27.0,"key":"AttackPotion"}],"is_trial":false,"path_per_floor":["M","?","M","M","M","E","R","E","T","?","E","?","R","M","R","B",null,"M","?","?","$","M","E","M","M","T","M","R","?","E"],"character_chosen":"DEFECT","items_purchased":["BargainBundle","EssenceOfDarkness","sagemod:Blowpipe","Replay:Kaleidoscope","conspire:SharedLibrary","OrangePellets","Lee\u0027s Waffle","Hologram","conspire:TreasureMap","Shovel","Bag of Marbles"],"campfire_rested":2,"item_purchase_floors":[0,0,0,0,0,0,0,0,21,21,21],"current_hp_per_floor":[72,72,72,68,57,49,72,68,68,68,46,46,46,46,46,25,65,41,41,41,41,22,9,9,5,5,7,30,26,0,0],"gold":163,"neow_bonus":"","is_daily":false,"chose_seed":false,"campfire_upgraded":2,"win_rate":0.0,"timestamp":1608564381,"path_taken":["M","?","M","M","M","E","R","E","T","?","E","?","R","?","R","BOSS","M","?","?","$","M","E","M","M","T","?","R","?","E"],"items_purchased_type":["Relic","Potion","Relic","Relic","Card","Relic","Relic","Card","Relic","Relic","Relic"],"build_version":"2020-12-13","purchased_purges":0,"victory":false,"max_hp_per_floor":[78,78,78,78,78,78,78,78,78,78,78,78,78,78,78,78,78,78,78,78,78,78,78,78,78,78,78,78,78,78,78],"card_choices":[{"not_picked":["Ball Lightning","Streamline"],"picked":"Cold Snap","floor":1.0},{"not_picked":["Rebound","Gash"],"picked":"Cold Snap","floor":3.0},{"not_picked":["Panic Button","Auto Shields","Scrape"],"picked":"SKIP","floor":4.0},{"not_picked":["Consume","Turbo"],"picked":"Redo","floor":5.0},{"not_picked":["Sweeping Beam","Ball Lightning"],"picked":"Amplify","floor":6.0},{"not_picked":["Barrage+1","Gash+1"],"picked":"ReplayTheSpireMod:Omega Cannon+1","floor":8.0},{"not_picked":["Turbo","conspire:Rain"],"picked":"Storm","floor":11.0},{"not_picked":["Turbo","Cold Snap+1"],"picked":"FIFO Queue","floor":14.0},{"not_picked":["Echo Form","Core Surge+1"],"picked":"Creative AI","floor":16.0},{"not_picked":["Gash+1","Chaos+1"],"picked":"Beam Cell+1","floor":18.0},{"not_picked":["Darkness","Beam Cell+1"],"picked":"Stack","floor":22.0},{"not_picked":["Tempest","Gash+1"],"picked":"Go for the Eyes+1","floor":23.0},{"not_picked":["Reinforced Body+1","Panic Button"],"picked":"ReplayTheSpireMod:System Scan","floor":24.0},{"not_picked":["Heatsinks","Redo"],"picked":"Stack+1","floor":25.0},{"not_picked":["ReplaySolidLightProjector","Ball Lightning+1"],"picked":"Force Field","floor":27.0}],"player_experience":469622,"relics_obtained":[{"floor":6.0,"key":"Onion Ring"},{"floor":8.0,"key":"Molten Egg 2"},{"floor":11.0,"key":"The Courier"},{"floor":23.0,"key":"Lantern"},{"floor":26.0,"key":"Toy Ornithopter"}],"event_choices":[{"damage_healed":0.0,"max_hp_gain":0.0,"max_hp_loss":0.0,"gold_gain":0.0,"event_name":"Golden Idol","player_choice":"Take Wound","floor":2.0,"gold_loss":0.0,"damage_taken":0.0,"relics_obtained":["Golden Idol"],"cards_obtained":["Injury"]},{"damage_healed":0.0,"max_hp_gain":0.0,"max_hp_loss":0.0,"gold_gain":150.0,"event_name":"Liars Game","player_choice":"AGREE","floor":10.0,"gold_loss":0.0,"damage_taken":0.0,"cards_obtained":["Doubt"]},{"damage_healed":0.0,"max_hp_gain":0.0,"max_hp_loss":0.0,"gold_gain":0.0,"event_name":"The Woman in Blue","player_choice":"Bought 1 Potion","floor":12.0,"gold_loss":0.0,"damage_taken":0.0},{"damage_healed":0.0,"max_hp_gain":0.0,"max_hp_loss":0.0,"gold_gain":0.0,"event_name":"Back to Basics","player_choice":"Simplicity","floor":19.0,"gold_loss":0.0,"damage_taken":0.0,"cards_upgraded":["Strike_B","Strike_B","Strike_B","Strike_B","Defend_B","Defend_B","Defend_B","Defend_B"]},{"cards_removed":["Doubt"],"damage_healed":0.0,"max_hp_gain":0.0,"max_hp_loss":0.0,"gold_gain":0.0,"event_name":"Purifier","player_choice":"Purged","floor":20.0,"gold_loss":0.0,"damage_taken":0.0},{"damage_healed":0.0,"max_hp_gain":0.0,"max_hp_loss":0.0,"gold_gain":0.0,"event_name":"conspire:Investor","player_choice":"Leave","floor":29.0,"gold_loss":0.0,"damage_taken":0.0}],"is_beta":false,"boss_relics":[{"not_picked":["Abe\u0027s Treasure","theForsaken:PaleLantern"],"picked":"Inserter"}],"items_purged_floors":[],"is_endless":false,"potions_floor_spawned":[1,5,6,8,14,18,22,24,27],"killed_by":"Gremlin Leader","ascension_level":20}}