{"host":"pjgcdp3h1plnbocs","time":1608559395,"event":{"mods":["AchievementEnabler","BaseMod","Colored Map","Highlight Path","Minty Spire (QoL Compilation)"],"gold_per_floor":[116,135,151,171,171,171,187,217,243,260,260,286,9,23,23,122,122,142,67,0,17,17,52,52,52,52],"floor_reached":25,"playtime":1148,"items_purged":["Strike_G"],"score":326,"play_id":"991a2884-7302-43be-a01c-01ba24678f68","local_time":"20201221150315","is_ascension_mode":true,"campfire_choices":[{"floor":6.0,"key":"REST"},{"floor":11.0,"key":"REST"},{"floor":15,"key":"REST"},{"floor":24,"key":"REST"}],"circlet_count":0,"master_deck":["Strike_G","Strike_G","Strike_G","Defend_G","Defend_G","Defend_G","Defend_G","Survivor","Neutralize+1","Acrobatics","Caltrops","Deadly Poison","Backflip","Bane+1","Footwork","After Image","Blade Dance","Cloak And Dagger"],"relics":["Ring of the Snake","Potion Belt","Whetstone","Toy Ornithopter","Kunai","SacredBark","Omamori"],"acts_visited":["Exordium","TheCity"],"potions_floor_usage":[23,23],"damage_taken":[{"damage":0.0,"enemies":"Cultist","floor":1.0,"turns":5.0},{"damage":12.0,"enemies":"Small Slimes","floor":2.0,"turns":6.0},{"damage":4.0,"enemies":"Jaw Worm","floor":3.0,"turns":6.0},{"damage":2.0,"enemies":"Blue Slaver","floor":4.0,"turns":5.0},{"damage":19.0,"enemies":"Exordium Wildlife","floor":7.0,"turns":6.0},{"damage":12.0,"enemies":"Lagavulin","floor":8.0,"turns":5.0},{"damage":3.0,"enemies":"Looter","floor":10.0,"turns":3.0},{"damage":27.0,"enemies":"3 Sentries","floor":12.0,"turns":11.0},{"damage":0.0,"enemies":"Red Slaver","floor":14.0,"turns":5.0},{"damage":24,"enemies":"Slime Boss","floor":16,"turns":18},{"damage":12,"enemies":"Spheric Guardian","floor":18,"turns":9},{"damage":0,"enemies":"Chosen","floor":21,"turns":7},{"damage":44,"enemies":"Slavers","floor":23,"turns":7},{"damage":37,"enemies":"Gremlin Leader","floor":25,"turns":3}],"seed_played":"-7802312146112680860","potions_obtained":[{"floor":2.0,"key":"LiquidBronze"},{"floor":3.0,"key":"Swift Potion"},{"floor":4.0,"key":"AttackPotion"},{"floor":10.0,"key":"Swift Potion"},{"floor":21,"key":"PowerPotion"}],"is_trial":false,"path_per_floor":["M","M","M","M","?","R","M","E","T","M","R","E","$","M","R","B",null,"M","$","?","M","$","E","R","E"],"character_chosen":"THE_SILENT","items_purchased":["Kunai","Footwork"],"campfire_rested":4,"item_purchase_floors":[13,13],"current_hp_per_floor":[45,33,29,27,27,48,29,17,17,14,35,8,8,13,34,10,55,43,43,43,43,43,9,30,0,0],"gold":52,"neow_bonus":"REMOVE_TWO","is_daily":false,"chose_seed":false,"campfire_upgraded":0,"win_rate":0.0,"timestamp":1608559395,"path_taken":["M","M","M","M","?","R","M","E","T","?","R","E","$","M","R","BOSS","M","$","?","M","$","E","R","E"],"items_purchased_type":["Relic","Card"],"build_version":"2020-12-13","purchased_purges":1,"victory":false,"max_hp_per_floor":[70,70,70,70,70,70,70,70,70,70,70,70,70,70,70,70,70,70,70,70,70,70,70,70,70,70],"card_choices":[{"not_picked":["Dagger Throw","Prepared"],"picked":"Acrobatics","floor":1.0},{"not_picked":["Flying Knee","Predator"],"picked":"Caltrops","floor":2.0},{"not_picked":["Cloak And Dagger","Distraction"],"picked":"Deadly Poison","floor":3.0},{"not_picked":["Dodge and Roll","Reflex"],"picked":"Backflip","floor":4.0},{"not_picked":["Deflect","Distraction"],"picked":"Bane","floor":7.0},{"not_picked":["Backflip","Dash","Bullet Time"],"picked":"SKIP","floor":8.0},{"not_picked":["Quick Slash","Accuracy","Distraction"],"picked":"SKIP","floor":10.0},{"not_picked":["Dagger Throw","Flechettes","Slice"],"picked":"SKIP","floor":12.0},{"not_picked":["Bouncing Flask","Riddle With Holes","Caltrops"],"picked":"SKIP","floor":14},{"not_picked":["Malaise","Envenom"],"picked":"After Image","floor":16},{"not_picked":["Acrobatics","Sucker Punch"],"picked":"Blade Dance","floor":18},{"not_picked":["Choke","Catalyst+1"],"picked":"Cloak And Dagger","floor":21},{"not_picked":["Deflect","Backflip","Storm of Steel"],"picked":"SKIP","floor":23}],"player_experience":133356,"relics_obtained":[{"floor":8.0,"key":"Potion Belt"},{"floor":9.0,"key":"Whetstone"},{"floor":12.0,"key":"Toy Ornithopter"},{"floor":23,"key":"Omamori"}],"event_choices":[{"damage_healed":0.0,"max_hp_gain":0.0,"max_hp_loss":0.0,"gold_gain":0.0,"event_name":"The Woman in Blue","player_choice":"Bought 0 Potions","floor":5.0,"gold_loss":0.0,"damage_taken":0.0},{"damage_healed":0,"gold_gain":0,"player_choice":"Paid Fearfully","damage_taken":0,"max_hp_gain":0,"max_hp_loss":0,"event_name":"Masked Bandits","floor":20,"gold_loss":67}],"is_beta":false,"boss_relics":[{"not_picked":["Calling Bell","Velvet Choker"],"picked":"SacredBark"}],"items_purged_floors":[19],"is_endless":false,"potions_floor_spawned":[2,3,4,7,10,21],"killed_by":"Gremlin Leader","ascension_level":8}}