{"host":"zh06ha8197vgjo02","time":1608543030,"event":{"mods":["AchievementEnabler","Arknights The Spire","BaseMod","Better Skull","CapriCore","DeckTracker","GifTheSpireLib","Hermit","Koishi","Marisa£¨Ùöéë¡¡Øª×âÞÞ£©","Minty Spire (QoL Compilation)","Reimu£¨ÚÏ???£©","StSLib","SuperFastMode","Td1madao Mod","The Cursed","The Immortal","TheBandit","WarShipGirlsR/??á´Ò³R mod"],"gold_per_floor":[110,120,195,209,209,209,236,236,236,226,237,237,253,266,266,362,362,342,356,375,375,113,113,126,126,126,140,153,153,153,163,163,266,266,280,280,298,109,159,159,187,187,187,187,187],"floor_reached":44,"playtime":2109,"items_purged":["Defend_C"],"score":440,"play_id":"1488946b-0391-4dc4-ae22-58bf10d66018","local_time":"20201221183030","is_ascension_mode":false,"campfire_choices":[{"data":"Chip","floor":6.0,"key":"SMITH"},{"data":"De Ware Chip","floor":8.0,"key":"SMITH"},{"data":"Im Angry","floor":12.0,"key":"SMITH"},{"data":"Afterwards","floor":15.0,"key":"SMITH"},{"data":"Shockwave Tdmadao","floor":23.0,"key":"SMITH"},{"data":"Optimization","floor":30.0,"key":"SMITH"},{"data":"New Defend Magic","floor":32.0,"key":"SMITH"},{"floor":40.0,"key":"REST"},{"data":"Retrieval Recycling","floor":42.0,"key":"SMITH"}],"circlet_count":0,"master_deck":["Strike_C","Strike_C","Defend_C","Defend_C","Defend_C","Knight Kick","Chip+1","Floating Swing Kick","De Ware Chip+1","Perfect Defend","Im Angry+1","Afterwards+1","Pod Fire+1","Shockwave Tdmadao+1","Lore","Optimization+1","Defend System+1","Reflection Mechanism+1","New Defend Magic+1","Retrieval Recycling+1","Afterwards+1"],"relics":["Apod","Toy Ornithopter","Meat on the Bone","Bag of Preparation","Philosopher\u0027s Stone","Mummified Hand","Happy Flower","Empty Cage","Membership Card","Prayer Wheel","CaptainsWheel","Mb Ring"],"acts_visited":["Exordium","TheCity","TheBeyond"],"potions_floor_usage":[44,44],"damage_taken":[{"damage":0.0,"enemies":"Small Slimes","floor":1.0,"turns":3.0},{"damage":3.0,"enemies":"Jaw Worm","floor":2.0,"turns":4.0},{"damage":3.0,"enemies":"Cultist","floor":4.0,"turns":4.0},{"damage":23.0,"enemies":"3 Sentries","floor":7.0,"turns":12.0},{"damage":7.0,"enemies":"2 Fungi Beasts","floor":11.0,"turns":4.0},{"damage":10.0,"enemies":"Large Slime","floor":13.0,"turns":9.0},{"damage":3.0,"enemies":"Looter","floor":14.0,"turns":3.0},{"damage":6.0,"enemies":"Hexaghost","floor":16.0,"turns":11.0},{"damage":15.0,"enemies":"2 Thieves","floor":18.0,"turns":4.0},{"damage":6.0,"enemies":"Spheric Guardian","floor":19.0,"turns":5.0},{"damage":21.0,"enemies":"3 Cultists","floor":20.0,"turns":7.0},{"damage":10.0,"enemies":"Centurion and Healer","floor":24.0,"turns":8.0},{"damage":14.0,"enemies":"Shelled Parasite and Fungi","floor":27.0,"turns":6.0},{"damage":23.0,"enemies":"Snake Plant","floor":28.0,"turns":5.0},{"damage":0.0,"enemies":"Snecko","floor":31.0,"turns":5.0},{"damage":26.0,"enemies":"Champ","floor":33.0,"turns":9.0},{"damage":40.0,"enemies":"3 Darklings","floor":35.0,"turns":6.0},{"damage":40.0,"enemies":"3 Shapes","floor":37.0,"turns":3.0},{"damage":2.0,"enemies":"Mind Bloom Boss Battle","floor":39.0,"turns":6.0},{"damage":3.0,"enemies":"Giant Head","floor":41.0,"turns":8.0},{"damage":70,"enemies":"Reptomancer","floor":44,"turns":2}],"seed_played":"-7271354604118878956","potions_obtained":[{"floor":1.0,"key":"SneckoOil"},{"floor":4.0,"key":"DistilledChaos"},{"floor":7.0,"key":"DistilledChaos"},{"floor":14.0,"key":"AttackPotion"},{"floor":18.0,"key":"Swift Potion"},{"floor":19.0,"key":"BlessingOfTheForge"},{"floor":31.0,"key":"LiquidMemories"},{"floor":33.0,"key":"Energy Potion"},{"floor":39.0,"key":"PowerPotion"},{"floor":41.0,"key":"Swift Potion"}],"is_trial":false,"path_per_floor":["M","M","?","M","?","R","E","R","T","?","M","R","M","M","R","B",null,"M","M","M","?","$","R","M","?","T","M","M","?","R","M","R","B",null,"M","?","M","$","?","R","E","R","T","E"],"character_chosen":"TD1MADAO_CLASS","items_purchased":["Mummified Hand","Membership Card"],"campfire_rested":1,"item_purchase_floors":[22,38],"current_hp_per_floor":[70,67,56,53,53,53,40,40,40,40,45,45,47,44,44,38,70,55,49,40,40,40,40,42,42,42,40,34,34,34,46,46,37,70,45,45,17,17,27,46,48,48,48,0,0],"gold":187,"neow_bonus":"RANDOM_COMMON_RELIC","is_daily":false,"chose_seed":false,"campfire_upgraded":8,"win_rate":0.0,"timestamp":1608543030,"path_taken":["M","M","?","M","?","R","E","R","T","?","M","R","?","M","R","BOSS","M","M","M","?","$","R","M","?","T","?","M","?","R","M","R","BOSS","M","?","M","$","?","R","E","R","T","E"],"items_purchased_type":["Relic","Relic"],"build_version":"2020-12-13","purchased_purges":1,"victory":false,"max_hp_per_floor":[70,70,70,70,70,70,70,70,70,70,70,70,70,70,70,70,70,70,70,70,70,70,70,70,70,70,70,70,70,70,70,70,70,70,70,66,66,66,66,66,66,66,66,66,66],"card_choices":[{"not_picked":["Lore","Here Defend Chip","Preparedness"],"picked":"SKIP","floor":1.0},{"not_picked":["Sudden Beat","Preparedness","Reinforcement Parts"],"picked":"SKIP","floor":2.0},{"not_picked":["Money Cant Rescue","Oblique Hack"],"picked":"Floating Swing Kick","floor":4.0},{"not_picked":["Resistance","Twin Teeth"],"picked":"De Ware Chip","floor":7.0},{"not_picked":[],"picked":"Perfect Defend","floor":10.0},{"not_picked":[],"picked":"Im Angry","floor":10.0},{"not_picked":["Fixing","Black Execution","Fire Blade"],"picked":"SKIP","floor":11.0},{"not_picked":["Fire Blade","Cooling Song"],"picked":"Afterwards","floor":13.0},{"not_picked":["Cursed Blade","Winding Magic"],"picked":"Pod Fire","floor":14.0},{"not_picked":["Backup","Memory Alloy"],"picked":"Shockwave Tdmadao","floor":16.0},{"not_picked":["Preparedness","Lunge"],"picked":"Lore","floor":18.0},{"not_picked":["Money Cant Rescue","Black Shadow","Fire Up+1"],"picked":"SKIP","floor":19.0},{"not_picked":["Black Execution","Gravity Defend"],"picked":"Optimization","floor":20.0},{"not_picked":["Black Hand","Rupture","Oblique Hack"],"picked":"SKIP","floor":24.0},{"not_picked":["Cursed Blade","Fixing"],"picked":"Defend System+1","floor":27.0},{"not_picked":["Furious","Machining"],"picked":"Reflection Mechanism+1","floor":28.0},{"not_picked":["Resistance+1","White Contract"],"picked":"New Defend Magic","floor":31.0},{"not_picked":["Moon Tear","Memory Alloy"],"picked":"Retrieval Recycling","floor":33.0},{"not_picked":["Machining+1","Cursed Blade","Preloading+1"],"picked":"SKIP","floor":35.0},{"not_picked":["E MP+1","Cursed Blade+1","Floating Even+1"],"picked":"SKIP","floor":37.0},{"not_picked":["De Ware Chip+1","Moon Tear"],"picked":"Afterwards+1","floor":41.0}],"player_experience":726816,"relics_obtained":[{"floor":7.0,"key":"Meat on the Bone"},{"floor":9.0,"key":"Bag of Preparation"},{"floor":26.0,"key":"Happy Flower"},{"floor":39.0,"key":"Prayer Wheel"},{"floor":41.0,"key":"CaptainsWheel"},{"floor":43.0,"key":"Mb Ring"}],"event_choices":[{"damage_healed":0.0,"max_hp_gain":0.0,"max_hp_loss":0.0,"gold_gain":75.0,"event_name":"World of Goop","player_choice":"Gather Gold","floor":3.0,"gold_loss":0.0,"damage_taken":11.0},{"damage_healed":0.0,"max_hp_gain":0.0,"max_hp_loss":0.0,"gold_gain":0.0,"event_name":"Liars Game","player_choice":"Ignored","floor":5.0,"gold_loss":0.0,"damage_taken":0.0},{"damage_healed":0.0,"max_hp_gain":0.0,"max_hp_loss":0.0,"gold_gain":0.0,"event_name":"Ghosts","player_choice":"Ignored","floor":21.0,"gold_loss":0.0,"damage_taken":0.0},{"damage_healed":0.0,"max_hp_gain":0.0,"max_hp_loss":0.0,"gold_gain":0.0,"event_name":"Upgrade Shrine","player_choice":"Upgraded","floor":25.0,"gold_loss":0.0,"damage_taken":0.0,"cards_upgraded":["Pod Fire"]},{"damage_healed":0.0,"max_hp_gain":0.0,"max_hp_loss":0.0,"gold_gain":0.0,"event_name":"Cursed Tome","player_choice":"Ignored","floor":29.0,"gold_loss":0.0,"damage_taken":0.0},{"damage_healed":0.0,"max_hp_gain":0.0,"max_hp_loss":4.0,"gold_gain":0.0,"event_name":"Winding Halls","player_choice":"Max HP","floor":36.0,"gold_loss":0.0,"damage_taken":0.0},{"damage_healed":0.0,"max_hp_gain":0.0,"max_hp_loss":0.0,"gold_gain":0.0,"event_name":"MindBloom","player_choice":"Fight","floor":39.0,"gold_loss":0.0,"damage_taken":0.0}],"is_beta":false,"boss_relics":[{"not_picked":["Ectoplasm","Sozu"],"picked":"Philosopher\u0027s Stone"},{"not_picked":["Pandora\u0027s Box","Busted Crown"],"picked":"Empty Cage"}],"items_purged_floors":[38],"is_endless":false,"potions_floor_spawned":[1,4,7,14,18,19,31,33,39,41],"killed_by":"Reptomancer","ascension_level":0}}