{"host":"dcj2yvrgcvh5dl2s","time":1608588210,"event":{"mods":["BaseMod","Better Note","Block Reminder","Colored Powertips","DeckTracker","Minty Spire (QoL Compilation)","Quick Restart","Rare Cards Sparkle","Relic Stats","StSLib"],"gold_per_floor":[112,32,32,32,32,59,59,59,59],"floor_reached":8,"playtime":618,"items_purged":[],"score":86,"play_id":"5c3e7314-9f84-4205-bd12-7dd757302dac","local_time":"20201222080330","is_ascension_mode":true,"campfire_choices":[{"floor":7,"key":"REST"}],"circlet_count":0,"master_deck":["AscendersBane","Strike_R","Strike_R","Strike_R","Strike_R","Defend_R","Defend_R","Defend_R","Defend_R","Bash","Feed","Heavy Blade","Carnage","Flex"],"relics":["Burning Blood","InkBottle"],"acts_visited":["Exordium"],"potions_floor_usage":[8],"damage_taken":[{"damage":6,"enemies":"Cultist","floor":1,"turns":3},{"damage":63,"enemies":"Lagavulin","floor":6,"turns":8},{"damage":50,"enemies":"3 Sentries","floor":8,"turns":7}],"seed_played":"-2846382853217698579","potions_obtained":[{"floor":1,"key":"Ancient Potion"},{"floor":6,"key":"Weak Potion"}],"is_trial":false,"path_per_floor":["M","$","?","$","?","E","R","E"],"character_chosen":"IRONCLAD","items_purchased":["Carnage"],"campfire_rested":1,"item_purchase_floors":[2],"current_hp_per_floor":[75,75,80,80,73,19,43,0,0],"gold":59,"neow_bonus":"THREE_RARE_CARDS","is_daily":false,"chose_seed":false,"campfire_upgraded":0,"win_rate":0.0,"timestamp":1608588210,"path_taken":["M","$","?","$","?","E","R","E"],"items_purchased_type":["Card"],"build_version":"2020-12-13","purchased_purges":0,"victory":false,"max_hp_per_floor":[75,75,80,80,80,83,83,86,86],"relic_stats":{"counters":[3,18],"obtain_stats":[{"Burning Blood":0,"InkBottle":6},{"Burning Blood":0,"InkBottle":2},{"Burning Blood":0,"InkBottle":11}],"Burning Blood":12,"InkBottle":[1]},"card_choices":[{"not_picked":["Berserk","Impervious"],"picked":"Feed","floor":0},{"not_picked":["Ghostly Armor","Twin Strike"],"picked":"Heavy Blade","floor":1},{"not_picked":["Sword Boomerang","Sentinel"],"picked":"Flex","floor":6}],"player_experience":1999550,"relics_obtained":[{"floor":6,"key":"InkBottle"}],"event_choices":[{"damage_healed":0,"gold_gain":0,"player_choice":"Donut","damage_taken":0,"max_hp_gain":5,"max_hp_loss":0,"event_name":"Big Fish","floor":3,"gold_loss":0},{"cards_removed":["Strike_R"],"damage_healed":0,"gold_gain":0,"player_choice":"Card Removal","damage_taken":7,"max_hp_gain":0,"max_hp_loss":0,"event_name":"Golden Wing","floor":5,"gold_loss":0}],"is_beta":false,"boss_relics":[],"items_purged_floors":[],"is_endless":false,"potions_floor_spawned":[1,6],"killed_by":"3 Sentries","ascension_level":13}}