{"host":"q6rs3in4l29iepap","time":1608575469,"event":{"mods":["Aspiration","BaseMod","Colored Map","Downfall","Hermit","Hubris","Infinite Spire","Jorbs\u0027s Wanderer Trilogy","Minty Spire (QoL Compilation)","Replay The Spire","Shade Mod","StSLib","The Construct","The Cursed","The Servant 0.9.4"],"gold_per_floor":[99,99,6,6,6,6,6,6],"floor_reached":6,"playtime":315,"items_purged":[],"score":30,"play_id":"ca4ba3dd-92d8-407f-9eee-8f89e8b35035","local_time":"20201221103109","is_ascension_mode":false,"campfire_choices":[{"floor":1,"key":"RECALL"}],"circlet_count":0,"master_deck":["hexamod:Strike","hexamod:Strike","hexamod:Strike","hexamod:Strike","hexamod:Defend","hexamod:Defend","hexamod:Defend","hexamod:Defend","hexamod:Sear","hexamod:Float","hexamod:GhostLash","hexamod:EmpoweringStance","hexamod:BurningTouch+1","hexamod:ThermalTransfer","hexamod:ChargedBarrage"],"relics":["hexamod:SpiritBrand","downfall:HeartsMalice"],"acts_visited":["Exordium"],"potions_floor_usage":[],"damage_taken":[{"damage":0,"enemies":"Small Slimes","floor":2,"turns":1},{"damage":0,"enemies":"downfall:FleeingMerchant","floor":3,"turns":1},{"damage":0,"enemies":"Cultist","floor":5,"turns":1},{"damage":85,"enemies":"Gremlin Nob","floor":6,"turns":5}],"seed_played":"1645485005724580272","potions_obtained":[],"is_trial":false,"path_per_floor":["R","M","$","?","M","E"],"character_chosen":"THE_SPIRIT","items_purchased":["hexamod:BurningTouch","hexamod:ThermalTransfer"],"campfire_rested":0,"item_purchase_floors":[3,3],"current_hp_per_floor":[70,70,70,70,70,0,0,0],"gold":6,"neow_bonus":"THREE_ENEMY_KILL","is_daily":false,"chose_seed":false,"campfire_upgraded":0,"win_rate":0.0,"timestamp":1608575469,"path_taken":["R","M","$","?","M","E"],"items_purchased_type":["Card","Card"],"build_version":"2020-12-13","purchased_purges":0,"victory":false,"max_hp_per_floor":[70,70,70,70,70,70,70,70],"card_choices":[{"not_picked":["hexamod:BacktrackSmack","hexamod:Hexaguard"],"picked":"hexamod:GhostLash","floor":2},{"not_picked":["hexamod:WildfireWeapon","hexamod:ShieldOfDarkness"],"picked":"hexamod:EmpoweringStance","floor":3},{"not_picked":["hexamod:GhostLash","hexamod:ShieldOfDarkness"],"picked":"hexamod:ChargedBarrage","floor":5}],"player_experience":59211,"relics_obtained":[],"event_choices":[{"damage_healed":0,"gold_gain":0,"player_choice":"Forge","damage_taken":0,"max_hp_gain":0,"max_hp_loss":0,"event_name":"Accursed Blacksmith","floor":4,"gold_loss":0,"cards_upgraded":["hexamod:BurningTouch"]}],"is_beta":false,"boss_relics":[],"items_purged_floors":[],"is_endless":false,"potions_floor_spawned":[],"killed_by":"Gremlin Nob","ascension_level":0}}