{"host":"q229ysid750dmjme","time":1608562776,"event":{"mods":["AchievementEnabler","BaseMod","Colored Map","Minty Spire (QoL Compilation)","Prisma Mod","StSLib","everything is the same but u backflip on backflip"],"gold_per_floor":[119,119,119,69,144,144,144,161,161,15,28,28,38,65,65,162,162,175,100,119,119,34,66,66,95,164,164,190,78,98,116,116,219,219,234,247,0,350,350,350,92,92,117,136,163,175,175,189,189,189],"floor_reached":51,"playtime":6051,"items_purged":["PrismaMod:ChloeCommonAttack"],"score":831,"play_id":"a763722f-f6bf-4883-858d-763fb2bcc44f","local_time":"20201221235936","is_ascension_mode":false,"campfire_choices":[{"data":"PrismaMod:ChloeCheapDefend","floor":6,"key":"SMITH"},{"data":"PrismaMod:ChloeUnlimitedBladeWorks","floor":15,"key":"SMITH"},{"data":"PrismaMod:ChloeAnyAttackTrace","floor":24,"key":"SMITH"},{"data":"PrismaMod:ChloeRhongomyniad","floor":27,"key":"SMITH"},{"data":"PrismaMod:ChloeBetterTracePools","floor":32,"key":"SMITH"},{"data":"PrismaMod:ChloeAnyPowerTrace","floor":40,"key":"SMITH"},{"data":"PrismaMod:ChloeGreatTracePools","floor":42,"key":"SMITH"},{"data":"PrismaMod:ChloeChristmas","floor":49,"key":"SMITH"}],"circlet_count":0,"master_deck":["PrismaMod:ChloeCommonAttack","PrismaMod:ChloeCommonAttack","PrismaMod:ChloeCommonAttack","PrismaMod:ChloeCommonDefend","PrismaMod:ChloeCommonDefend","PrismaMod:ChloeCommonDefend","PrismaMod:ChloeCheapAttack","PrismaMod:ChloeCheapDefend+1","PrismaMod:ChloeDiscardRecovery","PrismaMod:ChloeMaid","PrismaMod:ChloeAnyAttackTrace+1","PrismaMod:ChloeUncommonDefend","PrismaMod:ChloeUnlimitedBladeWorks+1","PrismaMod:ChloeGreatTracePools+1","CurseOfTheBell","PrismaMod:ChloeExhaustOne+1","PrismaMod:ChloeMordred+1","Writhe","PrismaMod:ChloeCheapAttack","PrismaMod:ChloeRhongomyniad+1","PrismaMod:ChloeBetterTracePools+1","PrismaMod:ChloeExcalibur","PrismaMod:ChloeAnyPowerTrace+1","PrismaMod:ChloeCaladbolg+1","PrismaMod:ChloeEyeOfTheEuryale+1","PrismaMod:ChloeChristmas+1","PrismaMod:ChloeMaid","PrismaMod:ChloeCheapDefendTwo+1"],"relics":["PrismaMod:PrismaTraceOnUpgrade","Bottled Lightning","Turnip","HandDrill","Gambling Chip","Calling Bell","Oddly Smooth Stone","Shuriken","Incense Burner","Regal Pillow","HornCleat","Ginger","CaptainsWheel","Gremlin Horn","Red Mask","Old Coin","Mercury Hourglass","Potion Belt","Juzu Bracelet","Bronze Scales"],"acts_visited":["Exordium","TheCity","TheBeyond"],"potions_floor_usage":[14,18,20,30,33,38,48,50],"damage_taken":[{"damage":2,"enemies":"Small Slimes","floor":1,"turns":3},{"damage":1,"enemies":"2 Louse","floor":8,"turns":3},{"damage":1,"enemies":"Jaw Worm","floor":11,"turns":2},{"damage":5,"enemies":"Exordium Wildlife","floor":13,"turns":4},{"damage":11,"enemies":"3 Sentries","floor":14,"turns":7},{"damage":21,"enemies":"The Guardian","floor":16,"turns":3},{"damage":3,"enemies":"Spheric Guardian","floor":18,"turns":3},{"damage":23,"enemies":"Shell Parasite","floor":20,"turns":6},{"damage":3,"enemies":"Book of Stabbing","floor":23,"turns":4},{"damage":6,"enemies":"Slavers","floor":25,"turns":4},{"damage":0,"enemies":"Gremlin Leader","floor":28,"turns":3},{"damage":0,"enemies":"3 Cultists","floor":30,"turns":3},{"damage":0,"enemies":"Cultist and Chosen","floor":31,"turns":4},{"damage":0,"enemies":"Collector","floor":33,"turns":5},{"damage":0,"enemies":"3 Shapes","floor":35,"turns":3},{"damage":0,"enemies":"3 Darklings","floor":36,"turns":2},{"damage":5,"enemies":"Mind Bloom Boss Battle","floor":38,"turns":6},{"damage":1,"enemies":"4 Shapes","floor":44,"turns":3},{"damage":24,"enemies":"Nemesis","floor":45,"turns":6},{"damage":0,"enemies":"Maw","floor":46,"turns":5},{"damage":0,"enemies":"3 Darklings","floor":48,"turns":4},{"damage":20,"enemies":"Donu and Deca","floor":50,"turns":5}],"seed_played":"5072635852997281976","potions_obtained":[{"floor":8,"key":"GamblersBrew"},{"floor":11,"key":"Block Potion"},{"floor":13,"key":"Dexterity Potion"},{"floor":20,"key":"Energy Potion"},{"floor":23,"key":"FearPotion"},{"floor":28,"key":"Explosive Potion"},{"floor":30,"key":"GamblersBrew"},{"floor":33,"key":"DistilledChaos"},{"floor":35,"key":"Fire Potion"},{"floor":45,"key":"DistilledChaos"},{"floor":46,"key":"SkillPotion"},{"floor":48,"key":"BlessingOfTheForge"}],"is_trial":false,"path_per_floor":["M","?","?","?","?","R","T","M","T","$","M","$","M","E","R","B",null,"M","?","M","?","?","E","R","E","T","R","E","$","M","M","R","B",null,"M","M","?","?","?","R","$","R","T","M","E","M","?","M","R","B",null],"character_chosen":"CHLOE","items_purchased":["HandDrill","PrismaMod:ChloeBetterTracePools","Mercury Hourglass"],"campfire_rested":0,"item_purchase_floors":[10,29,41],"current_hp_per_floor":[80,80,85,85,74,74,74,73,73,73,72,72,67,56,56,35,87,84,84,61,61,61,58,58,52,52,52,52,52,59,59,59,59,91,95,95,95,90,90,90,90,90,90,92,73,80,80,80,80,60],"gold":189,"neow_bonus":"TEN_PERCENT_HP_BONUS","is_daily":false,"chose_seed":false,"campfire_upgraded":8,"win_rate":0.0,"timestamp":1608562776,"path_taken":["M","?","?","?","?","R","?","?","T","$","M","?","M","E","R","BOSS","M","?","M","?","?","E","R","E","T","R","E","?","M","?","R","BOSS","M","M","?","?","?","R","$","R","T","?","E","M","?","M","R","BOSS"],"items_purchased_type":["Relic","Card","Relic"],"build_version":"2020-12-13","purchased_purges":1,"victory":true,"max_hp_per_floor":[82,82,87,87,87,87,87,87,87,87,87,87,87,87,87,87,87,87,87,87,87,87,87,87,87,87,87,87,87,91,91,91,91,91,95,95,95,95,95,95,95,95,95,98,98,98,98,98,98,98],"card_choices":[{"not_picked":["PrismaMod:ChloeCheapAttack","PrismaMod:ChloeCommonAOEAttack"],"picked":"PrismaMod:ChloeDiscardRecovery","floor":1},{"not_picked":["PrismaMod:ChloeCommonAOEAttack","PrismaMod:ChloeCheapDefend"],"picked":"PrismaMod:ChloeAnyAttackTrace","floor":8},{"not_picked":["PrismaMod:ChloeCheapAttackTwo","PrismaMod:ChloeUncommonAOEAttack"],"picked":"PrismaMod:ChloeUncommonDefend","floor":11},{"not_picked":["PrismaMod:ChloeUncommonAOEAttack","PrismaMod:ChloeCheapDefend"],"picked":"PrismaMod:ChloeCaladbolg","floor":13},{"not_picked":["PrismaMod:ChloeCaladbolg","PrismaMod:ChloeCheapAttackTwo"],"picked":"PrismaMod:ChloeUnlimitedBladeWorks","floor":14},{"not_picked":["PrismaMod:ChloeDevil","PrismaMod:ChloeAnySkillTrace"],"picked":"PrismaMod:ChloeGreatTracePools","floor":16},{"not_picked":["PrismaMod:ChloeMordred","PrismaMod:ChloeCommonAOEAttack"],"picked":"PrismaMod:ChloeExhaustOne+1","floor":18},{"not_picked":["PrismaMod:ChloeRuleBreaker","PrismaMod:ChloeCheapAttackTwo"],"picked":"PrismaMod:ChloeMordred+1","floor":20},{"not_picked":["PrismaMod:ChloeAnyPowerTrace","PrismaMod:ChloeMordred"],"picked":"PrismaMod:ChloeCheapAttack","floor":23},{"not_picked":["PrismaMod:ChloeCheapDefend","PrismaMod:ChloeCommonAOEAttack+1"],"picked":"PrismaMod:ChloeRhongomyniad","floor":25},{"not_picked":["PrismaMod:ChloeUncommonDefend","PrismaMod:ChloeCheapDefendTwo","PrismaMod:ChloeExhaustOne"],"picked":"SKIP","floor":28},{"not_picked":["PrismaMod:ChloeCheapAttack","PrismaMod:ChloeMordred","PrismaMod:ChloeCheapDefend+1"],"picked":"SKIP","floor":30},{"not_picked":["PrismaMod:ChloeCheapDefendTwo","PrismaMod:ChloeCommonAOEAttack"],"picked":"PrismaMod:ChloeExcalibur","floor":31},{"not_picked":["PrismaMod:ChloeAnySkillTrace","PrismaMod:ChloeCarnivalAttack"],"picked":"PrismaMod:ChloeAnyPowerTrace","floor":33},{"not_picked":["PrismaMod:ChloeRitsuka","PrismaMod:ChloeExhaustOne+1"],"picked":"PrismaMod:ChloeCaladbolg+1","floor":35},{"not_picked":["PrismaMod:ChloeCheapDefend","PrismaMod:ChloeUncommonAttack+1"],"picked":"PrismaMod:ChloeEyeOfTheEuryale+1","floor":36},{"not_picked":["PrismaMod:ChloeCheapDefendTwo+1","PrismaMod:ChloeCheapAttack"],"picked":"PrismaMod:ChloeChristmas","floor":38},{"not_picked":["PrismaMod:ChloeExhaustOne+1","PrismaMod:ChloeCommonAOEAttack+1"],"picked":"PrismaMod:ChloeCheapDefendTwo+1","floor":44},{"not_picked":["PrismaMod:ChloeExhaustOne+1","PrismaMod:ChloeMaid","PrismaMod:ChloeEyeOfTheEuryale+1"],"picked":"SKIP","floor":45},{"not_picked":["PrismaMod:ChloeCommonAOEAttack","PrismaMod:ChloeCheapAttack","PrismaMod:ChloeCheapDefend"],"picked":"SKIP","floor":46},{"not_picked":["PrismaMod:ChloeRuleBreaker+1","PrismaMod:ChloeExhaustOne","PrismaMod:ChloeUncommonDefend+1"],"picked":"SKIP","floor":48}],"player_experience":302880,"relics_obtained":[{"floor":7,"key":"Bottled Lightning"},{"floor":9,"key":"Turnip"},{"floor":14,"key":"Gambling Chip"},{"floor":17,"key":"Oddly Smooth Stone"},{"floor":17,"key":"Shuriken"},{"floor":17,"key":"Incense Burner"},{"floor":23,"key":"Ginger"},{"floor":25,"key":"CaptainsWheel"},{"floor":28,"key":"Gremlin Horn"},{"floor":38,"key":"Old Coin"},{"floor":43,"key":"Potion Belt"},{"floor":45,"key":"Juzu Bracelet"},{"floor":47,"key":"Bronze Scales"}],"event_choices":[{"damage_healed":0,"gold_gain":0,"cards_transformed":["PrismaMod:ChloeCommonDefend"],"player_choice":"Change","damage_taken":0,"max_hp_gain":0,"max_hp_loss":0,"event_name":"Living Wall","floor":2,"gold_loss":0,"cards_obtained":["PrismaMod:ChloeMaid"]},{"damage_healed":0,"gold_gain":0,"player_choice":"Donut","damage_taken":0,"max_hp_gain":5,"max_hp_loss":0,"event_name":"Big Fish","floor":3,"gold_loss":0},{"cards_removed":["PrismaMod:ChloeCommonDefend"],"damage_healed":0,"gold_gain":0,"player_choice":"Card Removal","damage_taken":0,"max_hp_gain":0,"max_hp_loss":0,"event_name":"The Cleric","floor":4,"gold_loss":50},{"damage_healed":0,"gold_gain":75,"player_choice":"Gather Gold","damage_taken":11,"max_hp_gain":0,"max_hp_loss":0,"event_name":"World of Goop","floor":5,"gold_loss":0},{"cards_removed":["PrismaMod:ChloeCommonAttack"],"damage_healed":0,"gold_gain":0,"player_choice":"Gave Gold","damage_taken":0,"max_hp_gain":0,"max_hp_loss":0,"event_name":"Beggar","floor":19,"gold_loss":75},{"damage_healed":0,"gold_gain":0,"player_choice":"Opened","damage_taken":0,"relics_obtained":["Regal Pillow"],"max_hp_gain":0,"max_hp_loss":0,"event_name":"The Mausoleum","floor":21,"gold_loss":0,"cards_obtained":["Writhe"]},{"damage_healed":0,"gold_gain":0,"player_choice":"Obtained Relic","damage_taken":0,"relics_obtained":["HornCleat"],"max_hp_gain":0,"max_hp_loss":0,"event_name":"Addict","floor":22,"gold_loss":85},{"damage_healed":0,"gold_gain":0,"player_choice":"Paid","damage_taken":0,"relics_obtained":["Red Mask"],"max_hp_gain":0,"max_hp_loss":0,"event_name":"Tomb of Lord Red Mask","floor":37,"gold_loss":247},{"damage_healed":0,"gold_gain":0,"player_choice":"Fight","damage_taken":0,"max_hp_gain":0,"max_hp_loss":0,"event_name":"MindBloom","floor":38,"gold_loss":0},{"damage_healed":0,"gold_gain":0,"cards_transformed":["PrismaMod:ChloeCaladbolg"],"player_choice":"Transformed","damage_taken":0,"max_hp_gain":0,"max_hp_loss":0,"event_name":"Transmorgrifier","floor":39,"gold_loss":0,"cards_obtained":["PrismaMod:ChloeMaid"]},{"damage_healed":0,"gold_gain":0,"player_choice":"Relic","damage_taken":0,"max_hp_gain":0,"max_hp_loss":0,"event_name":"Wheel of Change","floor":47,"gold_loss":0}],"is_beta":false,"boss_relics":[{"not_picked":["SacredBark","Cursed Key"],"picked":"Calling Bell"},{"not_picked":["Busted Crown","Snecko Eye"],"picked":"PrismaMod:PrismaTraceOnUpgrade"}],"items_purged_floors":[29],"is_endless":false,"potions_floor_spawned":[8,11,13,20,23,28,30,33,35,45,46,48],"ascension_level":0}}