{"host":"t75twhtg6c476ygg","time":1608565651,"event":{"mods":["AchievementEnabler","BaseMod","Colored Powertips","Minty Spire (QoL Compilation)","Quick Restart","Relic Stats","StSLib","SuperFastMode"],"gold_per_floor":[119,44,44,54,70,97,108,108,133,150,180,80,109,184,184,285,285,301,301,314,29,29,60,60,71,144,174,192,192,522,540,540,540,540],"floor_reached":33,"playtime":871,"items_purged":["Strike_R","Pain"],"score":488,"play_id":"a1f3fb69-79d5-4dd0-bf7f-25f9e07d800e","local_time":"20201221154731","is_ascension_mode":true,"campfire_choices":[{"floor":15.0,"key":"REST"},{"data":"Double Tap","floor":24.0,"key":"SMITH"},{"data":"Spot Weakness","floor":32,"key":"SMITH"}],"circlet_count":0,"master_deck":["Defend_R","Defend_R","Defend_R","Defend_R","Bash","Fire Breathing","Whirlwind+1","Headbutt","Shrug It Off","Spot Weakness+1","Bloodletting","Cleave","Double Tap+1","Immolate","Shrug It Off+1","Flex"],"relics":["Burning Blood","NeowsBlessing","WarpedTongs","Boot","Bag of Preparation","Tiny Chest","Akabeko","Busted Crown","Sling","StrikeDummy","InkBottle","Sundial","Shuriken","Old Coin"],"acts_visited":["Exordium","TheCity"],"potions_floor_usage":[33,33],"damage_taken":[{"damage":0.0,"enemies":"Small Slimes","floor":1.0,"turns":1.0},{"damage":1.0,"enemies":"Cultist","floor":4.0,"turns":1.0},{"damage":0.0,"enemies":"2 Louse","floor":5.0,"turns":1.0},{"damage":10.0,"enemies":"Gremlin Nob","floor":6.0,"turns":3.0},{"damage":10.0,"enemies":"Looter","floor":7.0,"turns":4.0},{"damage":6.0,"enemies":"Exordium Thugs","floor":10.0,"turns":3.0},{"damage":26.0,"enemies":"3 Sentries","floor":11.0,"turns":4.0},{"damage":13.0,"enemies":"Gremlin Nob","floor":13.0,"turns":3.0},{"damage":42.0,"enemies":"The Guardian","floor":16.0,"turns":8.0},{"damage":0.0,"enemies":"2 Thieves","floor":18.0,"turns":1.0},{"damage":20.0,"enemies":"3 Byrds","floor":20.0,"turns":4.0},{"damage":3.0,"enemies":"Gremlin Leader","floor":23.0,"turns":2.0},{"damage":3.0,"enemies":"Cultist and Chosen","floor":25.0,"turns":3.0},{"damage":0.0,"enemies":"Slavers","floor":27.0,"turns":2.0},{"damage":24.0,"enemies":"Snake Plant","floor":28.0,"turns":2.0},{"damage":21,"enemies":"Gremlin Leader","floor":30,"turns":2},{"damage":3,"enemies":"Centurion and Healer","floor":31,"turns":1},{"damage":66,"enemies":"Champ","floor":33,"turns":13}],"seed_played":"2430532364736334172","potions_obtained":[{"floor":1.0,"key":"Explosive Potion"},{"floor":4.0,"key":"LiquidBronze"},{"floor":5.0,"key":"SteroidPotion"},{"floor":13.0,"key":"BloodPotion"},{"floor":18.0,"key":"Weak Potion"}],"is_trial":false,"path_per_floor":["M","$","?","M","M","E","M","?","T","M","E","$","E","?","R","B",null,"M","?","M","$","?","E","R","M","T","E","M","T","E","M","R","B"],"character_chosen":"IRONCLAD","items_purchased":["Immolate","Sling"],"campfire_rested":1,"item_purchase_floors":[21,21],"current_hp_per_floor":[78,78,78,80,80,76,72,72,72,72,52,52,45,34,58,22,66,72,56,48,48,48,51,51,54,54,86,68,68,53,56,56,7,7],"gold":540,"neow_bonus":"THREE_ENEMY_KILL","is_daily":false,"chose_seed":false,"campfire_upgraded":2,"win_rate":0.0,"timestamp":1608565651,"path_taken":["M","$","?","?","M","E","M","?","T","?","E","$","E","?","R","BOSS","M","?","M","$","?","E","R","M","T","E","M","?","E","M","R","BOSS"],"items_purchased_type":["Card","Relic"],"build_version":"2020-12-13","purchased_purges":2,"victory":false,"max_hp_per_floor":[80,80,80,80,80,80,80,80,80,80,80,80,80,80,80,80,80,80,56,56,56,56,56,56,56,56,86,86,86,86,86,86,86,86],"relic_stats":{"Busted Crown":16,"counters":[18,58],"Sundial":[2],"Shuriken":[2],"Tiny Chest":1,"Bag of Preparation":[26],"Boot":[12],"obtain_stats":[{"NeowsBlessing":0,"Bag of Preparation":9,"Boot":6,"Sling":21,"Burning Blood":0,"Akabeko":13,"WarpedTongs":3,"Old Coin":30,"Busted Crown":17,"Sundial":27,"Shuriken":29,"Tiny Chest":11,"StrikeDummy":23,"InkBottle":26},{"NeowsBlessing":0,"Bag of Preparation":5,"Boot":4,"Sling":11,"Burning Blood":0,"Akabeko":8,"WarpedTongs":1,"Old Coin":16,"Busted Crown":9,"Sundial":14,"Shuriken":15,"Tiny Chest":7,"StrikeDummy":12,"InkBottle":13},{"NeowsBlessing":0,"Bag of Preparation":10,"Boot":6,"Sling":33,"Burning Blood":0,"Akabeko":20,"WarpedTongs":1,"Old Coin":44,"Busted Crown":28,"Sundial":40,"Shuriken":42,"Tiny Chest":17,"StrikeDummy":35,"InkBottle":38}],"Burning Blood":89,"InkBottle":[7],"WarpedTongs":[56]},"card_choices":[{"not_picked":["Disarm","Rupture"],"picked":"Fire Breathing","floor":1.0},{"not_picked":["Wild Strike","Pommel Strike"],"picked":"Whirlwind","floor":4.0},{"not_picked":["Armaments","Clothesline"],"picked":"Headbutt","floor":5.0},{"not_picked":["Wild Strike","Infernal Blade"],"picked":"Shrug It Off","floor":6.0},{"not_picked":["Anger","Whirlwind"],"picked":"Spot Weakness","floor":7.0},{"not_picked":["Metallicize","Warcry"],"picked":"Bloodletting","floor":10.0},{"not_picked":["Carnage","Havoc"],"picked":"Cleave","floor":11.0},{"not_picked":["Havoc","Twin Strike","Carnage"],"picked":"SKIP","floor":13.0},{"not_picked":["Juggernaut","Exhume"],"picked":"Double Tap","floor":16.0},{"not_picked":["Entrench"],"picked":"SKIP","floor":18.0},{"not_picked":["Power Through"],"picked":"SKIP","floor":20.0},{"not_picked":["Second Wind"],"picked":"SKIP","floor":23.0},{"not_picked":["Anger"],"picked":"SKIP","floor":25.0},{"not_picked":["Sentinel"],"picked":"SKIP","floor":27.0},{"not_picked":[],"picked":"Shrug It Off+1","floor":28.0},{"not_picked":["Dropkick+1"],"picked":"SKIP","floor":30},{"not_picked":[],"picked":"Flex","floor":31}],"player_experience":185422,"relics_obtained":[{"floor":6.0,"key":"Boot"},{"floor":9.0,"key":"Bag of Preparation"},{"floor":11.0,"key":"Tiny Chest"},{"floor":13.0,"key":"Akabeko"},{"floor":23.0,"key":"StrikeDummy"},{"floor":26.0,"key":"InkBottle"},{"floor":27.0,"key":"Sundial"},{"floor":29.0,"key":"Shuriken"},{"floor":30,"key":"Old Coin"}],"event_choices":[{"damage_healed":0.0,"max_hp_gain":0.0,"max_hp_loss":0.0,"gold_gain":0.0,"event_name":"Accursed Blacksmith","player_choice":"Rummage","floor":3.0,"gold_loss":0.0,"damage_taken":0.0,"relics_obtained":["WarpedTongs"],"cards_obtained":["Pain"]},{"damage_healed":0.0,"max_hp_gain":0.0,"max_hp_loss":0.0,"gold_gain":0.0,"event_name":"Upgrade Shrine","player_choice":"Upgraded","floor":8.0,"gold_loss":0.0,"damage_taken":0.0,"cards_upgraded":["Whirlwind"]},{"damage_healed":0.0,"max_hp_gain":0.0,"max_hp_loss":0.0,"gold_gain":75.0,"event_name":"World of Goop","player_choice":"Gather Gold","floor":14.0,"gold_loss":0.0,"damage_taken":11.0},{"damage_healed":0.0,"max_hp_gain":0.0,"max_hp_loss":24.0,"gold_gain":0.0,"event_name":"Vampires","player_choice":"Became a vampire","floor":19.0,"gold_loss":0.0,"damage_taken":0.0,"cards_obtained":["Bite","Bite","Bite","Bite","Bite"]},{"damage_healed":0.0,"max_hp_gain":0.0,"max_hp_loss":0.0,"gold_gain":0.0,"event_name":"Ghosts","player_choice":"Ignored","floor":22.0,"gold_loss":0.0,"damage_taken":0.0}],"is_beta":false,"boss_relics":[{"not_picked":["Fusion Hammer","Runic Cube"],"picked":"Busted Crown"}],"items_purged_floors":[2,12],"is_endless":false,"potions_floor_spawned":[1,4,5,13,18,23,28,31],"killed_by":"Champ","ascension_level":6}}