{"host":"ocy7z4248lncoz2b","time":1608521646,"event":{"mods":["BaseMod","Beaked The Cultist","Bestiary","Better Match","Better Sensory Stone","Better Third Choice","BetterRewards","Clockwork Mod","Colored Map","Colored Powertips","Conspire","Curses Come First","Downfall","Friendly Minions","Gremlin Mod","Highlight Path","Hubris","Infinite Spire","Jorbs\u0027s Wanderer Trilogy","Marisa????????","Mimic Mod","Minty Spire (QoL Compilation)","READ ME - Guardian Mod","Rare Cards Sparkle","Replay The Spire","Shop Mod","Spicy Shops","Spikes Relics","StSLib","SuperFastMode","The Administrix","The Blue Laboratory","The Construct","The Jungle","The Servant 0.9.4","The Wild Card","WarShipGirlsR/????R mod"],"gold_per_floor":[99,63,14,14,14,14,46,46,31,31,95,106,118,36,46,46,46],"floor_reached":16,"playtime":630,"items_purged":[],"score":136,"play_id":"d3e3e650-00d1-4c1e-b01a-35ca4db94096","local_time":"20201221123406","is_ascension_mode":false,"campfire_choices":[{"floor":1,"key":"RECALL"},{"data":"KidneyShot","floor":6,"key":"SMITH"}],"circlet_count":0,"master_deck":["conspire:GhostlyStrike","conspire:GhostlyStrike","conspire:GhostlyStrike","conspire:GhostlyStrike","conspire:GhostlyDefend","conspire:GhostlyDefend","conspire:GhostlyDefend","conspire:GhostlyDefend","KidneyShot+1","Exchange","SoulSculpture","BottledTime+1","MurderousAura","ReturningBlade","Misdirection","Potential","Replay:Fractal Strike","KillingDoll","Alleviate","MoonPhase","Rearm","ShiftingGears","SilverBlades","FastForward"],"relics":["Uniform","downfall:HeartsMalice","Regal Pillow","conspire:DeflatedDodgeball"],"acts_visited":["Exordium"],"potions_floor_usage":[15,15,16],"damage_taken":[{"damage":0,"enemies":"downfall:FleeingMerchant","floor":2,"turns":1},{"damage":0,"enemies":"downfall:FleeingMerchant","floor":3,"turns":1},{"damage":0,"enemies":"2 Louse","floor":4,"turns":1},{"damage":14,"enemies":"Small Slimes","floor":7,"turns":9},{"damage":0,"enemies":"downfall:FleeingMerchant","floor":9,"turns":4},{"damage":20,"enemies":"Lagavulin Event","floor":11,"turns":7},{"damage":4,"enemies":"Small Slimes","floor":12,"turns":3},{"damage":0,"enemies":"Jaw Worm","floor":13,"turns":2},{"damage":0,"enemies":"downfall:FleeingMerchant","floor":14,"turns":4},{"damage":0,"enemies":"3 Louse","floor":15,"turns":1},{"damage":24,"enemies":"downfall:Ironclad","floor":16,"turns":2}],"seed_played":"201987322138462682","potions_obtained":[{"floor":11,"key":"BlessingOfTheForge"},{"floor":12,"key":"blueLaboratory:BottledHope"},{"floor":13,"key":"Explosive Potion"}],"is_trial":false,"path_per_floor":["R","$","$","M","?","R","MIM","?","$","?","?","M","M","$","M","B"],"character_chosen":"THE_SERVANT","items_purchased":["BottledTime+1","ReturningBlade","SilverBlades"],"campfire_rested":0,"item_purchase_floors":[2,3,14],"current_hp_per_floor":[65,65,65,65,65,65,51,36,36,36,16,12,12,12,12,0,0],"gold":46,"neow_bonus":"THREE_ENEMY_KILL","is_daily":false,"chose_seed":false,"campfire_upgraded":1,"win_rate":0.0,"timestamp":1608521646,"path_taken":["R","$","$","M","?","R","MIM","?","$","?","?","?","M","?","M","BOSS"],"items_purchased_type":["Card","Card","Card"],"build_version":"2020-12-13","purchased_purges":0,"victory":false,"max_hp_per_floor":[65,65,65,65,65,65,65,65,65,65,65,65,65,65,65,65,65],"card_choices":[{"not_picked":["ReturningBlade","InstantArmor"],"picked":"SoulSculpture","floor":2},{"not_picked":["SilverBlades","Snipe"],"picked":"MurderousAura","floor":3},{"not_picked":["Snipe","Advance"],"picked":"Misdirection","floor":4},{"not_picked":["ShatteredReality","TimeWarp"],"picked":"Potential","floor":7},{"not_picked":["infinitespire:Fortify","ReplayTheSpireMod:Black Plague"],"picked":"Replay:Fractal Strike","floor":8},{"not_picked":["Foresight","Starlight"],"picked":"KillingDoll","floor":9},{"not_picked":["Potential","Unruled"],"picked":"Alleviate","floor":11},{"not_picked":["Potential","ReturningBlade"],"picked":"MoonPhase","floor":12},{"not_picked":["DoubleEdge","Starlight"],"picked":"Rearm","floor":13},{"not_picked":["ShatteredReality","Luminosity"],"picked":"ShiftingGears","floor":14},{"not_picked":["BottledTime","ReturningBlade"],"picked":"FastForward","floor":15}],"player_experience":281201,"relics_obtained":[{"floor":7,"key":"Regal Pillow"},{"floor":11,"key":"conspire:DeflatedDodgeball"}],"event_choices":[{"damage_healed":0,"gold_gain":0,"player_choice":"Agree","damage_taken":0,"max_hp_gain":0,"max_hp_loss":0,"event_name":"conspire:LoneGhost","floor":5,"gold_loss":0},{"damage_healed":0,"gold_gain":0,"player_choice":"Leave","damage_taken":0,"max_hp_gain":0,"max_hp_loss":0,"event_name":"conspire:Investor","floor":10,"gold_loss":0}],"is_beta":false,"boss_relics":[],"items_purged_floors":[],"is_endless":false,"potions_floor_spawned":[11,12,13],"killed_by":"downfall:Ironclad","ascension_level":0}}