{"host":"y7sd46uq4xlni546","time":1608582204,"event":{"mods":["AchievementEnabler","BaseMod","Colored Map","Colored Powertips","Curses Come First","Minty Spire (QoL Compilation)","Random Character Button","Rare Cards Sparkle","Replay The Spire","StSLib"],"gold_per_floor":[115,131,206,137,137,162,142,170,170,198,232,249,280,280,280,379,379,391,391,391,410,410,410,440,469,494,494,509,509,542,143,143,246,346,361,361,373,393,409,442,442,542,542,559,595,645,683,692,763,763,763,763,113,148,148,148],"floor_reached":55,"playtime":4727,"items_purged":["Sickly"],"score":1272,"play_id":"c0f7f4d0-6fb6-43a0-9878-28a2dc597e0b","local_time":"20201221212324","daily_mods":["SealedDeck","Heirloom","Time Dilation","Flight"],"is_ascension_mode":false,"campfire_choices":[{"data":"DevaForm","floor":15.0,"key":"SMITH"},{"data":"Wraith Form v2","floor":27.0,"key":"SMITH"},{"floor":32,"key":"RECALL"},{"floor":41,"key":"REST"},{"data":"Rainbow","floor":52,"key":"SMITH"}],"circlet_count":0,"master_deck":["Demon Form","Wraith Form v2+1","Echo Form+1","DevaForm+1","Cold Snap","Hologram","Beam Cell","Cold Snap","Hologram+1","Conserve Battery","Defragment","Force Field","Streamline","Fusion","Streamline","Sunder","Echo Form+1","Amplify","Multi-Cast","Blizzard","Fusion","Consume","Panic Button+1","Rainbow+1","Capacitor","FIFO Queue","Seek","Chaos","Redo+1","Fusion","FIFO Queue","Creative AI","Force Field","Auto Shields+1"],"relics":["Snecko Eye","Unceasing Top","Ice Cream","Ornamental Fan","The Courier","Bag of Marbles","ReplayTheSpireMod:TigerMarble","Replay:Bottled Eggs","Carrot","ReplayTheSpireMod:DimensionalGlitch","ReplayTheSpireMod:Ring of Exchange","Ring of Hypnosis","Replay:Kaleidoscope","Nunchaku","Symbiotic Virus","Strawberry","FossilizedHelix","ReplayTheSpireMod:Lightbulb","DataDisk","Replay:Wanted Poster","Bronze Scales","CeramicFish","Ancient Tea Set","Thread and Needle","Centennial Puzzle","Replay:Rubber Ducky","Shuriken","Cables"],"acts_visited":["Exordium","TheCity","TheBeyond","TheEnding"],"potions_floor_usage":[33,33,33,33,40,50,54,54,55],"damage_taken":[{"damage":1.0,"enemies":"Cultist","floor":1.0,"turns":4.0},{"damage":1.0,"enemies":"Jaw Worm","floor":2.0,"turns":5.0},{"damage":0.0,"enemies":"Gremlin Nob","floor":6.0,"turns":3.0},{"damage":3.0,"enemies":"3 Sentries","floor":8.0,"turns":3.0},{"damage":3.0,"enemies":"Replay:BlueRogue","floor":10.0,"turns":4.0},{"damage":0.0,"enemies":"Gremlin Nob","floor":11.0,"turns":2.0},{"damage":0.0,"enemies":"Small Slimes","floor":12.0,"turns":1.0},{"damage":0.0,"enemies":"3 Sentries","floor":13.0,"turns":4.0},{"damage":0.0,"enemies":"Hexaghost","floor":16.0,"turns":4.0},{"damage":12.0,"enemies":"Chosen","floor":18.0,"turns":5.0},{"damage":0.0,"enemies":"Spheric Guardian","floor":21.0,"turns":3.0},{"damage":3.0,"enemies":"Gremlin Leader","floor":24.0,"turns":4.0},{"damage":11.0,"enemies":"Replay:Snechameleon","floor":25.0,"turns":7.0},{"damage":0.0,"enemies":"Snake Plant","floor":28.0,"turns":2.0},{"damage":13,"enemies":"Slavers","floor":30,"turns":6},{"damage":0,"enemies":"Automaton","floor":33,"turns":9},{"damage":12,"enemies":"3 Darklings","floor":35,"turns":2},{"damage":0,"enemies":"Orb Walker","floor":37,"turns":3},{"damage":0,"enemies":"Sphere and 2 Shapes","floor":38,"turns":3},{"damage":30,"enemies":"Spire Growth","floor":39,"turns":4},{"damage":0,"enemies":"Nemesis","floor":40,"turns":5},{"damage":0,"enemies":"Transient","floor":44,"turns":5},{"damage":0,"enemies":"R_Hoarder","floor":45,"turns":6},{"damage":1,"enemies":"Mind Bloom Boss Battle","floor":46,"turns":6},{"damage":0,"enemies":"Nemesis","floor":47,"turns":7},{"damage":0,"enemies":"Awakened One","floor":50,"turns":8},{"damage":21,"enemies":"Shield and Spear","floor":54,"turns":5},{"damage":61,"enemies":"The Heart","floor":55,"turns":3}],"seed_played":"-2724420013763579431","potions_obtained":[{"floor":2.0,"key":"Reflective Coating"},{"floor":7.0,"key":"Flashbang"},{"floor":8.0,"key":"SteroidPotion"},{"floor":25.0,"key":"Toxic Potion"},{"floor":45,"key":"Adrenaline Potion"}],"is_trial":true,"path_per_floor":["M","M","?","$","?","E","?","E","T","E","E","M","E","?","R","B",null,"M","?","?","M","?","T","E","E","T","R","M","?","E","$","R_BF","B",null,"M","?","M","M","M","E","R","?","T","M","E","?","E","?","R_BF","B",null,"R","$","E","B"],"character_chosen":"DEFECT","items_purchased":["Sunder","ReplayTheSpireMod:Lightbulb","DataDisk","Capacitor","FIFO Queue","FIFO Queue","Replay:Rubber Ducky","Shuriken","Creative AI","Adrenaline Potion","Strength Potion","Force Field"],"campfire_rested":1,"item_purchase_floors":[4,31,31,31,31,53,53,53,53,53,53,53],"current_hp_per_floor":[74,73,62,62,62,62,62,59,59,56,56,56,56,53,53,53,75,63,63,63,63,63,63,60,49,56,56,56,56,43,43,43,43,82,70,70,70,70,40,40,64,64,64,64,64,63,63,63,63,63,82,82,82,61,0,0],"gold":148,"neow_bonus":"","is_daily":false,"chose_seed":false,"campfire_upgraded":3,"win_rate":0.0,"timestamp":1608582204,"path_taken":["M","M","?","?","?","E","?","E","T","E","E","?","E","?","R","BOSS","M","?","?","M","?","?","E","E","T","R","?","?","E","?","R_BF","BOSS","M","?","M","?","?","E","R","?","T","?","E","?","E","?","R_BF","BOSS","R","$","E","BOSS"],"items_purchased_type":["Card","Relic","Relic","Card","Card","Card","Relic","Relic","Card","Potion","Potion","Card"],"build_version":"2020-12-13","purchased_purges":1,"victory":false,"max_hp_per_floor":[75,75,75,75,75,75,75,75,75,75,75,75,75,75,75,75,75,75,75,75,75,75,75,75,75,82,82,82,82,82,82,82,82,82,82,82,82,82,82,82,82,82,82,82,82,82,82,82,82,82,82,82,82,82,82,82],"card_choices":[{"not_picked":["Loop","Beam Cell","Leap"],"picked":"SKIP","floor":1.0},{"not_picked":["Cold Snap","Genetic Algorithm"],"picked":"Streamline","floor":2.0},{"not_picked":["Gash","Genetic Algorithm"],"picked":"Rebound","floor":6.0},{"not_picked":["Cold Snap","Gash","Self Repair"],"picked":"SKIP","floor":8.0},{"not_picked":["Conserve Battery","Doom and Gloom"],"picked":"Echo Form","floor":10.0},{"not_picked":["Streamline","ReplayTheSpireMod:GoodbyeWorld"],"picked":"Amplify","floor":11.0},{"not_picked":["Go for the Eyes","Turbo","Gash"],"picked":"SKIP","floor":12.0},{"not_picked":["Leap","Loop","Crystallizer"],"picked":"SKIP","floor":13.0},{"not_picked":["Seek","Amplify"],"picked":"Multi-Cast","floor":16.0},{"not_picked":["ReplaySort+1","Turbo"],"picked":"Blizzard","floor":18.0},{"not_picked":["Barrage+1","Compile Driver+1","Hologram"],"picked":"SKIP","floor":21.0},{"not_picked":["Fusion+1","Recycle"],"picked":"Consume","floor":24.0},{"not_picked":["Thunder Strike","Cold Snap"],"picked":"Panic Button+1","floor":25.0},{"not_picked":["Streamline","Rip and Tear","Reinforced Body"],"picked":"SKIP","floor":28.0},{"not_picked":["ReplayTheSpireMod:Reroute Power","Cold Snap","Hello World"],"picked":"SKIP","floor":30},{"not_picked":["Core Surge","Electrodynamics"],"picked":"Seek","floor":33},{"not_picked":["Rip and Tear","Ball Lightning","Genetic Algorithm+1"],"picked":"SKIP","floor":35},{"not_picked":["ReplaySolidLightProjector+1","Go for the Eyes","Beam Cell"],"picked":"SKIP","floor":37},{"not_picked":["Compile Driver+1","Sweeping Beam+1","ReplayRNGCard"],"picked":"SKIP","floor":38},{"not_picked":["Reinforced Body","Coolheaded","Stack+1"],"picked":"SKIP","floor":39},{"not_picked":["Conserve Battery+1","Lockon","Rebound+1"],"picked":"SKIP","floor":40},{"not_picked":["Barrage+1","Ball Lightning+1","Stack+1"],"picked":"SKIP","floor":44},{"not_picked":["Chill","Tempest"],"picked":"Chaos","floor":45},{"not_picked":["ReplayTheSpireMod:GoodbyeWorld","Time Bomb"],"picked":"Redo+1","floor":47},{"not_picked":["Reinforced Body","Rebound"],"picked":"Auto Shields+1","floor":54}],"player_experience":494358,"relics_obtained":[{"floor":6.0,"key":"Ornamental Fan"},{"floor":8.0,"key":"The Courier"},{"floor":10.0,"key":"Bag of Marbles"},{"floor":11.0,"key":"ReplayTheSpireMod:TigerMarble"},{"floor":13.0,"key":"Replay:Bottled Eggs"},{"floor":22.0,"key":"ReplayTheSpireMod:Ring of Exchange"},{"floor":22.0,"key":"Ring of Hypnosis"},{"floor":23.0,"key":"Replay:Kaleidoscope"},{"floor":24.0,"key":"Nunchaku"},{"floor":25.0,"key":"Symbiotic Virus"},{"floor":26.0,"key":"Strawberry"},{"floor":30,"key":"FossilizedHelix"},{"floor":40,"key":"Bronze Scales"},{"floor":43,"key":"CeramicFish"},{"floor":45,"key":"Ancient Tea Set"},{"floor":46,"key":"Thread and Needle"},{"floor":47,"key":"Centennial Puzzle"},{"floor":54,"key":"Cables"}],"event_choices":[{"damage_healed":0.0,"max_hp_gain":0.0,"max_hp_loss":0.0,"gold_gain":75.0,"event_name":"World of Goop","player_choice":"Gather Gold","floor":3.0,"gold_loss":0.0,"damage_taken":11.0},{"damage_healed":0.0,"max_hp_gain":0.0,"max_hp_loss":0.0,"gold_gain":0.0,"event_name":"The Cleric","player_choice":"Leave","floor":5.0,"gold_loss":0.0,"damage_taken":0.0},{"damage_healed":0.0,"max_hp_gain":0.0,"max_hp_loss":0.0,"gold_gain":0.0,"event_name":"The Woman in Blue","player_choice":"Bought 1 Potion","floor":7.0,"gold_loss":0.0,"damage_taken":0.0},{"damage_healed":0.0,"max_hp_gain":0.0,"max_hp_loss":0.0,"gold_gain":0.0,"event_name":"Scrap Ooze","player_choice":"Success","floor":14.0,"gold_loss":0.0,"damage_taken":3.0,"relics_obtained":["Carrot"]},{"cards_removed":["Rebound"],"damage_healed":0.0,"max_hp_gain":0.0,"max_hp_loss":0.0,"gold_gain":0.0,"event_name":"Back to Basics","player_choice":"Elegance","floor":19.0,"gold_loss":0.0,"damage_taken":0.0},{"damage_healed":0.0,"max_hp_gain":0.0,"max_hp_loss":0.0,"gold_gain":0.0,"event_name":"The Library","player_choice":"Read","floor":20.0,"gold_loss":0.0,"damage_taken":0.0,"cards_obtained":["Fusion"]},{"damage_healed":0,"gold_gain":0,"player_choice":"1 cards matched","damage_taken":0,"max_hp_gain":0,"max_hp_loss":0,"event_name":"Match and Keep!","floor":29,"gold_loss":0,"cards_obtained":["Rainbow"]},{"damage_healed":0,"gold_gain":0,"player_choice":"Forge","damage_taken":0,"max_hp_gain":0,"max_hp_loss":0,"event_name":"Accursed Blacksmith","floor":36,"gold_loss":0,"cards_upgraded":["Hologram"]},{"damage_healed":0,"gold_gain":100,"player_choice":"Pray","damage_taken":0,"max_hp_gain":0,"max_hp_loss":0,"event_name":"Golden Shrine","floor":42,"gold_loss":0},{"damage_healed":0,"gold_gain":0,"player_choice":"Fight","damage_taken":0,"max_hp_gain":0,"max_hp_loss":0,"event_name":"MindBloom","floor":46,"gold_loss":0},{"damage_healed":0,"gold_gain":0,"player_choice":"Copied","damage_taken":0,"max_hp_gain":0,"max_hp_loss":0,"event_name":"Duplicator","floor":48,"gold_loss":0,"cards_obtained":["Fusion"]}],"is_beta":false,"boss_relics":[{"not_picked":["Fusion Hammer","Empty Cage"],"picked":"ReplayTheSpireMod:DimensionalGlitch"},{"not_picked":["HandDrill","Inserter"],"picked":"Replay:Wanted Poster"}],"items_purged_floors":[53],"is_endless":false,"potions_floor_spawned":[2,8,12,16,21,25,28,30,37,38,44,45],"killed_by":"The Heart","ascension_level":0}}