{"host":"is2s59edl8twrhoj","time":1608517830,"event":{"mods":["BaseMod","Colored Map","Colored Powertips","DeckTracker","Downfall","Minty Spire (QoL Compilation)","StSLib"],"gold_per_floor":[99,116,116,148,58,58,58,58,58,89,89,101,115,115,129,234,234,234,263,188,73,73,73,73,107,122,122,134,134,134,148,163,163,163,163],"floor_reached":33,"playtime":3689,"items_purged":["hexamod:Strike","Regret"],"score":291,"play_id":"dcdff388-0f99-4ce0-9882-c05f3fd69368","local_time":"20201221023030","is_ascension_mode":false,"campfire_choices":[{"data":"hexamod:Sear","floor":1.0,"key":"SMITH"},{"data":"hexamod:ThermalTransfer","floor":3.0,"key":"SMITH"},{"data":"hexamod:HeatMetal","floor":6.0,"key":"SMITH"},{"data":"hexamod:GhostflameBarrier","floor":18,"key":"SMITH"},{"data":"hexamod:SearingWound","floor":20,"key":"SMITH"},{"data":"hexamod:Incineration","floor":22,"key":"SMITH"},{"data":"hexamod:TimeOfNeed","floor":27,"key":"SMITH"}],"circlet_count":0,"master_deck":["hexamod:Sear+1","hexamod:Float+1","hexamod:ThermalTransfer+1","hexamod:HeatMetal+1","hexamod:EmpoweredFlame","hexamod:AdvancingGuard","hexamod:ExtraCrispy","hexamod:TurnItUp","hexamod:TimeOfNeed+1","hexamod:Firestarter","hexamod:FirstSeal","hexamod:GhostflameBarrier+1","hexamod:SearingWound+1","hexamod:Incineration+1","hexamod:RainOfEmbers+1","hexamod:ThermalTransfer+1","hexamod:StepThrough+1","hexamod:SoulSteal+1","hexamod:PhantomCloak+1"],"relics":["hexamod:SpiritBrand","White Beast Statue","Eternal Feather","Lizard Tail","TungstenRod","Pandora\u0027s Box","Centennial Puzzle","downfall:HeartBlessingGreen","Question Card","Dream Catcher","downfall:RedIOU"],"acts_visited":["Exordium","TheCity"],"potions_floor_usage":[25,25,33],"damage_taken":[{"damage":0.0,"enemies":"Cultist","floor":2.0,"turns":3.0},{"damage":17.0,"enemies":"Gremlin Nob","floor":4.0,"turns":4.0},{"damage":0.0,"enemies":"downfall:FleeingMerchant","floor":5.0,"turns":4.0},{"damage":27.0,"enemies":"3 Sentries","floor":10.0,"turns":10.0},{"damage":2.0,"enemies":"Jaw Worm","floor":12.0,"turns":3.0},{"damage":1.0,"enemies":"Small Slimes","floor":13.0,"turns":3.0},{"damage":2.0,"enemies":"Gremlin Gang","floor":15.0,"turns":5.0},{"damage":25.0,"enemies":"downfall:Defect","floor":16.0,"turns":8.0},{"damage":52,"enemies":"Slavers","floor":19,"turns":6},{"damage":4,"enemies":"downfall:FleeingMerchant","floor":21,"turns":4},{"damage":10,"enemies":"Gremlin Leader","floor":25,"turns":4},{"damage":11,"enemies":"Shell Parasite","floor":26,"turns":4},{"damage":4,"enemies":"Chosen","floor":28,"turns":3},{"damage":18,"enemies":"Shelled Parasite and Fungi","floor":31,"turns":4},{"damage":7,"enemies":"Snecko","floor":32,"turns":3},{"damage":27,"enemies":"downfall:Ironclad","floor":33,"turns":7}],"seed_played":"-4613773406878701474","potions_obtained":[{"floor":5.0,"key":"LiquidMemories"},{"floor":10.0,"key":"ColorlessPotion"},{"floor":12.0,"key":"LiquidMemories"},{"floor":13.0,"key":"Dexterity Potion"},{"floor":15.0,"key":"PowerPotion"},{"floor":16.0,"key":"Fire Potion"},{"floor":19,"key":"Explosive Potion"},{"floor":25,"key":"Block Potion"},{"floor":26,"key":"BlessingOfTheForge"},{"floor":32,"key":"EssenceOfSteel"}],"is_trial":false,"path_per_floor":["R","M","R","E","$","R","T","?","?","E","T","M","M","?","M","B",null,"R","E","R","$","R","?","T","E","M","R","M","?","?","M","M","B"],"character_chosen":"THE_SPIRIT","items_purchased":[],"campfire_rested":0,"item_purchase_floors":[],"current_hp_per_floor":[70,70,70,53,53,53,53,53,53,26,26,24,23,23,21,32,70,70,18,27,30,39,39,39,29,25,34,30,30,30,19,12,0,0,0],"gold":163,"neow_bonus":"RANDOM_COMMON_RELIC","is_daily":false,"chose_seed":false,"campfire_upgraded":7,"win_rate":0.0,"timestamp":1608517830,"path_taken":["R","M","R","E","?","R","T","?","?","E","?","M","M","?","M","BOSS","R","E","R","$","R","?","T","E","M","R","M","?","?","M","M","BOSS"],"items_purchased_type":[],"build_version":"2020-12-13","purchased_purges":2,"victory":false,"max_hp_per_floor":[70,70,70,70,70,70,70,70,70,70,70,70,70,70,70,70,70,70,70,70,70,70,70,70,70,70,70,70,70,70,70,70,70,70,70],"card_choices":[{"not_picked":["hexamod:Hexaguard","hexamod:BacktrackSmack"],"picked":"hexamod:ThermalTransfer","floor":2.0},{"not_picked":["hexamod:SpectersWail","hexamod:GhostShield","hexamod:GhostOfSpireFuture"],"picked":"SKIP","floor":4.0},{"not_picked":["hexamod:GhostOfSpireFuture","hexamod:NightmareGuise"],"picked":"hexamod:HeatMetal","floor":5.0},{"not_picked":["hexamod:SpectersWail","hexamod:ShieldOfDarkness","hexamod:EtherealExpedition"],"picked":"SKIP","floor":10.0},{"not_picked":["hexamod:Haunt","hexamod:BurningTouch"],"picked":"hexamod:EmpoweredFlame","floor":12.0},{"not_picked":["hexamod:GhostShield","hexamod:Hexaguard"],"picked":"hexamod:AdvancingGuard","floor":13.0},{"not_picked":["hexamod:RetreatToShadows","hexamod:GhostShield"],"picked":"hexamod:ExtraCrispy","floor":15.0},{"not_picked":["hexamod:TimeOfNeed","hexamod:UnleashSpirits"],"picked":"hexamod:TurnItUp","floor":16.0},{"not_picked":["hexamod:PhantomCloak","hexamod:ThermalTransfer"],"picked":"hexamod:RainOfEmbers+1","floor":19},{"not_picked":["hexamod:RainOfEmbers","hexamod:GhostLash+1"],"picked":"hexamod:ThermalTransfer+1","floor":21},{"not_picked":["hexamod:FirstSeal","hexamod:ThermalTransfer","hexamod:NightmareGuise+1","hexamod:TurnItUp"],"picked":"SKIP","floor":25},{"not_picked":["hexamod:RainOfEmbers","hexamod:Hexaguard","hexamod:BurningTouch","hexamod:NightmareStrike"],"picked":"SKIP","floor":26},{"not_picked":["hexamod:SpectersWail","hexamod:EmpoweringStance","hexamod:RetreatToShadows"],"picked":"hexamod:StepThrough+1","floor":28},{"not_picked":["hexamod:NightmareGuise+1","hexamod:CatchUp","hexamod:Firestarter"],"picked":"hexamod:SoulSteal+1","floor":31},{"not_picked":["hexamod:InspiringFlames","hexamod:RainOfEmbers","hexamod:NightmareGuise"],"picked":"hexamod:PhantomCloak+1","floor":32}],"player_experience":662073,"relics_obtained":[{"floor":4.0,"key":"White Beast Statue"},{"floor":7.0,"key":"Eternal Feather"},{"floor":10.0,"key":"Lizard Tail"},{"floor":11.0,"key":"TungstenRod"},{"floor":19,"key":"Centennial Puzzle"},{"floor":24,"key":"Question Card"},{"floor":25,"key":"Dream Catcher"}],"event_choices":[{"damage_healed":0.0,"max_hp_gain":0.0,"max_hp_loss":0.0,"gold_gain":0.0,"event_name":"Upgrade Shrine","player_choice":"Upgraded","floor":9.0,"gold_loss":0.0,"damage_taken":0.0,"cards_upgraded":["hexamod:Strike"]},{"cards_removed":["hexamod:CatchUp"],"damage_healed":0,"gold_gain":0,"player_choice":"Elegance","damage_taken":0,"max_hp_gain":0,"max_hp_loss":0,"event_name":"Back to Basics","floor":23,"gold_loss":0},{"damage_healed":0,"gold_gain":0,"player_choice":"Ignored","damage_taken":0,"max_hp_gain":0,"max_hp_loss":0,"event_name":"Vampires","floor":30,"gold_loss":0}],"is_beta":false,"boss_relics":[{"not_picked":["Tiny House","Fusion Hammer"],"picked":"Pandora\u0027s Box"}],"items_purged_floors":[5,21],"is_endless":false,"potions_floor_spawned":[5,10,12,13,15,16,19,21,25,26,28,31,32],"killed_by":"downfall:Ironclad","ascension_level":0}}