{"host":"fuszjwm6fqgjjp4d","time":1608535236,"event":{"mods":["BaseMod","Bestiary","Colored Map","DeckTracker","Minty Spire (QoL Compilation)","Permanent Neow","Relic Sorter","Relic Stats","StSLib"],"gold_per_floor":[112,112,123,123,198,224,244,244,269,269,289,289,300,300,300,300,300],"floor_reached":16,"playtime":339,"items_purged":[],"score":200,"play_id":"729074c2-6df0-4584-93e9-98e9c5cd9442","local_time":"20201221012036","is_ascension_mode":true,"campfire_choices":[{"floor":8,"key":"REST"},{"data":"Wraith Form v2","floor":10,"key":"SMITH"},{"floor":15,"key":"REST"}],"circlet_count":0,"master_deck":["AscendersBane","Strike_G","Strike_G","Strike_G","Strike_G","Defend_G","Defend_G","Defend_G","Defend_G","Defend_G","Survivor","Neutralize","Wraith Form v2+1","Dagger Spray","Footwork","Distraction","Deadly Poison","Deadly Poison"],"relics":["Ring of the Snake","Juzu Bracelet","Bronze Scales","Golden Idol"],"acts_visited":["Exordium"],"potions_floor_usage":[11,13],"damage_taken":[{"damage":1,"enemies":"Small Slimes","floor":1,"turns":4},{"damage":2,"enemies":"Jaw Worm","floor":3,"turns":7},{"damage":37,"enemies":"3 Sentries","floor":6,"turns":12},{"damage":5,"enemies":"Cultist","floor":7,"turns":5},{"damage":10,"enemies":"Exordium Thugs","floor":11,"turns":6},{"damage":0,"enemies":"3 Louse","floor":13,"turns":1},{"damage":36,"enemies":"The Guardian","floor":16,"turns":5}],"seed_played":"766592810529137520","potions_obtained":[{"floor":7,"key":"Poison Potion"},{"floor":11,"key":"Explosive Potion"},{"floor":13,"key":"FearPotion"}],"is_trial":false,"path_per_floor":["M","?","M","?","?","E","M","R","T","R","M","?","M","?","R","B"],"character_chosen":"THE_SILENT","items_purchased":[],"campfire_rested":2,"item_purchase_floors":[],"current_hp_per_floor":[58,51,49,54,43,6,1,22,22,22,12,12,12,12,31,0,0],"gold":300,"neow_bonus":"ONE_RANDOM_RARE_CARD","is_daily":false,"chose_seed":false,"campfire_upgraded":1,"win_rate":0.0,"timestamp":1608535236,"path_taken":["M","?","M","?","?","E","M","R","T","R","M","?","M","?","R","BOSS"],"items_purchased_type":[],"build_version":"2020-12-13","purchased_purges":0,"victory":false,"max_hp_per_floor":[66,66,66,71,71,71,71,71,71,71,71,71,71,64,64,64,64],"relic_stats":{"counters":[7,40],"Golden Idol":0,"Bronze Scales":[27],"Juzu Bracelet":1,"obtain_stats":[{"Golden Idol":14,"Bronze Scales":9,"Juzu Bracelet":6,"Ring of the Snake":0},{"Golden Idol":6,"Bronze Scales":4,"Juzu Bracelet":3,"Ring of the Snake":0},{"Golden Idol":35,"Bronze Scales":28,"Juzu Bracelet":23,"Ring of the Snake":0}],"Ring of the Snake":[14]},"card_choices":[{"not_picked":["Outmaneuver","Reflex"],"picked":"Dagger Spray","floor":1},{"not_picked":["Cloak And Dagger","Quick Slash"],"picked":"Footwork","floor":3},{"not_picked":["Heel Hook","Choke"],"picked":"Distraction","floor":6},{"not_picked":["Outmaneuver","Accuracy"],"picked":"Deadly Poison","floor":7},{"not_picked":["Outmaneuver","Slice","Terror"],"picked":"SKIP","floor":11},{"not_picked":["Prepared","Dagger Spray"],"picked":"Deadly Poison","floor":13}],"player_experience":1192724,"relics_obtained":[{"floor":6,"key":"Juzu Bracelet"},{"floor":9,"key":"Bronze Scales"}],"event_choices":[{"cards_removed":["Strike_G"],"damage_healed":0,"gold_gain":0,"player_choice":"Card Removal","damage_taken":7,"max_hp_gain":0,"max_hp_loss":0,"event_name":"Golden Wing","floor":2,"gold_loss":0},{"damage_healed":0,"gold_gain":0,"player_choice":"Donut","damage_taken":0,"max_hp_gain":5,"max_hp_loss":0,"event_name":"Big Fish","floor":4,"gold_loss":0},{"damage_healed":0,"gold_gain":75,"player_choice":"Gather Gold","damage_taken":11,"max_hp_gain":0,"max_hp_loss":0,"event_name":"World of Goop","floor":5,"gold_loss":0},{"damage_healed":0,"gold_gain":0,"player_choice":"Fled","damage_taken":0,"max_hp_gain":0,"max_hp_loss":0,"event_name":"Scrap Ooze","floor":12,"gold_loss":0},{"damage_healed":0,"gold_gain":0,"player_choice":"Lose Max HP","damage_taken":0,"relics_obtained":["Golden Idol"],"max_hp_gain":0,"max_hp_loss":7,"event_name":"Golden Idol","floor":14,"gold_loss":0}],"is_beta":false,"boss_relics":[],"items_purged_floors":[],"is_endless":false,"potions_floor_spawned":[7,11,13],"killed_by":"The Guardian","ascension_level":20}}