{"host":"qxeepl7ydvsgmfdb","time":1608566987,"event":{"mods":["AchievementEnabler","BaseMod","Colored Powertips","Minty Spire (QoL Compilation)","Quick Restart","slay the spire mod where everything is the same but ironclad has a cowboy hat"],"gold_per_floor":[109,119,119,194,194,224,240,240,240,258,269,269,269,97,97,194,194,209,209,209,209,220,253,253,269,269,288,308,308,407,332,332,431,431,441,341,352,200,200,200,214,224,224,249,249,299,299,29,29,29],"floor_reached":51,"playtime":1662,"items_purged":["Regret","Writhe","Injury"],"score":868,"play_id":"058af5b6-a338-4d03-84e8-9bfd845c2a40","local_time":"20201221110947","is_ascension_mode":true,"campfire_choices":[{"data":"After Image","floor":8.0,"key":"SMITH"},{"data":"Backstab","floor":12.0,"key":"SMITH"},{"data":"Blade Dance","floor":15.0,"key":"SMITH"},{"data":"Blade Dance","floor":24.0,"key":"SMITH"},{"data":"Noxious Fumes","floor":29.0,"key":"SMITH"},{"floor":32.0,"key":"REST"},{"floor":40.0,"key":"REST"},{"data":"Backstab","floor":47.0,"key":"SMITH"},{"data":"Discovery","floor":49.0,"key":"SMITH"}],"circlet_count":0,"master_deck":["Strike_G+1","Strike_G+1","Strike_G+1","Strike_G+1","Strike_G+1","Defend_G+1","Defend_G+1","Defend_G+1","Defend_G+1","Neutralize","Poisoned Stab","PiercingWail","After Image+1","Blade Dance+1","Backstab+1","Poisoned Stab","Blade Dance+1","Accuracy+1","Noxious Fumes+1","Backstab+1","Writhe","Noxious Fumes+1","Discovery+1"],"relics":["Ring of the Snake","NeowsBlessing","Pear","Darkstone Periapt","Bag of Preparation","Cursed Key","Gambling Chip","Snake Skull","Toy Ornithopter","WristBlade","TwistedFunnel","Pen Nib","Mercury Hourglass","Ginger"],"acts_visited":["Exordium","TheCity","TheBeyond"],"potions_floor_usage":[50,50,50],"damage_taken":[{"damage":0.0,"enemies":"Jaw Worm","floor":1.0,"turns":1.0},{"damage":0.0,"enemies":"2 Louse","floor":2.0,"turns":1.0},{"damage":0.0,"enemies":"Gremlin Nob","floor":6.0,"turns":1.0},{"damage":0.0,"enemies":"Cultist","floor":7.0,"turns":3.0},{"damage":0.0,"enemies":"2 Fungi Beasts","floor":10.0,"turns":3.0},{"damage":0.0,"enemies":"3 Louse","floor":11.0,"turns":2.0},{"damage":30.0,"enemies":"The Guardian","floor":16.0,"turns":10.0},{"damage":15.0,"enemies":"Spheric Guardian","floor":18.0,"turns":4.0},{"damage":0.0,"enemies":"Chosen","floor":22.0,"turns":2.0},{"damage":20.0,"enemies":"Book of Stabbing","floor":23.0,"turns":5.0},{"damage":4.0,"enemies":"Shelled Parasite and Fungi","floor":25.0,"turns":4.0},{"damage":11.0,"enemies":"Snake Plant","floor":27.0,"turns":4.0},{"damage":0.0,"enemies":"3 Cultists","floor":28.0,"turns":4.0},{"damage":36.0,"enemies":"Automaton","floor":33.0,"turns":8.0},{"damage":3.0,"enemies":"Orb Walker","floor":35.0,"turns":2.0},{"damage":28.0,"enemies":"3 Darklings","floor":37.0,"turns":4.0},{"damage":9.0,"enemies":"4 Shapes","floor":41.0,"turns":3.0},{"damage":18.0,"enemies":"Transient","floor":42.0,"turns":5.0},{"damage":14.0,"enemies":"Giant Head","floor":44.0,"turns":6.0},{"damage":22.0,"enemies":"Mind Bloom Boss Battle","floor":46.0,"turns":6.0},{"damage":92,"enemies":"Awakened One","floor":50,"turns":8}],"seed_played":"-1276353175237172707","potions_obtained":[{"floor":2.0,"key":"SpeedPotion"},{"floor":7.0,"key":"CunningPotion"},{"floor":11.0,"key":"Poison Potion"},{"floor":22.0,"key":"Regen Potion"},{"floor":27.0,"key":"Fire Potion"},{"floor":28.0,"key":"FearPotion"},{"floor":37.0,"key":"Fire Potion"},{"floor":41.0,"key":"PowerPotion"},{"floor":42.0,"key":"Energy Potion"},{"floor":44.0,"key":"Block Potion"}],"is_trial":false,"path_per_floor":["M","M","$","?","?","E","M","R","T","M","M","R","?","$","R","B",null,"M","?","?","?","M","E","R","M","T","M","M","R","?","?","R","B",null,"M","$","M","$","?","R","M","M","T","E","?","?","R","$","R","B",null],"character_chosen":"THE_SILENT","items_purchased":["Poisoned Stab","Blade Dance","TwistedFunnel","PowerPotion","Discovery"],"campfire_rested":2,"item_purchase_floors":[14,14,38,48,48],"current_hp_per_floor":[70,70,70,59,59,69,69,69,69,69,69,69,75,75,75,45,86,71,77,77,77,77,57,57,53,59,48,53,53,53,53,82,51,98,95,95,67,67,67,96,87,79,85,71,103,81,81,81,81,19],"gold":29,"neow_bonus":"THREE_ENEMY_KILL","is_daily":false,"chose_seed":false,"campfire_upgraded":7,"win_rate":0.0,"timestamp":1608566987,"path_taken":["M","M","$","?","?","E","?","R","T","M","M","R","?","$","R","BOSS","M","?","?","?","?","E","R","M","T","M","M","R","?","?","R","BOSS","M","$","M","$","?","R","M","M","T","E","?","?","R","$","R","BOSS"],"items_purchased_type":["Card","Card","Relic","Potion","Card"],"build_version":"2020-12-13","purchased_purges":3,"victory":true,"max_hp_per_floor":[70,70,70,70,70,80,80,80,80,80,80,80,86,86,86,86,86,86,92,92,92,92,92,92,92,98,98,98,98,98,98,98,98,98,98,98,98,98,98,98,98,98,104,104,110,110,110,110,110,110],"card_choices":[{"not_picked":["Dodge and Roll","Deflect"],"picked":"Poisoned Stab","floor":1.0},{"not_picked":["Blur","Acrobatics"],"picked":"PiercingWail","floor":2.0},{"not_picked":["Calculated Gamble","Outmaneuver"],"picked":"Blade Dance","floor":6.0},{"not_picked":["Calculated Gamble","Cloak And Dagger","Concentrate"],"picked":"SKIP","floor":7.0},{"not_picked":["Blur","Eviscerate"],"picked":"Backstab","floor":10.0},{"not_picked":["Terror","Dodge and Roll","Heel Hook"],"picked":"SKIP","floor":11.0},{"not_picked":["Tactician","Dagger Spray"],"picked":"Accuracy","floor":18.0},{"not_picked":["Acrobatics+1","Sucker Punch","Cloak And Dagger"],"picked":"SKIP","floor":22.0},{"not_picked":["Glass Knife","All Out Attack","Choke"],"picked":"SKIP","floor":23.0},{"not_picked":["Leg Sweep","Dagger Spray+1","Underhanded Strike"],"picked":"SKIP","floor":25.0},{"not_picked":["Predator+1","Eviscerate+1"],"picked":"Noxious Fumes","floor":27.0},{"not_picked":["Bouncing Flask","Well Laid Plans","Quick Slash"],"picked":"SKIP","floor":28.0},{"not_picked":["Poisoned Stab+1","Underhanded Strike+1","Prepared+1"],"picked":"SKIP","floor":35.0},{"not_picked":["PiercingWail+1","Setup+1","Heel Hook"],"picked":"SKIP","floor":37.0},{"not_picked":["Setup+1","Backflip+1","Acrobatics+1"],"picked":"SKIP","floor":41.0},{"not_picked":["Malaise","Underhanded Strike"],"picked":"Backstab","floor":42.0},{"not_picked":["Expertise+1","Dodge and Roll","Malaise"],"picked":"SKIP","floor":44.0},{"not_picked":["Skewer","Eviscerate"],"picked":"Noxious Fumes+1","floor":46.0}],"player_experience":305669,"relics_obtained":[{"floor":6.0,"key":"Pear"},{"floor":9.0,"key":"Darkstone Periapt"},{"floor":23.0,"key":"Snake Skull"},{"floor":26.0,"key":"Toy Ornithopter"},{"floor":43.0,"key":"Pen Nib"},{"floor":44.0,"key":"Mercury Hourglass"},{"floor":46.0,"key":"Ginger"}],"event_choices":[{"damage_healed":0.0,"max_hp_gain":0.0,"max_hp_loss":0.0,"gold_gain":75.0,"event_name":"World of Goop","player_choice":"Gather Gold","floor":4.0,"gold_loss":0.0,"damage_taken":11.0},{"damage_healed":0.0,"max_hp_gain":0.0,"max_hp_loss":0.0,"gold_gain":0.0,"cards_transformed":["Defend_G"],"event_name":"Transmorgrifier","player_choice":"Transformed","floor":5.0,"gold_loss":0.0,"damage_taken":0.0,"cards_obtained":["After Image"]},{"damage_healed":0.0,"max_hp_gain":0.0,"max_hp_loss":0.0,"gold_gain":0.0,"event_name":"Big Fish","player_choice":"Box","floor":13.0,"gold_loss":0.0,"damage_taken":0.0,"relics_obtained":["Bag of Preparation"],"cards_obtained":["Regret"]},{"damage_healed":0.0,"max_hp_gain":0.0,"max_hp_loss":0.0,"gold_gain":0.0,"event_name":"The Mausoleum","player_choice":"Opened","floor":19.0,"gold_loss":0.0,"damage_taken":0.0,"relics_obtained":["Gambling Chip"],"cards_obtained":["Writhe"]},{"damage_healed":0.0,"max_hp_gain":0.0,"max_hp_loss":0.0,"gold_gain":0.0,"event_name":"Back to Basics","player_choice":"Simplicity","floor":20.0,"gold_loss":0.0,"damage_taken":0.0,"cards_upgraded":["Strike_G","Strike_G","Strike_G","Strike_G","Strike_G","Defend_G","Defend_G","Defend_G","Defend_G"]},{"damage_healed":0.0,"max_hp_gain":0.0,"max_hp_loss":0.0,"gold_gain":0.0,"event_name":"Upgrade Shrine","player_choice":"Upgraded","floor":21.0,"gold_loss":0.0,"damage_taken":0.0,"cards_upgraded":["Accuracy"]},{"damage_healed":0.0,"max_hp_gain":0.0,"max_hp_loss":0.0,"gold_gain":99.0,"event_name":"Nest","player_choice":"Stole From Cult","floor":30.0,"gold_loss":0.0,"damage_taken":0.0},{"cards_removed":["Writhe"],"damage_healed":0.0,"max_hp_gain":0.0,"max_hp_loss":0.0,"gold_gain":0.0,"event_name":"Beggar","player_choice":"Gave Gold","floor":31.0,"gold_loss":75.0,"damage_taken":0.0},{"cards_removed":["Survivor"],"damage_healed":0.0,"max_hp_gain":0.0,"max_hp_loss":0.0,"gold_gain":0.0,"event_name":"Falling","player_choice":"Removed Skill","floor":39.0,"gold_loss":0.0,"damage_taken":0.0},{"damage_healed":26.0,"max_hp_gain":0.0,"max_hp_loss":0.0,"gold_gain":0.0,"event_name":"Winding Halls","player_choice":"Writhe","floor":45.0,"gold_loss":0.0,"damage_taken":0.0,"cards_obtained":["Writhe"]},{"damage_healed":0.0,"max_hp_gain":0.0,"max_hp_loss":0.0,"gold_gain":0.0,"event_name":"MindBloom","player_choice":"Fight","floor":46.0,"gold_loss":0.0,"damage_taken":0.0}],"is_beta":false,"boss_relics":[{"not_picked":["Astrolabe","Velvet Choker"],"picked":"Cursed Key"},{"not_picked":["Pandora\u0027s Box","Ring of the Serpent"],"picked":"WristBlade"}],"items_purged_floors":[14,36,48],"is_endless":false,"potions_floor_spawned":[2,7,11,22,27,28,37,41,42,44],"ascension_level":3}}