{"host":"dntw6kil9p09eemm","time":1608516953,"event":{"mods":["Alarm Clock","Aspiration","BaseMod","Colored Powertips","Downfall","Hermit","Hubris","Minty Spire (QoL Compilation)","Permanent Neow","Replay The Spire","Reworked Bosses","Shop Mod","Spicy Shops","StSLib","The Runesmith"],"gold_per_floor":[113,127,146,197,46,81,97,97,142,154,166,176,56,71,71,167,167,182,195,170,170,184,184,197,232,232,372,385,385,385,399,399,504,504,524,524,117,117,127,160,172,196,254,266,266],"floor_reached":44,"playtime":4478,"items_purged":["hexamod:Defend","Injury","hexamod:Defend"],"score":514,"play_id":"cb84b12c-bc91-44d9-987c-c61fa1a41d9e","local_time":"20201221111553","is_ascension_mode":false,"campfire_choices":[{"floor":8,"key":"REST"},{"data":"hexamod:Float","floor":15,"key":"SMITH"},{"floor":23,"key":"REST"},{"data":"hexamod:CatchUp","floor":30,"key":"SMITH"},{"data":"hexamod:FastForward","floor":32,"key":"SMITH"},{"data":"hexamod:FastForward","floor":41,"key":"SMITH"}],"circlet_count":0,"master_deck":["hexamod:Defend","hexamod:Defend","hexamod:Sear","hexamod:Float+1","hexamod:FastForward+1","hexamod:ThermalTransfer","hexamod:SkipABeat","hexamod:SpectralSpark","hexamod:SoulSteal","hexamod:VolcanoVisage","hexamod:FastForward+1","hexamod:ApocalypticArmor","Bite","Bite","Bite","Bite","Bite","hexamod:CatchUp+1","hexamod:FastForward+1","hexamod:StepThrough","hexamod:SkipABeat+1","hexamod:ThermalTransfer","hexamod:SearingWound+1","Bloodletting","hexamod:GhostflameBarrier+1","hexamod:Incineration+1","Parasite"],"relics":["hexamod:SpiritBrand","Blue Doll","hexamod:MatchstickCase","hexamod:CandleOfCauterizing","aspiration:ChemicalBlood","MerchantsRug","hubris:TerracottaHorce","Eternal Feather","ReplayTheSpireMod:CursedCoin","aspiration:IroncladSkillbook","Replay:Kaleidoscope","MawBank","Boot"],"acts_visited":["Exordium","TheCity","TheBeyond"],"potions_floor_usage":[6,16,24,28,33,33,35,35,35,35,40,40,42,42],"damage_taken":[{"damage":0,"enemies":"2 Louse","floor":1,"turns":3},{"damage":0,"enemies":"Cultist","floor":2,"turns":3},{"damage":0,"enemies":"Jaw Worm","floor":3,"turns":2},{"damage":21,"enemies":"Lagavulin","floor":6,"turns":7},{"damage":7,"enemies":"Exordium Thugs","floor":7,"turns":3},{"damage":0,"enemies":"Large Slime","floor":10,"turns":3},{"damage":9,"enemies":"Gremlin Gang","floor":11,"turns":3},{"damage":0,"enemies":"Exordium Wildlife","floor":12,"turns":3},{"damage":0,"enemies":"Looter","floor":14,"turns":3},{"damage":20,"enemies":"Hexaghost","floor":16,"turns":9},{"damage":0,"enemies":"3 Byrds","floor":18,"turns":4},{"damage":0,"enemies":"Spheric Guardian","floor":19,"turns":3},{"damage":14,"enemies":"Snake Plant","floor":22,"turns":3},{"damage":12,"enemies":"Chosen and Byrds","floor":24,"turns":4},{"damage":2,"enemies":"Book of Stabbing","floor":25,"turns":4},{"damage":11,"enemies":"Shelled Parasite and Fungi","floor":28,"turns":3},{"damage":7,"enemies":"Snecko","floor":31,"turns":6},{"damage":28,"enemies":"bossMod:newChamp","floor":33,"turns":11},{"damage":29,"enemies":"3 Darklings","floor":35,"turns":4},{"damage":14,"enemies":"Orb Walker","floor":39,"turns":3},{"damage":11,"enemies":"Nemesis","floor":40,"turns":4},{"damage":28,"enemies":"Spire Growth","floor":42,"turns":4},{"damage":50,"enemies":"Writhing Mass","floor":44,"turns":4}],"seed_played":"3648814088847478206","potions_obtained":[{"floor":3,"key":"Block Potion"},{"floor":4,"key":"FearPotion"},{"floor":4,"key":"ColorlessPotion"},{"floor":10,"key":"Weak Potion"},{"floor":14,"key":"Energy Potion"},{"floor":19,"key":"BlessingOfTheForge"},{"floor":24,"key":"PowerPotion"},{"floor":28,"key":"hexamod:EctoCoolerPotion"},{"floor":35,"key":"Swift Potion"},{"floor":35,"key":"Energy Potion"}],"is_trial":false,"path_per_floor":["M","M","M","?","$","E","M","R","T","M","M","M","$","M","R","B",null,"M","M","$","?","M","R","M","E","T","$","M","?","R","M","R","B",null,"M","?","$","?","M","E","R","M","T","M"],"character_chosen":"THE_SPIRIT","items_purchased":["hexamod:MatchstickCase","MerchantsRug","ReplayTheSpireMod:CursedCoin","Replay:Kaleidoscope"],"campfire_rested":2,"item_purchase_floors":[5,13,27,37],"current_hp_per_floor":[70,70,70,70,70,49,42,63,63,63,54,54,54,54,54,34,61,61,61,61,49,39,49,45,49,49,49,42,42,49,47,49,27,44,26,26,26,26,24,27,42,26,26,0,0],"gold":266,"neow_bonus":"RANDOM_COMMON_RELIC","is_daily":false,"chose_seed":false,"campfire_upgraded":4,"win_rate":0.0,"timestamp":1608516953,"path_taken":["M","M","M","?","$","E","M","R","T","M","M","?","$","M","R","BOSS","M","M","$","?","M","R","M","E","T","$","M","?","R","M","R","BOSS","M","?","$","?","M","E","R","M","T","M"],"items_purchased_type":["Relic","Relic","Relic","Relic"],"build_version":"2020-12-13","purchased_purges":3,"victory":false,"max_hp_per_floor":[70,70,70,70,70,70,70,70,70,70,70,70,70,70,70,70,70,70,70,70,49,49,49,49,49,49,49,49,49,49,49,49,49,49,49,49,49,49,49,49,49,49,49,49,49],"card_choices":[{"not_picked":["hexamod:GhostShield","hexamod:RainOfEmbers"],"picked":"hexamod:FastForward","floor":1},{"not_picked":["hexamod:CatchUp","hexamod:NightmareStrike"],"picked":"hexamod:ThermalTransfer","floor":2},{"not_picked":["hexamod:SwordOfDarkness","hexamod:Firestarter"],"picked":"hexamod:SkipABeat","floor":3},{"not_picked":["hexamod:DynamicBlow","hexamod:SkipABeat"],"picked":"hexamod:SpectralSpark","floor":4},{"not_picked":["hexamod:AdvancingGuard","hexamod:NightmareGuise"],"picked":"hexamod:SoulSteal","floor":6},{"not_picked":["hexamod:NightmareGuise","hexamod:DynamicBlow"],"picked":"hexamod:VolcanoVisage","floor":7},{"not_picked":["hexamod:NightmareStrike","hexamod:Hexaguard"],"picked":"hexamod:FastForward","floor":10},{"not_picked":["hexamod:HeatCrush","hexamod:NecessarySacrifice","hexamod:SpectralAdrenaline"],"picked":"SKIP","floor":11},{"not_picked":["hexamod:FourthSeal","hexamod:BacktrackSmack","hexamod:NightmareStrike"],"picked":"SKIP","floor":12},{"not_picked":["hexamod:ShieldOfDarkness","hexamod:GhostShield","hexamod:SuperheatedStrike"],"picked":"SKIP","floor":14},{"not_picked":["hexamod:CrushingStance","hexamod:SearingWound"],"picked":"hexamod:ApocalypticArmor","floor":16},{"not_picked":["hexamod:ShieldOfDarkness","hexamod:GhostOfSpirePast+1","hexamod:PowerFromBeyond"],"picked":"SKIP","floor":18},{"not_picked":["hexamod:Hexaguard","hexamod:RainOfEmbers+1","hexamod:SwordOfDarkness+1"],"picked":"SKIP","floor":19},{"not_picked":["hexamod:RainOfEmbers","hexamod:ThermalTransfer"],"picked":"hexamod:CatchUp","floor":22},{"not_picked":["hexamod:Hexaguard+1","hexamod:ShieldOfDarkness+1"],"picked":"hexamod:FastForward+1","floor":24},{"not_picked":["hexamod:GhostShield+1","hexamod:InspiringFlames"],"picked":"hexamod:StepThrough","floor":25},{"not_picked":["hexamod:HauntingEcho","hexamod:GiftsFromTheDead"],"picked":"hexamod:SkipABeat+1","floor":28},{"not_picked":["hexamod:HeatShield","hexamod:Firestarter"],"picked":"hexamod:ThermalTransfer","floor":31},{"not_picked":["hexamod:FifthSeal","hexamod:UnleashSpirits"],"picked":"hexamod:SearingWound","floor":33},{"not_picked":["Heavy Blade+1","hexamod:ShieldOfDarkness","Sentinel+1","hexamod:BacktrackSmack"],"picked":"SKIP","floor":35},{"not_picked":["hexamod:AdvancingGuard","Body Slam","Pummel+1"],"picked":"Bloodletting","floor":39},{"not_picked":["Dual Wield","Heavy Blade+1","hexamod:InspiringFlames+1"],"picked":"hexamod:GhostflameBarrier+1","floor":40},{"not_picked":["Sever Soul","hexamod:NightmareStrike","hexamod:SpectersWail"],"picked":"hexamod:Incineration+1","floor":42}],"player_experience":414166,"relics_obtained":[{"floor":6,"key":"hexamod:CandleOfCauterizing"},{"floor":9,"key":"aspiration:ChemicalBlood"},{"floor":25,"key":"Eternal Feather"},{"floor":26,"key":"hubris:AstralHammer"},{"floor":40,"key":"MawBank"},{"floor":43,"key":"Boot"}],"event_choices":[{"damage_healed":0,"gold_gain":0,"player_choice":"Became a vampire","damage_taken":0,"max_hp_gain":0,"max_hp_loss":21,"event_name":"Vampires","floor":21,"gold_loss":0,"cards_obtained":["Bite","Bite","Bite","Bite","Bite"]},{"damage_healed":0,"gold_gain":0,"player_choice":"Upgraded","damage_taken":0,"max_hp_gain":0,"max_hp_loss":0,"event_name":"Upgrade Shrine","floor":38,"gold_loss":0,"cards_upgraded":["hexamod:SearingWound"]}],"is_beta":false,"boss_relics":[{"not_picked":["Velvet Choker","aspiration:FutureDiary"],"picked":"hubris:TerracottaHorce"},{"not_picked":["ChewingGum","Calling Bell"],"picked":"aspiration:IroncladSkillbook"}],"items_purged_floors":[20,27,37],"is_endless":false,"potions_floor_spawned":[3,10,11,14,19,24,28],"killed_by":"Writhing Mass","ascension_level":0}}