{"host":"kh4wzxwh3q3yppxp","time":1608511810,"event":{"mods":["AchievementEnabler","BaseMod","Colored Map","DeckTracker","Minty Spire (QoL Compilation)","Quick Restart","StSLib"],"gold_per_floor":[112,112,131,150,75,75,93,109,133,208,225,225,225,125,125,125,125],"floor_reached":16,"playtime":487,"items_purged":["Strike_G","Defend_G"],"score":92,"play_id":"a9b5edcd-77e5-4acf-8df4-e20bbd64f908","local_time":"20201221025010","is_ascension_mode":false,"campfire_choices":[{"floor":6,"key":"REST"},{"floor":15,"key":"REST"}],"circlet_count":0,"master_deck":["Strike_G+1","Strike_G","Strike_G","Strike_G","Defend_G","Defend_G","Defend_G+1","Survivor","Neutralize"],"relics":["Ring of the Snake","PreservedInsect","InkBottle"],"acts_visited":["Exordium"],"potions_floor_usage":[16,16],"damage_taken":[{"damage":8,"enemies":"Jaw Worm","floor":1,"turns":4},{"damage":6,"enemies":"2 Louse","floor":3,"turns":3},{"damage":0,"enemies":"Small Slimes","floor":4,"turns":3},{"damage":0,"enemies":"Looter","floor":7,"turns":3},{"damage":11,"enemies":"Exordium Wildlife","floor":8,"turns":9},{"damage":2,"enemies":"2 Fungi Beasts","floor":11,"turns":4},{"damage":75,"enemies":"Slime Boss","floor":16,"turns":14}],"seed_played":"-2073635440379791583","potions_obtained":[{"floor":3,"key":"SpeedPotion"},{"floor":4,"key":"Energy Potion"}],"is_trial":false,"path_per_floor":["M","?","M","M","$","R","M","M","T","?","M","?","T","$","R","B"],"character_chosen":"THE_SILENT","items_purchased":[],"campfire_rested":2,"item_purchase_floors":[],"current_hp_per_floor":[62,48,42,42,42,63,63,52,52,41,39,39,39,39,60,0,0],"gold":125,"neow_bonus":"REMOVE_CARD","is_daily":false,"chose_seed":false,"campfire_upgraded":0,"win_rate":0.0,"timestamp":1608511810,"path_taken":["M","?","M","M","$","R","M","M","T","?","M","?","?","$","R","BOSS"],"items_purchased_type":[],"build_version":"2020-12-13","purchased_purges":2,"victory":false,"max_hp_per_floor":[70,70,70,70,70,70,70,70,70,70,70,70,70,70,70,70,70],"card_choices":[{"not_picked":["Quick Slash","Outmaneuver","Backflip"],"picked":"SKIP","floor":1},{"not_picked":["Flechettes","Setup","Acrobatics"],"picked":"SKIP","floor":3},{"not_picked":["Blur","Riddle With Holes","Prepared"],"picked":"SKIP","floor":4},{"not_picked":["Cloak And Dagger","Poisoned Stab","Well Laid Plans"],"picked":"SKIP","floor":7},{"not_picked":["Blur","Terror","Bullet Time"],"picked":"SKIP","floor":8},{"not_picked":["Quick Slash","Riddle With Holes","Slice"],"picked":"SKIP","floor":11}],"player_experience":691829,"relics_obtained":[{"floor":9,"key":"PreservedInsect"},{"floor":13,"key":"InkBottle"}],"event_choices":[{"damage_healed":0,"gold_gain":0,"player_choice":"Entered Light","damage_taken":14,"max_hp_gain":0,"max_hp_loss":0,"event_name":"Shining Light","floor":2,"gold_loss":0,"cards_upgraded":["Defend_G","Strike_G"]},{"damage_healed":0,"gold_gain":75,"player_choice":"Gather Gold","damage_taken":11,"max_hp_gain":0,"max_hp_loss":0,"event_name":"World of Goop","floor":10,"gold_loss":0},{"damage_healed":0,"gold_gain":0,"player_choice":"Ignored","damage_taken":0,"max_hp_gain":0,"max_hp_loss":0,"event_name":"Liars Game","floor":12,"gold_loss":0}],"is_beta":false,"boss_relics":[],"items_purged_floors":[5,14],"is_endless":false,"potions_floor_spawned":[3,4],"killed_by":"Slime Boss","ascension_level":0}}