{"host":"x4d6lk1isuf99bn5","time":1608556501,"event":{"mods":["Act Like it!","BaseMod","Gensokyo","Marisa£¨ìFÓê¡¡Ä§ÀíÉ³£©","Minty Spire (QoL Compilation)","Quick Restart","Reimu£¨²©ÀöÁéÃÎ£©","Remilia£¨ÀÙÃ×ÀòÑÇ£©","Replay The Spire","Shop Mod","StSLib","The Poker Player","The Servant 0.9.4","Waifu the Spire","Youmu£¨»êÆÇÑýÃÎ£©","¡¾¶«·½¶þ´Î´´×÷¡¿°ËÔÆ×Ïmod"],"gold_per_floor":[135,135,135,135,169,169,194,194,194,194,226,252,252,102,102,199,199,217,217,217,217,97,129,144,44,90,90,119,119,119,151,151,263,263,292,567,590,150,75,75,75,75,75,135,0,0,0,20,20,125,125,152,12,12,12,12,12,12,12,12,12,12,55,82,82,82,181,181,255,62,62,540,130,130,130,130,171,171,171,210,210,245,245,356,356,383,383,233,233,58,58,58,64,64],"floor_reached":93,"playtime":4109,"items_purged":["SfantasyHide_purple+1","AT_purpleEX","Regret","Pain","Regret"],"score":1884,"play_id":"3da8e28b-7d8d-4f6f-99c0-199561ddee4e","local_time":"20201221211501","daily_mods":["Vintage","Heirloom","Flight"],"is_ascension_mode":false,"campfire_choices":[{"floor":6.0,"key":"REST"},{"floor":8.0,"key":"REST"},{"floor":10.0,"key":"REST"},{"data":"DimensionStaggered_purple","floor":13.0,"key":"SMITH"},{"data":"ProofOfUnderstanding_purple","floor":15.0,"key":"SMITH"},{"data":"Pot Of Greed","floor":29.0,"key":"SMITH"},{"data":"DarkRealmRedLine_purple","floor":30.0,"key":"SMITH"},{"floor":32.0,"key":"REST"},{"data":"Boundary_ObjectiveBoundary_purple","floor":42.0,"key":"SMITH"},{"data":"AT_purpleEX","floor":49.0,"key":"PURGE"},{"data":"Pot Of Greed","floor":57.0,"key":"SMITH"},{"data":"Pot Of Greed","floor":58.0,"key":"SMITH"},{"data":"GluttonyofRealm_purpleEX","floor":59.0,"key":"SMITH"},{"data":"1","floor":66.0,"key":"LIFT"},{"floor":74.0,"key":"REST"},{"data":"Mayhem","floor":75.0,"key":"SMITH"},{"data":"DimensionStaggered_purple","floor":78.0,"key":"SMITH"},{"data":"CommonSense_AntiCommonSense_purple","floor":83.0,"key":"SMITH"},{"data":"OpenedBox_purple","floor":91,"key":"SMITH"},{"data":"OpenedBox_purple","floor":92,"key":"SMITH"}],"circlet_count":1,"master_deck":["AT_purpleEX","Defend_purpleEX","Defend_purpleEX","Defend_purpleEX","Defend_purpleEX","Observe_purple_1","Observe_purple_2","DimensionStaggered_purple+1","Pot Of Greed+1","Pot Of Greed+1","WeekHit_purple","StateErode_purple","LoveAcrossDimensions_purple","CommonSense_AntiCommonSense_purple+1","OpenedBox_purple+1","Gensokyo:ShootingStar","Computing_the_future_purpleEX","Boundary_ObjectiveBoundary_purple+1","OpenedBox_purple+1","Pot Of Greed+1","GluttonyofRealm_purpleEX+1","DimensionStaggered_purple+1","ProofOfUnderstanding_purple","Mayhem+1","Know_ledgeAbilityRealm_purple","Nest_LightFlightworm_purple"],"relics":["Boundary_crack","Memoryfragments_purpleEX","ThegodofHakurei_purpleEX","Pear","Gensokyo:CelestialsFlawlessClothing","Grinning Jar","StoneCalendar","Circlet","Divine Protection","Dream Catcher","Philosopher\u0027s Stone","Centennial Puzzle","Gensokyo:RedStar","Gensokyo:FoxMask","Bronze Scales","Replay:Bandana","Nunchaku","Gensokyo:DirgeOfMelancholy","Sundial","Tea:ReiMu","Cursed Key","Juzu Bracelet","Blue Doll","Mango","Girya","Red Mask","White Beast Statue","Replay:Bronze Core","Snack Pack","Ginger","Gensokyo:OccultBall","Gensokyo:NagashiBinaDoll","Gensokyo:LunaticRedEyes","Gensokyo:YoukaiFlower","Du-Vu Doll","PreservedInsect","CrazyTorch:ReiMu","TentaclePot:ReiMu","SlaversCollar","Vajra"],"acts_visited":["Gensokyo:Gensokyo","Gensokyo:Gensokyoer","TheBeyond","Gensokyo:Gensokyo","TheCity","TheBeyond"],"potions_floor_usage":[],"damage_taken":[{"damage":1.0,"enemies":"Gensokyo:Python","floor":1.0,"turns":4.0},{"damage":46.0,"enemies":"Gensokyo:Cirno","floor":7.0,"turns":9.0},{"damage":36.0,"enemies":"Gensokyo:Mamizou","floor":11.0,"turns":7.0},{"damage":17.0,"enemies":"Gensokyo:Aya","floor":12.0,"turns":6.0},{"damage":9.0,"enemies":"Gensokyo:Kokoro","floor":16.0,"turns":7.0},{"damage":0.0,"enemies":"Gensokyo:2_Gloops","floor":18.0,"turns":4.0},{"damage":37.0,"enemies":"Gensokyo:Tenshi","floor":23.0,"turns":3.0},{"damage":18.0,"enemies":"Gensokyo:3_Dogs","floor":24.0,"turns":4.0},{"damage":8.0,"enemies":"Gensokyo:Wraith","floor":28.0,"turns":3.0},{"damage":9.0,"enemies":"Gensokyo:Swordslinger","floor":31.0,"turns":3.0},{"damage":23.0,"enemies":"Gensokyo:Kaguya","floor":33.0,"turns":7.0},{"damage":14.0,"enemies":"3 Darklings","floor":35.0,"turns":4.0},{"damage":2.0,"enemies":"Orb Walker","floor":37.0,"turns":3.0},{"damage":0.0,"enemies":"Mind Bloom Boss Battle","floor":44.0,"turns":4.0},{"damage":0.0,"enemies":"Transient","floor":48.0,"turns":5.0},{"damage":34.0,"enemies":"Replay:Hell Engine","floor":50.0,"turns":7.0},{"damage":5.0,"enemies":"Gensokyo:Gryphon","floor":52.0,"turns":3.0},{"damage":0.0,"enemies":"Gensokyo:Cirno","floor":63.0,"turns":7.0},{"damage":1.0,"enemies":"Gensokyo:2_Kodama","floor":64.0,"turns":6.0},{"damage":0.0,"enemies":"Gensokyo:Kokoro","floor":67.0,"turns":8.0},{"damage":0.0,"enemies":"2 Thieves","floor":69.0,"turns":3.0},{"damage":70.0,"enemies":"Masked Bandits","floor":72.0,"turns":5.0},{"damage":0.0,"enemies":"Slavers","floor":77.0,"turns":3.0},{"damage":0.0,"enemies":"Gremlin Leader","floor":80.0,"turns":3.0},{"damage":0.0,"enemies":"Slavers","floor":82.0,"turns":3.0},{"damage":0.0,"enemies":"Pondfish","floor":84.0,"turns":6.0},{"damage":13.0,"enemies":"3 Shapes","floor":86.0,"turns":4.0},{"damage":0,"enemies":"Reptomancer","floor":93,"turns":2}],"seed_played":"-7665151473876290741","potions_obtained":[{"floor":5.0,"key":"Regen Potion"},{"floor":5.0,"key":"ZuzhouPotion:ReiMu"},{"floor":5.0,"key":"LiquidMemories"},{"floor":16.0,"key":"SpeedPotion"},{"floor":23.0,"key":"Venom Potion"},{"floor":28.0,"key":"Energy Potion"},{"floor":31.0,"key":"FearPotion"},{"floor":50.0,"key":"SteroidPotion"},{"floor":52.0,"key":"SkillPotion"},{"floor":63.0,"key":"PowerPotion"},{"floor":64.0,"key":"DistilledChaos"},{"floor":67.0,"key":"Dexterity Potion"},{"floor":72.0,"key":"ZuzhouPotion:ReiMu"},{"floor":77.0,"key":"Swift Potion"},{"floor":80.0,"key":"ZuzhouPotion:ReiMu"},{"floor":82.0,"key":"PowerPotion"},{"floor":84.0,"key":"Elixir"}],"is_trial":true,"path_per_floor":["M","?","?","?","?","R","E","R","T","R","E","?","R","$","R","B",null,"M","?","?","?","?","E","M","$","T","?","M","R","R","M","R","B",null,"M","?","M","$","$","T","?","R","T","?","?","?","?","M","R","B",null,"M","?","?","?","?","R","R","R","T","?","?","E","M","?","R","B",null,"M","$","?","?","$","R","R","?","E","R","?","E","?","E","R","B",null,"M","?","$","?","$","R","R","E"],"character_chosen":"Youkari","items_purchased":["ProofOfUnderstanding_purple","Mango","Boundary_ObjectiveBoundary_purple","Mayhem","CrazyTorch:ReiMu","TentaclePot:ReiMu"],"campfire_rested":5,"item_purchase_floors":[14,38,39,70,73,73],"current_hp_per_floor":[70,70,65,45,13,37,11,35,35,59,52,41,41,41,41,63,80,80,80,80,80,80,53,52,52,52,52,46,46,46,37,61,62,80,78,78,80,94,94,94,94,94,94,94,94,94,94,94,94,60,94,92,92,92,92,92,94,94,94,94,94,94,94,98,98,98,98,98,102,102,102,48,48,79,79,79,87,87,87,89,89,96,96,104,106,93,93,93,93,93,93,93,95,95],"gold":64,"neow_bonus":"","is_daily":false,"chose_seed":false,"campfire_upgraded":13,"win_rate":0.0,"timestamp":1608556501,"path_taken":["M","?","?","?","?","R","E","R","T","R","E","?","R","?","R","BOSS","M","?","?","?","?","E","?","?","T","?","?","R","R","M","R","BOSS","M","?","M","$","?","?","?","R","T","?","?","?","?","M","R","BOSS","M","?","?","?","?","R","R","R","T","?","?","E","M","?","R","BOSS","M","$","?","?","$","R","R","?","E","R","?","E","?","E","R","BOSS","M","?","$","?","$","R","R","E"],"items_purchased_type":["Card","Relic","Card","Card","Relic","Relic"],"build_version":"2020-12-13","purchased_purges":5,"victory":false,"max_hp_per_floor":[70,70,80,80,80,80,80,80,80,80,80,80,80,80,80,80,80,80,80,80,80,80,80,80,80,80,80,80,80,80,80,80,80,80,80,80,80,94,94,94,94,94,94,94,94,94,94,94,94,94,94,94,94,94,94,94,94,94,94,94,94,94,94,98,98,98,98,98,102,102,102,106,106,106,106,106,106,106,106,106,106,106,106,106,106,106,106,106,106,106,106,106,106,106],"card_choices":[{"not_picked":["Mirror_FormAndEmptin_purple","Charmbait_purple"],"picked":"DimensionStaggered_purple","floor":5.0},{"not_picked":["StretchesForeverDream_purple","StateDuplicate_purple"],"picked":"DarkRealmRedLine_purple","floor":7.0},{"not_picked":["Mirror_FormAndEmptin_purple","OmniscientAndOmnipotent_Monster_purple"],"picked":"WeekHit_purple","floor":11.0},{"not_picked":["WatchEChange_purple","WangLiang_LineAndCurveDreams_purple"],"picked":"StateErode_purple","floor":12.0},{"not_picked":["WasteWire_Metro_purple","BarrageBoundary_PipeDream_purple"],"picked":"LoveAcrossDimensions_purple","floor":16.0},{"not_picked":["Mirror_Drifter_purple","Umbrella_purple"],"picked":"CommonSense_AntiCommonSense_purple","floor":23.0},{"not_picked":["Boundary_LightAndDark_purple+1","Erosivefilter_purple+1"],"picked":"OpenedBox_purple","floor":32.0},{"not_picked":[],"picked":"Gensokyo:ShootingStar","floor":33.0},{"not_picked":["MagicEyes_LaplaceDemon_purple","Fancifulhole_purple"],"picked":"Computing_the_future_purpleEX","floor":33.0},{"not_picked":["SfantasyHide_purple+1","Bait_HighSpeedFlying_purple+1"],"picked":"OpenedBox_purple","floor":44.0},{"not_picked":["WangLiang_OokamiKakushi_purple","WangLiang_LineAndCurveDreams_purple"],"picked":"GluttonyofRealm_purpleEX","floor":50.0},{"not_picked":["Mirror_FormAndEmptin_purple","AdvanceAttack_purple"],"picked":"DimensionStaggered_purple","floor":63.0},{"not_picked":["UniverseChoice_purple","WangLiang_OokamiKakushi_purple"],"picked":"ProofOfUnderstanding_purple","floor":67.0},{"not_picked":["AdvanceAttack_purple","StateErode_purple","ExternalForce_HighSpeedFlying_purple"],"picked":"SKIP","floor":77.0},{"not_picked":["Bait_Toxicbait_purple","MNeedle_purple","Line_surface_state_purple+1"],"picked":"SKIP","floor":80.0},{"not_picked":["OpenedBox_purple","SharpContractionReality_purple"],"picked":"Nest_LightFlightworm_purple","floor":82.0}],"player_experience":70882,"relics_obtained":[{"floor":1.0,"key":"ThegodofHakurei_purpleEX"},{"floor":7.0,"key":"Grinning Jar"},{"floor":9.0,"key":"StoneCalendar"},{"floor":11.0,"key":"Divine Protection"},{"floor":12.0,"key":"Dream Catcher"},{"floor":18.0,"key":"Centennial Puzzle"},{"floor":23.0,"key":"Bronze Scales"},{"floor":24.0,"key":"Replay:Bandana"},{"floor":26.0,"key":"Nunchaku"},{"floor":28.0,"key":"Sundial"},{"floor":31.0,"key":"Tea:ReiMu"},{"floor":35.0,"key":"Juzu Bracelet"},{"floor":37.0,"key":"Blue Doll"},{"floor":44.0,"key":"Girya"},{"floor":48.0,"key":"White Beast Statue"},{"floor":52.0,"key":"Snack Pack"},{"floor":64.0,"key":"Du-Vu Doll"},{"floor":67.0,"key":"Gensokyo:OccultBall"},{"floor":69.0,"key":"Gensokyo:OccultBall"},{"floor":69.0,"key":"PreservedInsect"},{"floor":72.0,"key":"Circlet"},{"floor":82.0,"key":"Gensokyo:OccultBall"},{"floor":84.0,"key":"Gensokyo:OccultBall"},{"floor":86.0,"key":"Vajra"}],"event_choices":[{"damage_healed":0.0,"max_hp_gain":0.0,"max_hp_loss":0.0,"gold_gain":275.0,"event_name":"Golden Shrine","player_choice":"Desecrate","floor":36.0,"gold_loss":0.0,"damage_taken":0.0,"cards_obtained":["Regret"]},{"damage_healed":0.0,"max_hp_gain":0.0,"max_hp_loss":0.0,"gold_gain":0.0,"event_name":"MindBloom","player_choice":"Fight","floor":44.0,"gold_loss":0.0,"damage_taken":0.0},{"damage_healed":0.0,"max_hp_gain":0.0,"max_hp_loss":0.0,"gold_gain":0.0,"event_name":"Tomb of Lord Red Mask","player_choice":"Paid","floor":45.0,"gold_loss":135.0,"damage_taken":0.0,"relics_obtained":["Red Mask"]},{"damage_healed":0.0,"max_hp_gain":0.0,"max_hp_loss":0.0,"gold_gain":0.0,"event_name":"Transmorgrifier","player_choice":"Ignored","floor":46.0,"gold_loss":0.0,"damage_taken":0.0},{"damage_healed":0.0,"max_hp_gain":0.0,"max_hp_loss":0.0,"gold_gain":0.0,"event_name":"Mysterious Sphere","player_choice":"Ignored","floor":47.0,"gold_loss":0.0,"damage_taken":0.0},{"damage_healed":0.0,"max_hp_gain":0.0,"max_hp_loss":0.0,"gold_gain":0.0,"event_name":"Ghosts","player_choice":"Ignored","floor":71.0,"gold_loss":0.0,"damage_taken":0.0},{"damage_healed":0.0,"max_hp_gain":0.0,"max_hp_loss":0.0,"gold_gain":0.0,"event_name":"Masked Bandits","player_choice":"Fought Bandits","floor":72.0,"gold_loss":0.0,"damage_taken":0.0},{"damage_healed":0.0,"max_hp_gain":0.0,"max_hp_loss":0.0,"gold_gain":0.0,"event_name":"The Library","player_choice":"Read","floor":76.0,"gold_loss":0.0,"damage_taken":0.0,"cards_obtained":["Know_ledgeAbilityRealm_purple"]},{"damage_healed":0.0,"max_hp_gain":0.0,"max_hp_loss":0.0,"gold_gain":0.0,"event_name":"Match and Keep!","player_choice":"0 cards matched","floor":79.0,"gold_loss":0.0,"damage_taken":0.0,"cards_obtained":[]},{"cards_removed":["AT_purpleEX"],"damage_healed":0.0,"max_hp_gain":0.0,"max_hp_loss":0.0,"gold_gain":0.0,"event_name":"Back to Basics","player_choice":"Elegance","floor":81.0,"gold_loss":0.0,"damage_taken":0.0},{"damage_healed":0,"gold_gain":0,"player_choice":"Memory 1","damage_taken":0,"max_hp_gain":0,"max_hp_loss":0,"event_name":"SensoryStone","floor":89,"gold_loss":0}],"is_beta":false,"boss_relics":[{"not_picked":["Abe\u0027s Treasure","Painkiller Herb"],"picked":"Philosopher\u0027s Stone"},{"not_picked":["Coffee Dripper","Kintsugi"],"picked":"Cursed Key"},{"not_picked":["ReplayTheSpireMod:DimensionalGlitch","Replay:Drink Me"],"picked":"Replay:Bronze Core"},{"not_picked":["Astrolabe","Runic Dome","Fusion Hammer"]},{"not_picked":["Runic Pyramid","Calling Bell"],"picked":"SlaversCollar"}],"items_purged_floors":[14,25,38,88,90],"is_endless":true,"potions_floor_spawned":[16,23,28,31,37,50,52,63,64,67,72,77,80,82,84,86],"killed_by":"Reptomancer","ascension_level":0}}