{"host":"y76clbnovzmw9ubx","time":1608523208,"event":{"mods":["AchievementEnabler","BaseMod","Minty Spire (QoL Compilation)","Permanent Neow","Relic Stats"],"gold_per_floor":[112,124,137,154,166,199,199,224,278,310,310,310,353,380,380,465,465,485,514,41,50,95,124,142,142,142],"floor_reached":25,"playtime":859,"items_purged":["Strike_R"],"score":527,"play_id":"d6f07cb2-93d8-4453-b763-417801ab4d96","local_time":"20201220230008","is_ascension_mode":true,"campfire_choices":[{"data":"Whirlwind","floor":7,"key":"SMITH"},{"floor":12,"key":"REST"},{"data":"Bash","floor":15,"key":"SMITH"}],"circlet_count":0,"master_deck":["AscendersBane","Defend_R","Defend_R","Defend_R","Defend_R","Bash+1","Fiend Fire+1","Whirlwind+1","Reckless Charge","Demon Form+1","Uppercut","Offering+1","Flame Barrier","Evolve+1","Disarm+1","Bite","Bite","Bite","Bite","Bite"],"relics":["Burning Blood","Frozen Egg 2","Dream Catcher","Bronze Scales","Pantograph","CeramicFish","PreservedInsect","Black Star","Bag of Preparation","ClockworkSouvenir","Art of War","War Paint"],"acts_visited":["TheCity"],"potions_floor_usage":[6,8,10,18],"damage_taken":[{"damage":0,"enemies":"Cultist","floor":1,"turns":2},{"damage":0,"enemies":"Small Slimes","floor":2,"turns":2},{"damage":9,"enemies":"Jaw Worm","floor":3,"turns":3},{"damage":2,"enemies":"Exordium Wildlife","floor":4,"turns":5},{"damage":6,"enemies":"Looter","floor":5,"turns":2},{"damage":25,"enemies":"3 Sentries","floor":6,"turns":6},{"damage":35,"enemies":"Lagavulin","floor":8,"turns":5},{"damage":25,"enemies":"3 Sentries","floor":10,"turns":4},{"damage":30,"enemies":"Lagavulin","floor":13,"turns":6},{"damage":20,"enemies":"Slime Boss","floor":16,"turns":6},{"damage":6,"enemies":"Spheric Guardian","floor":18,"turns":3},{"damage":18,"enemies":"Chosen","floor":19,"turns":3},{"damage":33,"enemies":"Gremlin Leader","floor":23,"turns":5},{"damage":33,"enemies":"Sentry and Sphere","floor":24,"turns":5},{"damage":20,"enemies":"Slavers","floor":25,"turns":1}],"seed_played":"-3740983329359541769","potions_obtained":[{"floor":1,"key":"Fire Potion"},{"floor":4,"key":"FearPotion"},{"floor":8,"key":"EntropicBrew"},{"floor":16,"key":"Block Potion"}],"is_trial":false,"path_per_floor":["M","M","M","M","M","E","R","E","T","E","?","R","E","T","R","B",null,"M","M","$","?","?","E","M","E"],"character_chosen":"IRONCLAD","items_purchased":["Bag of Preparation","ClockworkSouvenir","Evolve+1"],"campfire_rested":1,"item_purchase_floors":[20,20,20],"current_hp_per_floor":[74,75,72,75,75,56,56,27,27,8,8,30,28,28,28,39,66,66,54,54,54,52,33,14,0,0],"gold":142,"neow_bonus":"ONE_RANDOM_RARE_CARD","is_daily":false,"chose_seed":false,"campfire_upgraded":2,"win_rate":0.0,"timestamp":1608523208,"path_taken":["M","?","M","M","M","E","R","E","T","E","?","R","E","?","R","BOSS","M","M","$","?","?","E","M","E"],"items_purchased_type":["Relic","Relic","Card"],"build_version":"2020-12-13","purchased_purges":1,"victory":false,"max_hp_per_floor":[75,75,75,75,75,75,75,75,75,75,75,75,75,75,75,75,75,75,75,75,75,52,52,52,52,52],"relic_stats":{"Dream Catcher":1,"counters":[15,58],"Bronze Scales":[59],"Pantograph":25,"CeramicFish":90,"PreservedInsect":86,"Black Star":1,"Bag of Preparation":[6],"Art of War":[1],"War Paint":["Offering","Disarm"],"obtain_stats":[{"Dream Catcher":8,"Bronze Scales":9,"Pantograph":10,"CeramicFish":13,"PreservedInsect":14,"Black Star":17,"Bag of Preparation":20,"Art of War":23,"Frozen Egg 2":6,"War Paint":23,"Burning Blood":0,"ClockworkSouvenir":20},{"Dream Catcher":7,"Bronze Scales":7,"Pantograph":8,"CeramicFish":9,"PreservedInsect":9,"Black Star":10,"Bag of Preparation":12,"Art of War":13,"Frozen Egg 2":6,"War Paint":13,"Burning Blood":0,"ClockworkSouvenir":12},{"Dream Catcher":25,"Bronze Scales":25,"Pantograph":29,"CeramicFish":35,"PreservedInsect":35,"Black Star":41,"Bag of Preparation":47,"Art of War":52,"Frozen Egg 2":20,"War Paint":52,"Burning Blood":0,"ClockworkSouvenir":47}],"Burning Blood":78},"card_choices":[{"not_picked":["Inflame","Evolve"],"picked":"Whirlwind","floor":1},{"not_picked":["Dropkick","Rampage"],"picked":"Reckless Charge","floor":2},{"not_picked":["Burning Pact","Heavy Blade","Pommel Strike"],"picked":"SKIP","floor":3},{"not_picked":["Sword Boomerang","Second Wind","Iron Wave"],"picked":"SKIP","floor":4},{"not_picked":["Anger","Flex","Dropkick"],"picked":"SKIP","floor":5},{"not_picked":["Anger","Sword Boomerang","Twin Strike"],"picked":"SKIP","floor":6},{"not_picked":["Bloodletting","True Grit","Cleave"],"picked":"SKIP","floor":8},{"not_picked":["Pommel Strike","Hemokinesis"],"picked":"Demon Form+1","floor":10},{"not_picked":["Dual Wield","Bloodletting"],"picked":"Uppercut","floor":13},{"not_picked":["Berserk+1","Fiend Fire"],"picked":"Offering","floor":16},{"not_picked":["Burning Pact","Twin Strike","Headbutt"],"picked":"SKIP","floor":18},{"not_picked":["True Grit","Clash"],"picked":"Flame Barrier","floor":19},{"not_picked":["Warcry","Anger","Sword Boomerang"],"picked":"SKIP","floor":23},{"not_picked":["Sword Boomerang","True Grit","Clothesline"],"picked":"SKIP","floor":24}],"player_experience":2929599,"relics_obtained":[{"floor":6,"key":"Frozen Egg 2"},{"floor":8,"key":"Dream Catcher"},{"floor":9,"key":"Bronze Scales"},{"floor":10,"key":"Pantograph"},{"floor":13,"key":"CeramicFish"},{"floor":14,"key":"PreservedInsect"},{"floor":23,"key":"Art of War"},{"floor":23,"key":"War Paint"}],"event_choices":[{"damage_healed":0,"gold_gain":0,"player_choice":"Grow","damage_taken":0,"max_hp_gain":0,"max_hp_loss":0,"event_name":"Living Wall","floor":11,"gold_loss":0,"cards_upgraded":["Fiend Fire"]},{"damage_healed":0,"gold_gain":0,"player_choice":"Read","damage_taken":0,"max_hp_gain":0,"max_hp_loss":0,"event_name":"The Library","floor":21,"gold_loss":0,"cards_obtained":["Disarm"]},{"damage_healed":0,"gold_gain":0,"player_choice":"Became a vampire","damage_taken":0,"max_hp_gain":0,"max_hp_loss":23,"event_name":"Vampires","floor":22,"gold_loss":0,"cards_obtained":["Bite","Bite","Bite","Bite","Bite"]}],"is_beta":false,"boss_relics":[{"not_picked":["Fusion Hammer","Black Blood"],"picked":"Black Star"}],"items_purged_floors":[20],"is_endless":false,"potions_floor_spawned":[1,4,5,8,16],"killed_by":"Slavers","ascension_level":20}}