{"host":"lhth1efayex2023z","time":1608585401,"event":{"mods":["BaseMod","Colored Map","Googly Eyes","Minty Spire (QoL Compilation)","StSLib"],"gold_per_floor":[117,17,17,35,54,54,69,103,129,161,171,203,203,76,76,171,171,181,181,191,203,78,108,123,123,123,154,154,185,185,202,202,307,307,321,321,400,412,430,459,459,486,512,544,544,564,564,577,577,577,577,577,100,100,100],"floor_reached":54,"playtime":2894,"items_purged":["Strike_R","Strike_R","Strike_R"],"score":1312,"play_id":"503b2a04-64e2-4016-b2da-195d3729b175","local_time":"20201221141641","is_ascension_mode":true,"campfire_choices":[{"data":"Uppercut","floor":6.0,"key":"SMITH"},{"data":"Barricade","floor":13.0,"key":"SMITH"},{"data":"Entrench","floor":15.0,"key":"SMITH"},{"data":"True Grit","floor":25.0,"key":"SMITH"},{"data":"Seeing Red","floor":30.0,"key":"SMITH"},{"data":"Body Slam","floor":32.0,"key":"SMITH"},{"floor":41,"key":"RECALL"},{"data":"Entrench","floor":47,"key":"SMITH"},{"data":"Searing Blow+1","floor":49,"key":"SMITH"},{"data":"Searing Blow+2","floor":52,"key":"SMITH"}],"circlet_count":0,"master_deck":["Strike_R+1","Defend_R+1","Defend_R+1","Defend_R+1","Defend_R+1","Bash+1","Uppercut+1","Pommel Strike+1","Searing Blow+3","Rampage+1","Entrench+1","Seeing Red+1","Barricade+1","Seeing Red+1","Iron Wave+1","Offering+1","Body Slam+1","Battle Trance+1","Power Through+1","True Grit+1","Second Wind+1","Body Slam+1","Feel No Pain+1","Feed+1","Armaments+1","Forethought+1","Good Instincts+1","Finesse+1","Entrench+1","Armaments+1","Impervious+1","Regret","Entrench+1"],"relics":["Burning Blood","Tiny Chest","Bag of Marbles","Omamori","Potion Belt","Cursed Key","Enchiridion","Blood Vial","The Courier","Self Forming Clay","Bottled Flame","Runic Pyramid","White Beast Statue","Mummified Hand","Juzu Bracelet","Dream Catcher","Mark of the Bloom","Happy Flower","Calipers","Orichalcum"],"acts_visited":["Exordium","TheCity","TheBeyond","TheEnding"],"potions_floor_usage":[39,40,50,54],"damage_taken":[{"damage":2.0,"enemies":"2 Louse","floor":1.0,"turns":4.0},{"damage":1.0,"enemies":"Cultist","floor":4.0,"turns":3.0},{"damage":4.0,"enemies":"Small Slimes","floor":5.0,"turns":4.0},{"damage":18.0,"enemies":"Exordium Wildlife","floor":7.0,"turns":5.0},{"damage":28.0,"enemies":"Gremlin Nob","floor":8.0,"turns":4.0},{"damage":20.0,"enemies":"Lagavulin","floor":10.0,"turns":5.0},{"damage":8.0,"enemies":"Red Slaver","floor":11.0,"turns":3.0},{"damage":8.0,"enemies":"Gremlin Nob","floor":12.0,"turns":3.0},{"damage":24.0,"enemies":"Hexaghost","floor":16.0,"turns":16.0},{"damage":6.0,"enemies":"Chosen","floor":18.0,"turns":4.0},{"damage":8.0,"enemies":"Shell Parasite","floor":20.0,"turns":3.0},{"damage":6.0,"enemies":"Snecko","floor":21.0,"turns":3.0},{"damage":0.0,"enemies":"Slavers","floor":23.0,"turns":5.0},{"damage":13.0,"enemies":"3 Cultists","floor":24.0,"turns":4.0},{"damage":6.0,"enemies":"Gremlin Leader","floor":27.0,"turns":7.0},{"damage":10.0,"enemies":"Book of Stabbing","floor":29.0,"turns":5.0},{"damage":6.0,"enemies":"Snake Plant","floor":31.0,"turns":4.0},{"damage":43.0,"enemies":"Collector","floor":33.0,"turns":9.0},{"damage":6.0,"enemies":"3 Darklings","floor":35.0,"turns":7.0},{"damage":5,"enemies":"Orb Walker","floor":38,"turns":5},{"damage":18,"enemies":"Sphere and 2 Shapes","floor":39,"turns":5},{"damage":15,"enemies":"Giant Head","floor":40,"turns":6},{"damage":6,"enemies":"Nemesis","floor":42,"turns":3},{"damage":6,"enemies":"Giant Head","floor":44,"turns":4},{"damage":6,"enemies":"3 Darklings","floor":46,"turns":7},{"damage":5,"enemies":"4 Shapes","floor":48,"turns":11},{"damage":13,"enemies":"Donu and Deca","floor":50,"turns":9},{"damage":50,"enemies":"Shield and Spear","floor":54,"turns":3}],"seed_played":"2204654418741280042","potions_obtained":[{"floor":1.0,"key":"Swift Potion"},{"floor":3.0,"key":"BlessingOfTheForge"},{"floor":3.0,"key":"BloodPotion"},{"floor":10.0,"key":"Fire Potion"},{"floor":16.0,"key":"Fire Potion"},{"floor":18.0,"key":"DistilledChaos"},{"floor":23.0,"key":"SkillPotion"},{"floor":24.0,"key":"Dexterity Potion"},{"floor":31.0,"key":"BloodPotion"},{"floor":35.0,"key":"ColorlessPotion"},{"floor":38,"key":"BloodPotion"},{"floor":39,"key":"PowerPotion"},{"floor":40,"key":"Strength Potion"},{"floor":42,"key":"Block Potion"},{"floor":44,"key":"Strength Potion"},{"floor":46,"key":"Dexterity Potion"},{"floor":48,"key":"LiquidBronze"}],"is_trial":false,"path_per_floor":["M","$","?","M","M","R","M","E","T","E","M","E","R","$","R","B",null,"M","?","M","M","$","E","M","R","T","E","?","E","R","M","R","B",null,"M","?","T","M","M","E","R","E","T","E","?","M","R","M","R","B",null,"R","$","E"],"character_chosen":"IRONCLAD","items_purchased":["Pommel Strike","Iron Wave","Happy Flower","Calipers","Orichalcum"],"campfire_rested":0,"item_purchase_floors":[2,14,53,53,53],"current_hp_per_floor":[76,76,76,80,80,80,68,46,46,48,46,44,44,44,44,26,67,67,51,49,49,49,55,50,50,50,52,52,50,50,52,52,33,68,73,63,63,66,59,69,69,71,71,73,73,67,67,62,62,49,49,49,49,0,0],"gold":100,"neow_bonus":"REMOVE_CARD","is_daily":false,"chose_seed":false,"campfire_upgraded":9,"win_rate":0.0,"timestamp":1608585401,"path_taken":["M","$","?","?","M","R","M","E","T","E","M","E","R","$","R","BOSS","M","?","M","M","$","E","M","R","T","E","?","E","R","M","R","BOSS","M","?","?","M","M","E","R","E","T","E","?","M","R","M","R","BOSS","R","$","E"],"items_purchased_type":["Card","Card","Relic","Relic","Relic"],"build_version":"2020-12-13","purchased_purges":3,"victory":false,"max_hp_per_floor":[80,80,80,80,80,80,80,80,80,80,80,80,80,80,80,80,80,80,80,80,80,80,80,80,80,80,80,80,80,80,80,80,80,80,83,83,83,83,86,86,86,86,86,86,86,90,90,94,94,94,94,94,94,94,94],"card_choices":[{"not_picked":["Shockwave","Shrug It Off"],"picked":"Uppercut","floor":1.0},{"not_picked":["Headbutt","Power Through"],"picked":"Searing Blow","floor":4.0},{"not_picked":["Inflame","Pommel Strike"],"picked":"Rampage","floor":5.0},{"not_picked":["Twin Strike","Power Through"],"picked":"Entrench","floor":7.0},{"not_picked":["Burning Pact","Headbutt"],"picked":"Seeing Red","floor":8.0},{"not_picked":["Sever Soul","Reaper"],"picked":"Barricade","floor":10.0},{"not_picked":["Thunderclap","Combust","Sword Boomerang"],"picked":"SKIP","floor":11.0},{"not_picked":["Battle Trance","Evolve"],"picked":"Seeing Red","floor":12.0},{"not_picked":["Fiend Fire","Bludgeon"],"picked":"Offering","floor":16.0},{"not_picked":["Dropkick","Wild Strike"],"picked":"Body Slam","floor":18.0},{"not_picked":["Searing Blow+1","Blood for Blood"],"picked":"Battle Trance","floor":20.0},{"not_picked":["True Grit","Shrug It Off"],"picked":"Power Through+1","floor":21.0},{"not_picked":["Fire Breathing","Clothesline","Wild Strike"],"picked":"SKIP","floor":23.0},{"not_picked":["Iron Wave","Pommel Strike"],"picked":"True Grit","floor":24.0},{"not_picked":["Headbutt","Dual Wield"],"picked":"Second Wind","floor":27.0},{"not_picked":["Bludgeon","Heavy Blade"],"picked":"Body Slam","floor":29.0},{"not_picked":["Rampage+1","Carnage"],"picked":"Feel No Pain","floor":31.0},{"not_picked":["Demon Form","Limit Break"],"picked":"Feed","floor":33.0},{"not_picked":["Dark Embrace+1","Havoc"],"picked":"Armaments","floor":35.0},{"not_picked":["Jack Of All Trades","Flash of Steel"],"picked":"Forethought","floor":36},{"not_picked":["Enlightenment","The Bomb"],"picked":"Good Instincts","floor":36},{"not_picked":["Bandage Up","Forethought"],"picked":"Finesse","floor":36},{"not_picked":["True Grit+1","Bloodletting+1"],"picked":"Entrench","floor":38},{"not_picked":["Clash","Dual Wield","Pummel+1"],"picked":"SKIP","floor":39},{"not_picked":["Headbutt","Wild Strike+1"],"picked":"Armaments+1","floor":40},{"not_picked":["Headbutt+1","Cleave"],"picked":"Impervious","floor":42},{"not_picked":["Inflame","Battle Trance+1","Anger+1"],"picked":"SKIP","floor":44},{"not_picked":["Heavy Blade","Perfected Strike"],"picked":"Entrench","floor":46},{"not_picked":["Havoc","Anger+1","Rupture+1"],"picked":"SKIP","floor":48}],"player_experience":379167,"relics_obtained":[{"floor":8.0,"key":"Tiny Chest"},{"floor":9.0,"key":"Bag of Marbles"},{"floor":10.0,"key":"Omamori"},{"floor":12.0,"key":"Potion Belt"},{"floor":19.0,"key":"Enchiridion"},{"floor":23.0,"key":"Blood Vial"},{"floor":26.0,"key":"The Courier"},{"floor":27.0,"key":"Self Forming Clay"},{"floor":29.0,"key":"Bottled Flame"},{"floor":37,"key":"White Beast Statue"},{"floor":40,"key":"Mummified Hand"},{"floor":42,"key":"Juzu Bracelet"},{"floor":44,"key":"Dream Catcher"}],"event_choices":[{"damage_healed":0.0,"max_hp_gain":0.0,"max_hp_loss":0.0,"gold_gain":0.0,"event_name":"Lab","player_choice":"Got Potions","floor":3.0,"gold_loss":0.0,"damage_taken":0.0},{"damage_healed":0.0,"max_hp_gain":0.0,"max_hp_loss":0.0,"gold_gain":0.0,"event_name":"Cursed Tome","player_choice":"Obtained Book","floor":19.0,"gold_loss":0.0,"damage_taken":16.0},{"damage_healed":0.0,"max_hp_gain":0.0,"max_hp_loss":0.0,"gold_gain":0.0,"event_name":"Accursed Blacksmith","player_choice":"Forge","floor":28.0,"gold_loss":0.0,"damage_taken":0.0,"cards_upgraded":["Second Wind"]},{"damage_healed":0,"gold_gain":0,"player_choice":"Memory 3","damage_taken":10,"max_hp_gain":0,"max_hp_loss":0,"event_name":"SensoryStone","floor":36,"gold_loss":0},{"damage_healed":0,"gold_gain":0,"player_choice":"Upgrade","damage_taken":0,"relics_obtained":["Mark of the Bloom"],"max_hp_gain":0,"max_hp_loss":0,"event_name":"MindBloom","floor":45,"gold_loss":0,"cards_upgraded":["Strike_R","Defend_R","Defend_R","Defend_R","Defend_R","Bash","Pommel Strike","Searing Blow","Rampage","Seeing Red","Iron Wave","Offering","Battle Trance","Body Slam","Feel No Pain","Feed","Armaments","Forethought","Good Instincts","Finesse","Entrench","Impervious"]}],"is_beta":false,"boss_relics":[{"not_picked":["Ectoplasm","Coffee Dripper"],"picked":"Cursed Key"},{"not_picked":["Mark of Pain","Black Blood"],"picked":"Runic Pyramid"}],"items_purged_floors":[2,14,22],"is_endless":false,"potions_floor_spawned":[1,4,10,16,18,23,24,31,35,38,39,40,42,44,46,48],"killed_by":"Shield and Spear","ascension_level":9}}