{"host":"6gzy6nvr8uokwcne","time":1608583279,"event":{"mods":["2.2 Compatiblity","AchievementEnabler","Act Like it!","BaseMod","Hallownest","Marisa????????","Minty Spire (QoL Compilation)","Quick Restart","StSLib","The Alterego","The Cursed","The Disciple","The Dragon Tamer","The Necromancer","The Servant 0.9.4"],"gold_per_floor":[115,115,115,115,139,154,154,154],"floor_reached":7,"playtime":1403,"items_purged":[],"score":41,"play_id":"ac691385-fd48-4bd2-8e01-76d8b913f5bf","local_time":"20201221134119","daily_mods":["Heirloom"],"is_ascension_mode":false,"campfire_choices":[],"circlet_count":0,"master_deck":["Strike_Br","Strike_Br","Strike_Br","Strike_Br","Defend_Br","Defend_Br","Defend_Br","Defend_Br","SecondHand","PatternShift","WatchCommand","BeatsPerMinute","LockedWarPaint"],"relics":["Chronometer","Girya","Golden Idol"],"acts_visited":["Exordium"],"potions_floor_usage":[],"damage_taken":[{"damage":0,"enemies":"Jaw Worm","floor":1,"turns":7},{"damage":1,"enemies":"Small Slimes","floor":5,"turns":5},{"damage":10,"enemies":"Cultist","floor":6,"turns":7},{"damage":38,"enemies":"3 Sentries","floor":7,"turns":17}],"seed_played":"5706918735957463849","potions_obtained":[{"floor":1,"key":"FairyPotion"},{"floor":5,"key":"Weak Potion"}],"is_trial":true,"path_per_floor":["M","?","?","$","M","M","E"],"character_chosen":"CHRONO_CLASS","items_purchased":[],"campfire_rested":0,"item_purchase_floors":[],"current_hp_per_floor":[65,65,49,49,48,38,19,19],"gold":154,"neow_bonus":"","is_daily":false,"chose_seed":false,"campfire_upgraded":0,"win_rate":0.0,"timestamp":1608583279,"path_taken":["M","?","?","?","?","M","E"],"items_purchased_type":[],"build_version":"2020-12-13","purchased_purges":0,"victory":false,"max_hp_per_floor":[65,65,65,65,65,65,65,65],"card_choices":[{"not_picked":["TiringSlam","Tempo"],"picked":"WatchCommand","floor":1},{"not_picked":["BlueShift","PrimeTime"],"picked":"BeatsPerMinute","floor":5},{"not_picked":["CrunchTime","BlueShift"],"picked":"LockedWarPaint","floor":6}],"player_experience":452693,"relics_obtained":[],"event_choices":[{"damage_healed":0,"gold_gain":0,"player_choice":"Ignored","damage_taken":0,"max_hp_gain":0,"max_hp_loss":0,"event_name":"Shining Light","floor":2,"gold_loss":0},{"damage_healed":0,"gold_gain":0,"player_choice":"Take Damage","damage_taken":16,"relics_obtained":["Golden Idol"],"max_hp_gain":0,"max_hp_loss":0,"event_name":"Golden Idol","floor":3,"gold_loss":0}],"is_beta":false,"boss_relics":[],"items_purged_floors":[],"is_endless":false,"potions_floor_spawned":[1,5],"killed_by":"3 Sentries","ascension_level":0}}