{"host":"cccop0r9ue4xv1s4","time":1608513073,"event":{"mods":["AchievementEnabler","BaseMod","Downfall","Marisa¡]Ãú«B¡@Å]²z¨F¡^","Minty Spire (QoL Compilation)","Quick Restart","Shop Mod","StSLib","SuperFastMode","The Servant 0.9.4"],"gold_per_floor":[99,99,99,99,99,99999,99999,100033,99883,99912,99940,100099,99261,98523,98550,98660,98660,98585,98594,98611,98620,98629,98645,98645,97821,97837,97837,97735,97747,97764,97777,97797,97907,97916,97916,97916,97916,97916,97933,97968,97968,97550,97550,97594,97287,97298,97316,97328,97350,97350,97350,97350,97378,97053,97053,97053],"floor_reached":57,"playtime":3459,"items_purged":["Slimebound:Icky","hexamod:Defend","Shame","hexamod:Strike+1"],"score":1416,"play_id":"ef4799dd-ed7c-476b-92fd-ddccafb913e4","local_time":"20201221091113","is_ascension_mode":true,"campfire_choices":[{"data":"hexamod:Sear","floor":1.0,"key":"SMITH"},{"data":"hexamod:Strike","floor":3.0,"key":"SMITH"},{"floor":9.0,"key":"RECALL"},{"data":"hexamod:SearingWound","floor":18.0,"key":"SMITH"},{"data":"Slimebound:CheckThePlaybook","floor":27.0,"key":"SMITH"},{"data":"1","floor":35.0,"key":"LIFT"},{"floor":43.0,"key":"REST"},{"data":"2","floor":55,"key":"LIFT"}],"circlet_count":0,"master_deck":["hexamod:Strike+1","hexamod:Strike+1","hexamod:Defend+1","hexamod:Defend+1","hexamod:Defend+1","hexamod:Sear+1","hexamod:Float+1","hexamod:RadiantFlame+1","hexamod:Hexaguard+1","hexamod:SpectersWail+1","hexamod:WildfireWeapon+1","hexamod:GhostflameBarrier+1","hexamod:CrushingStance+1","hexamod:NecessarySacrifice+1","hexamod:StepThrough+1","hexamod:EmpoweredFlame+1","hexamod:SearingWound+1","Slimebound:CheckThePlaybook+1","hexamod:NightmareGuise+1","hexamod:ExtraCrispy+1","hexamod:UnlimitedPower+1","hexamod:ExtraCrispy+1","hexamod:GhostflameInferno+1","CurseOfTheBell","hexamod:TimeOfNeed","hexamod:AdvancingGuard+1"],"relics":["hexamod:SpiritBrand","downfall:HeartsMalice","StrikeDummy","CeramicFish","Odd Mushroom","Darkstone Periapt","TungstenRod","MerchantsRug","ClockworkSouvenir","Pantograph","Art of War","hexamod:IceCube","Potion Belt","Dead Branch","HandDrill","Dream Catcher","InkBottle","Membership Card","Peace Pipe","Girya","Calling Bell","Blood Vial","Singing Bowl","Incense Burner","Blue Candle","Mummified Hand","Ice Cream","Meat on the Bone","Strange Spoon","Torii","Chemical X","Shuriken","Pear","Toolbox","Lizard Tail","Centennial Puzzle"],"acts_visited":["Exordium","TheCity","TheBeyond","TheEnding"],"potions_floor_usage":[44,56,56,56],"damage_taken":[{"damage":0.0,"enemies":"Small Slimes","floor":4.0,"turns":1.0},{"damage":0.0,"enemies":"Lagavulin","floor":6.0,"turns":1.0},{"damage":0.0,"enemies":"Gremlin Nob","floor":8.0,"turns":1.0},{"damage":0.0,"enemies":"Cultist","floor":10.0,"turns":3.0},{"damage":10.0,"enemies":"The Mushroom Lair","floor":11.0,"turns":4.0},{"damage":0.0,"enemies":"downfall:FleeingMerchant","floor":13.0,"turns":4.0},{"damage":1.0,"enemies":"downfall:FleeingMerchant","floor":14.0,"turns":4.0},{"damage":0.0,"enemies":"2 Louse","floor":15.0,"turns":2.0},{"damage":24.0,"enemies":"downfall:Silent","floor":16.0,"turns":6.0},{"damage":0.0,"enemies":"Spheric Guardian","floor":20.0,"turns":4.0},{"damage":2.0,"enemies":"Cultist and Chosen","floor":23.0,"turns":4.0},{"damage":6.0,"enemies":"downfall:FleeingMerchant","floor":25.0,"turns":4.0},{"damage":3.0,"enemies":"Shelled Parasite and Fungi","floor":26.0,"turns":4.0},{"damage":0.0,"enemies":"downfall:FleeingMerchant","floor":28.0,"turns":1.0},{"damage":4.0,"enemies":"Sentry and Sphere","floor":29.0,"turns":5.0},{"damage":1.0,"enemies":"Chosen and Byrds","floor":30.0,"turns":5.0},{"damage":14.0,"enemies":"Snecko","floor":31.0,"turns":4.0},{"damage":5.0,"enemies":"Snake Plant","floor":32.0,"turns":2.0},{"damage":10.0,"enemies":"downfall:Watcher","floor":33.0,"turns":6.0},{"damage":33.0,"enemies":"3 Darklings","floor":39.0,"turns":5.0},{"damage":35.0,"enemies":"Nemesis","floor":40.0,"turns":8.0},{"damage":30,"enemies":"Reptomancer","floor":44,"turns":5},{"damage":0,"enemies":"Orb Walker","floor":46,"turns":3},{"damage":7,"enemies":"Writhing Mass","floor":47,"turns":3},{"damage":6,"enemies":"Transient","floor":48,"turns":5},{"damage":12,"enemies":"4 Shapes","floor":49,"turns":5},{"damage":15,"enemies":"downfall:Ironclad","floor":51,"turns":7},{"damage":12,"enemies":"downfall:CharBossMerchant","floor":53,"turns":6},{"damage":30,"enemies":"downfall:NeowBoss","floor":56,"turns":16}],"seed_played":"-6215158931408364157","potions_obtained":[{"floor":6.0,"key":"SmokeBomb"},{"floor":8.0,"key":"champ:CounterPotion"},{"floor":26.0,"key":"Regen Potion"}],"is_trial":false,"path_per_floor":["R","?","R","M","?","E","T","E","R","M","?","?","$","$","M","B",null,"R","?","M","?","?","M","T","$","M","R","$","M","M","M","M","B",null,"R","?","?","?","M","E","T","$","R","E","$","M","M","M","M","M","B",null,"E","$","R","B",null],"character_chosen":"THE_SPIRIT","items_purchased":["Darkstone Periapt","TungstenRod","MerchantsRug","hexamod:GhostflameBarrier","SkillPotion","ClockworkSouvenir","Pantograph","Art of War","hexamod:NecessarySacrifice","hexamod:StepThrough","HandDrill","Dream Catcher","InkBottle","AttackPotion","Fire Potion","SpeedPotion","Membership Card","Peace Pipe","Girya","Ice Cream","Meat on the Bone","Strange Spoon","Regen Potion","Block Potion","AttackPotion","Chemical X","Shuriken","Block Potion","Toolbox","Lizard Tail","Centennial Puzzle","DistilledChaos"],"campfire_rested":1,"item_purchase_floors":[13,13,13,13,13,14,14,14,14,14,25,25,25,25,25,25,28,28,28,42,42,42,42,42,42,45,45,45,54,54,54,54],"current_hp_per_floor":[70,70,70,70,70,70,70,70,80,80,70,70,70,69,69,56,80,80,86,86,78,78,76,76,70,67,67,67,63,62,48,43,73,84,84,84,84,84,53,22,22,22,50,34,34,50,59,57,59,59,71,96,96,96,96,78],"gold":97053,"neow_bonus":"THREE_ENEMY_KILL","is_daily":false,"chose_seed":false,"campfire_upgraded":4,"win_rate":0.0,"timestamp":1608513073,"path_taken":["R","?","R","?","?","E","T","E","R","M","?","?","$","$","M","BOSS","R","?","M","?","?","?","T","$","M","R","$","M","M","M","M","BOSS","R","?","?","?","M","E","T","$","R","E","$","?","M","M","M","M","BOSS","E","$","R","BOSS"],"items_purchased_type":["Relic","Relic","Relic","Card","Potion","Relic","Relic","Relic","Card","Card","Relic","Relic","Relic","Potion","Potion","Potion","Relic","Relic","Relic","Relic","Relic","Relic","Potion","Potion","Potion","Relic","Relic","Potion","Relic","Relic","Relic","Potion"],"build_version":"2020-12-13","purchased_purges":4,"victory":true,"max_hp_per_floor":[70,70,70,70,70,70,70,70,80,80,80,80,80,80,80,80,80,80,86,86,78,78,78,78,78,78,78,78,78,78,78,78,78,84,84,84,84,84,86,88,88,88,90,90,90,92,94,96,96,96,96,96,108,108,108,108],"card_choices":[{"not_picked":["hexamod:BurningTouch","hexamod:Firestarter"],"picked":"hexamod:RadiantFlame","floor":4.0},{"not_picked":["hexamod:InspiringFlames","hexamod:FirstSeal"],"picked":"hexamod:Hexaguard","floor":6.0},{"not_picked":["hexamod:NightmareStrike","hexamod:NightmareGuise","hexamod:FourthSeal"],"picked":"SKIP","floor":8.0},{"not_picked":["hexamod:InspiringFlames","hexamod:SuperheatedStrike"],"picked":"hexamod:SpectersWail","floor":10.0},{"not_picked":["hexamod:NightmareStrike","hexamod:BacktrackSmack"],"picked":"hexamod:WildfireWeapon","floor":13.0},{"not_picked":["hexamod:Again","hexamod:PowerFromBeyond"],"picked":"hexamod:CrushingStance","floor":14.0},{"not_picked":["hexamod:Haunt","hexamod:GhostShield"],"picked":"hexamod:EmpoweredFlame","floor":15.0},{"not_picked":["hexamod:UnleashSpirits","hexamod:Toasty"],"picked":"hexamod:SearingWound","floor":16.0},{"not_picked":["hexamod:PhantomCloak+1","hexamod:AdvancingGuard","hexamod:SwordOfDarkness+1"],"picked":"SKIP","floor":20.0},{"not_picked":["hexamod:GhostLash","hexamod:ThermalTransfer","hexamod:GhostShield"],"picked":"SKIP","floor":23.0},{"not_picked":["hexamod:Toasty","hexamod:SpectersWail"],"picked":"hexamod:ExtraCrispy+1","floor":25.0},{"not_picked":["hexamod:GhostLash","hexamod:NightmareStrike+1","hexamod:AdvancingGuard"],"picked":"SKIP","floor":26.0},{"not_picked":["hexamod:GhostflameInferno","hexamod:SpectralAdrenaline+1"],"picked":"hexamod:UnlimitedPower","floor":28.0},{"not_picked":["hexamod:SpectersWail","hexamod:Hexaguard","hexamod:Rewind"],"picked":"SKIP","floor":29.0},{"not_picked":["hexamod:SoulSteal+1","hexamod:GhostflameBarrier","hexamod:ThirdSeal"],"picked":"SKIP","floor":30.0},{"not_picked":["hexamod:HeatShield+1","hexamod:GhostOfSpirePast+1","hexamod:SpectersWail"],"picked":"SKIP","floor":31.0},{"not_picked":["hexamod:HeatCrush+1","hexamod:SpectralAdrenaline"],"picked":"hexamod:ExtraCrispy","floor":32.0},{"not_picked":["hexamod:Toasty","hexamod:ApocalypticArmor"],"picked":"hexamod:GhostflameInferno","floor":33.0},{"not_picked":["hexamod:PowerFromBeyond","hexamod:SkipABeat+1","hexamod:GhostLash"],"picked":"Singing Bowl","floor":39.0},{"not_picked":["hexamod:GhostflameBarrier","hexamod:ShieldOfDarkness","hexamod:CatchUp+1"],"picked":"Singing Bowl","floor":40.0},{"not_picked":["hexamod:SpectersWail","hexamod:SwordOfDarkness+1","hexamod:ShieldOfDarkness"],"picked":"Singing Bowl","floor":43.0},{"not_picked":["hexamod:SoulSteal","hexamod:NightmareGuise+1"],"picked":"hexamod:TimeOfNeed","floor":44},{"not_picked":["hexamod:Incineration","hexamod:RainOfEmbers+1","hexamod:Hexaguard"],"picked":"Singing Bowl","floor":46},{"not_picked":["hexamod:EtherealExpedition+1","hexamod:HauntingEcho+1","hexamod:RecurringNightmare+1"],"picked":"Singing Bowl","floor":47},{"not_picked":["hexamod:SwordOfDarkness","hexamod:InspiringFlames+1","hexamod:SecondSeal"],"picked":"Singing Bowl","floor":48},{"not_picked":["hexamod:NightmareGuise+1","hexamod:FastForward"],"picked":"hexamod:AdvancingGuard+1","floor":49},{"not_picked":["hexamod:FastForward+1","hexamod:AdvancingGuard","hexamod:UnleashSpirits"],"picked":"Singing Bowl","floor":53}],"player_experience":295098,"relics_obtained":[{"floor":6.0,"key":"StrikeDummy"},{"floor":8.0,"key":"CeramicFish"},{"floor":11.0,"key":"Odd Mushroom"},{"floor":24.0,"key":"Dead Branch"},{"floor":34.0,"key":"Blood Vial"},{"floor":34.0,"key":"Singing Bowl"},{"floor":34.0,"key":"Incense Burner"},{"floor":40.0,"key":"Blue Candle"},{"floor":41.0,"key":"Mummified Hand"},{"floor":44,"key":"Torii"},{"floor":53,"key":"Pear"}],"event_choices":[{"damage_healed":0.0,"max_hp_gain":0.0,"max_hp_loss":0.0,"gold_gain":0.0,"event_name":"Accursed Blacksmith","player_choice":"Forge","floor":2.0,"gold_loss":0.0,"damage_taken":0.0,"cards_upgraded":["hexamod:Float"]},{"damage_healed":0.0,"max_hp_gain":0.0,"max_hp_loss":0.0,"gold_gain":0.0,"event_name":"Mushrooms","player_choice":"Fought Mushrooms","floor":11.0,"gold_loss":0.0,"damage_taken":0.0},{"damage_healed":0.0,"max_hp_gain":0.0,"max_hp_loss":0.0,"gold_gain":0.0,"event_name":"Addict","player_choice":"Stole Relic","floor":19.0,"gold_loss":0.0,"damage_taken":0.0,"relics_obtained":["Potion Belt"],"cards_obtained":["Shame"]},{"damage_healed":0.0,"max_hp_gain":0.0,"max_hp_loss":0.0,"gold_gain":0.0,"cards_transformed":["hexamod:Strike"],"event_name":"Transmorgrifier","player_choice":"Transformed","floor":22.0,"gold_loss":0.0,"damage_taken":0.0,"cards_obtained":["hexamod:NightmareGuise"]},{"damage_healed":0.0,"max_hp_gain":0.0,"max_hp_loss":0.0,"gold_gain":0.0,"event_name":"Upgrade Shrine","player_choice":"Ignored","floor":38.0,"gold_loss":0.0,"damage_taken":0.0}],"is_beta":false,"boss_relics":[{"not_picked":["Pandora\u0027s Box","Fusion Hammer"],"picked":"hexamod:IceCube"},{"not_picked":["Sozu","Runic Pyramid"],"picked":"Calling Bell"}],"items_purged_floors":[13,14,25,45],"is_endless":false,"potions_floor_spawned":[6,8,26,29,30,31,32,46,47,48],"ascension_level":1}}