{"host":"tvisvdzhdjky5zoz","time":1608568280,"event":{"mods":["Act Like it!","Alarm Clock","BaseMod","Colored Powertips","Conspire","Humility","Minty Spire (QoL Compilation)","Quick Restart","Replay The Spire","RumiaBox-露米娅的神秘盒子","Spicy Shops","StSLib","TestMod","Uncapped","Waifu the Spire","【功能Mod】Neow奖励","【功能Mod】混沌之环修复补丁","【遗物卡牌】REMEMod"],"gold_per_floor":[110,123,139,139,150,150,164,164,164],"floor_reached":8,"playtime":233,"items_purged":[],"score":100,"play_id":"a4c9129d-3654-456b-8540-c16b10a4b848","local_time":"20201222003120","is_ascension_mode":true,"campfire_choices":[{"data":"ReplayTheSpireMod:Brewmster","floor":6.0,"key":"SMITH"}],"circlet_count":0,"master_deck":["AscendersBane","Strike_R","Strike_R","Strike_R","Strike_R","Strike_R","Defend_R","Defend_R","Defend_R","Defend_R","Bash","CurseOfTheBell","ReplayTheSpireMod:Brewmster+1","Massacre","Cleave","Thunderclap","Pain","Spot Weakness"],"relics":["testmod-TestBox","REME_ComplimentaryCards","Calling Bell","Art of War","Quantum Egg","Durian","testmod-GiftOfSatan","WarpedTongs"],"acts_visited":["Exordium"],"potions_floor_usage":[8,8],"damage_taken":[{"damage":29.0,"enemies":"Jaw Worm","floor":1.0,"turns":4.0},{"damage":0.0,"enemies":"Cultist","floor":2.0,"turns":2.0},{"damage":0.0,"enemies":"Small Slimes","floor":3.0,"turns":1.0},{"damage":1.0,"enemies":"Exordium Wildlife","floor":5.0,"turns":2.0},{"damage":17.0,"enemies":"Looter","floor":7.0,"turns":3.0},{"damage":36,"enemies":"Gremlin Nob","floor":8,"turns":3}],"seed_played":"-24597532921262589","potions_obtained":[{"floor":2.0,"key":"ElixirPotion"},{"floor":3.0,"key":"Reflective Coating"}],"is_trial":false,"path_per_floor":["M","M","M","?","M","R","M","E"],"character_chosen":"IRONCLAD","items_purchased":[],"campfire_rested":0,"item_purchase_floors":[],"current_hp_per_floor":[46,52,52,52,51,51,34,0,0],"gold":164,"neow_bonus":"BOSS_RELIC","is_daily":false,"chose_seed":false,"campfire_upgraded":1,"win_rate":0.0,"timestamp":1608568280,"path_taken":["M","M","M","?","M","R","M","E"],"items_purchased_type":[],"build_version":"2020-12-13","purchased_purges":0,"victory":false,"max_hp_per_floor":[80,80,80,80,80,80,80,80,80],"card_choices":[{"not_picked":["ReplayTheSpireMod:Muscle Training","Armaments"],"picked":"Massacre","floor":1.0},{"not_picked":["Warcry","Run Through"],"picked":"Cleave","floor":2.0},{"not_picked":["Wild Strike","Clothesline"],"picked":"Thunderclap","floor":3.0},{"not_picked":["Thunderclap","Pummel"],"picked":"Spot Weakness","floor":5.0},{"not_picked":["Clash","ReplayTheSpireMod:Strike From Hell","Wild Strike"],"picked":"SKIP","floor":7.0}],"player_experience":51174,"relics_obtained":[{"floor":0.0,"key":"Art of War"},{"floor":0.0,"key":"Quantum Egg"},{"floor":0.0,"key":"Durian"}],"event_choices":[{"damage_healed":0.0,"max_hp_gain":0.0,"max_hp_loss":0.0,"gold_gain":0.0,"event_name":"Accursed Blacksmith","player_choice":"Rummage","floor":4.0,"gold_loss":0.0,"damage_taken":0.0,"relics_obtained":["WarpedTongs"],"cards_obtained":["Pain"]}],"is_beta":false,"boss_relics":[],"items_purged_floors":[],"is_endless":false,"potions_floor_spawned":[2,3,7],"killed_by":"Gremlin Nob","ascension_level":20}}