{"host":"ufl0k2so27eic2iy","time":1608539768,"event":{"mods":["BaseMod","Minty Spire (QoL Compilation)","StSLib","The Animator"],"gold_per_floor":[128,128,158,171,196,196,213,245,299,299,299,333,351,50,50,124,124,136,86,136,30,41,67,82,82,136,148,178,219,110,129,129,204,204,227,245,136,150,165,165,3,3,30,30,41,72,0,34,34,34,34,34,10,10,10],"floor_reached":54,"playtime":3144,"items_purged":["animator:Strike","animator:Strike","animator:Strike","animator:Strike_Konosuba"],"score":1289,"play_id":"7f39ac4e-b8e2-4f73-85f8-63c2eafdfd1f","local_time":"20201221083608","is_ascension_mode":true,"campfire_choices":[{"data":"animator:Scar","floor":6.0,"key":"SMITH"},{"data":"animator:ElricEdward","floor":10.0,"key":"SMITH"},{"floor":15.0,"key":"REST"},{"data":"animator:Zero","floor":25.0,"key":"SMITH"},{"data":"animator:DolaSchwi","floor":27,"key":"SMITH"},{"floor":32,"key":"REST"},{"floor":40,"key":"RECALL"},{"data":"animator:Envy","floor":42,"key":"SMITH"},{"data":"animator:Giselle","floor":44,"key":"SMITH"},{"floor":49,"key":"REST"},{"data":"animator:LeleiLaLalena","floor":52,"key":"SMITH"}],"circlet_count":0,"master_deck":["AscendersBane","animator:Defend_Konosuba","animator:Defend","animator:Defend","animator:Defend","animator:Kazuma","animator:Aqua+1","animator:RoryMercury+1","animator:SayakaMiki","animator:Scar+1","animator:Megumin+19","animator:ElricEdward+1","animator:OrikoMikuni","animator:LeleiLaLalena+1","animator:Giselle+1","animator:Kazuma","animator:Eve","animator:DolaSchwi+1","animator:Zero+1","animator:Kazuma","animator:IzunaHatsuse","animator:Darkness","animator:MarisaKirisame","animator:Envy+1","animator:Darkness","animator:Kazuma+1","animator:Arpeggio","animator:Arpeggio+1","animator:WinryRockbell","animator:WinryRockbell","animator:Aisha","animator:TukaLunaMarceau"],"relics":["animator:LivingPicture","animator:TheMissingPiece","Bronze Scales","Potion Belt","GremlinMask","Matryoshka","animator:CursedGlyph","Membership Card","animator:ShionDessert","Philosopher\u0027s Stone","Tiny Chest","MawBank","Regal Pillow","Bag of Marbles","SlaversCollar","OrangePellets","Pear","Omamori","Toy Ornithopter","Red Mask","Orichalcum"],"acts_visited":["Exordium","TheCity","TheBeyond","TheEnding"],"potions_floor_usage":[29,29,33,48,50,50],"damage_taken":[{"damage":0.0,"enemies":"Small Slimes","floor":1.0,"turns":5.0},{"damage":3.0,"enemies":"Cultist","floor":3.0,"turns":4.0},{"damage":6.0,"enemies":"2 Louse","floor":4.0,"turns":3.0},{"damage":9.0,"enemies":"2 Fungi Beasts","floor":5.0,"turns":3.0},{"damage":6.0,"enemies":"Blue Slaver","floor":7.0,"turns":4.0},{"damage":19.0,"enemies":"3 Sentries","floor":8.0,"turns":8.0},{"damage":6.0,"enemies":"Lagavulin","floor":12.0,"turns":9.0},{"damage":3.0,"enemies":"Lots of Slimes","floor":13.0,"turns":2.0},{"damage":1.0,"enemies":"The Guardian","floor":16.0,"turns":10.0},{"damage":5.0,"enemies":"Chosen","floor":18.0,"turns":4.0},{"damage":6.0,"enemies":"3 Byrds","floor":22.0,"turns":2.0},{"damage":13.0,"enemies":"Book of Stabbing","floor":23.0,"turns":6.0},{"damage":6.0,"enemies":"Cultist and Chosen","floor":24.0,"turns":5.0},{"damage":10,"enemies":"Snake Plant","floor":28,"turns":3},{"damage":9,"enemies":"Gremlin Leader","floor":29,"turns":6},{"damage":0,"enemies":"Chosen and Byrds","floor":31,"turns":6},{"damage":18,"enemies":"Automaton","floor":33,"turns":9},{"damage":0,"enemies":"Orb Walker","floor":35,"turns":3},{"damage":0,"enemies":"3 Shapes","floor":36,"turns":4},{"damage":1,"enemies":"Spire Growth","floor":38,"turns":6},{"damage":16,"enemies":"Maw","floor":39,"turns":8},{"damage":0,"enemies":"Sphere and 2 Shapes","floor":45,"turns":3},{"damage":43,"enemies":"Giant Head","floor":46,"turns":10},{"damage":4,"enemies":"Reptomancer","floor":48,"turns":5},{"damage":33,"enemies":"Awakened One","floor":50,"turns":15},{"damage":72,"enemies":"Shield and Spear","floor":54,"turns":3}],"seed_played":"1043156138059735672","potions_obtained":[{"floor":3.0,"key":"Weak Potion"},{"floor":5.0,"key":"Swift Potion"},{"floor":8.0,"key":"LiquidMemories"},{"floor":12.0,"key":"SteroidPotion"},{"floor":18.0,"key":"AttackPotion"},{"floor":24.0,"key":"SkillPotion"},{"floor":28,"key":"animator:FalseLifePotion"},{"floor":38,"key":"Energy Potion"},{"floor":39,"key":"BlessingOfTheForge"},{"floor":48,"key":"Fire Potion"}],"is_trial":false,"path_per_floor":["M","?","M","M","M","R","M","E","T","R","?","E","M","$","R","B",null,"M","$","?","$","M","E","M","R","T","R","M","E","$","M","R","B",null,"M","M","$","M","M","R","$","R","T","R","M","E","?","E","R","B",null,"R","$","E"],"character_chosen":"THE_ANIMATOR","items_purchased":["Membership Card","animator:ShionDessert","animator:Kazuma","animator:Megumin","animator:Zero","animator:Darkness","AttackPotion","animator:WinryRockbell","OrangePellets","Pear","animator:TukaLunaMarceau","Dexterity Potion","Dexterity Potion"],"campfire_rested":3,"item_purchase_floors":[14,14,14,14,21,30,30,37,37,41,41,41,53],"current_hp_per_floor":[57,57,57,54,48,48,45,30,30,30,30,28,28,28,45,47,55,53,53,53,53,47,37,35,35,35,35,28,22,22,25,57,41,55,58,59,59,58,43,43,53,53,53,53,53,13,13,21,56,36,61,61,61,0,0],"gold":10,"neow_bonus":"UPGRADE_CARD","is_daily":false,"chose_seed":true,"campfire_upgraded":7,"win_rate":0.0,"timestamp":1608539768,"path_taken":["M","?","M","M","?","R","M","E","T","R","?","E","M","$","R","BOSS","M","$","?","$","M","E","M","R","T","R","M","E","$","M","R","BOSS","M","M","$","M","M","R","$","R","T","R","M","E","?","E","R","BOSS","R","$","E"],"items_purchased_type":["Relic","Relic","Card","Card","Card","Card","Potion","Card","Relic","Relic","Card","Potion","Potion"],"build_version":"2020-12-13","purchased_purges":4,"victory":false,"max_hp_per_floor":[60,60,60,60,60,60,60,61,61,61,61,62,58,58,58,58,58,58,58,58,58,58,58,59,59,59,59,59,59,59,59,59,59,59,59,59,59,59,59,59,69,69,69,69,69,69,69,69,69,69,69,69,69,69,69],"card_choices":[{"not_picked":["animator:OrikoMikuni","animator:Add"],"picked":"animator:RoryMercury","floor":1.0},{"not_picked":["animator:ElricAlphonse","animator:Verdia"],"picked":"animator:SayakaMiki","floor":3.0},{"not_picked":["animator:Verdia","animator:Aqua"],"picked":"animator:Scar","floor":4.0},{"not_picked":["animator:Chris","animator:Darkness"],"picked":"animator:Megumin","floor":5.0},{"not_picked":["animator:MaesHughes","animator:MamiTomoe"],"picked":"animator:ElricEdward","floor":7.0},{"not_picked":["animator:MaesHughes","animator:Ara"],"picked":"animator:OrikoMikuni","floor":8.0},{"not_picked":["animator:Laby","animator:ReimuHakurei"],"picked":"animator:LeleiLaLalena","floor":12.0},{"not_picked":["animator:LeleiLaLalena","animator:YaoHaDucy"],"picked":"animator:Giselle","floor":13.0},{"not_picked":["animator:Hans","animator:Kyubey"],"picked":"animator:Eve","floor":16.0},{"not_picked":["animator:ElricAlphonse","animator:Mitsurugi"],"picked":"animator:DolaSchwi","floor":18.0},{"not_picked":["animator:Ciel","animator:YachiyoNanami"],"picked":"animator:Kazuma","floor":22.0},{"not_picked":["animator:Jibril+1","animator:RoryMercury"],"picked":"animator:IzunaHatsuse","floor":23.0},{"not_picked":["animator:Kazuma","animator:Chris"],"picked":"animator:Darkness","floor":24.0},{"not_picked":["animator:MaesHughes","animator:AliceMargatroid"],"picked":"animator:MarisaKirisame","floor":28},{"not_picked":["animator:ChlammyZell","animator:Megumin"],"picked":"animator:Envy","floor":29},{"not_picked":["animator:Verdia","animator:RoryMercury"],"picked":"animator:Kazuma+1","floor":31},{"not_picked":["animator:Tyuule","animator:RoryMercury"],"picked":"animator:Arpeggio","floor":35},{"not_picked":["animator:MamiTomoe","animator:FielNirvalen"],"picked":"animator:Arpeggio+1","floor":36},{"not_picked":["animator:Aqua","animator:WinryRockbell","animator:MamiTomoe"],"picked":"SKIP","floor":38},{"not_picked":["animator:Aqua","animator:MamiTomoe"],"picked":"animator:WinryRockbell","floor":38},{"not_picked":["animator:DolaRiku+1","animator:Clownpiece"],"picked":"animator:Aisha","floor":39},{"not_picked":["animator:Jibril","animator:Kyubey","animator:Tet"],"picked":"SKIP","floor":46},{"not_picked":["animator:Jibril","animator:YaoHaDucy","animator:Kuribayashi+1"],"picked":"SKIP","floor":48}],"player_experience":2340128,"relics_obtained":[{"floor":8.0,"key":"Bronze Scales"},{"floor":9.0,"key":"Potion Belt"},{"floor":12.0,"key":"Matryoshka"},{"floor":13.0,"key":"animator:CursedGlyph"},{"floor":23.0,"key":"Tiny Chest"},{"floor":26.0,"key":"MawBank"},{"floor":26.0,"key":"Regal Pillow"},{"floor":29,"key":"Bag of Marbles"},{"floor":43,"key":"Omamori"},{"floor":46,"key":"Toy Ornithopter"},{"floor":48,"key":"Orichalcum"}],"event_choices":[{"damage_healed":0.0,"max_hp_gain":0.0,"max_hp_loss":0.0,"gold_gain":0.0,"event_name":"Upgrade Shrine","player_choice":"Upgraded","floor":2.0,"gold_loss":0.0,"damage_taken":0.0,"cards_upgraded":["animator:RoryMercury"]},{"damage_healed":0.0,"max_hp_gain":0.0,"max_hp_loss":0.0,"gold_gain":0.0,"event_name":"FaceTrader","player_choice":"Trade","floor":11.0,"gold_loss":0.0,"damage_taken":0.0,"relics_obtained":["GremlinMask"]},{"damage_healed":0.0,"max_hp_gain":0.0,"max_hp_loss":0.0,"gold_gain":50.0,"event_name":"Nest","player_choice":"Stole From Cult","floor":20.0,"gold_loss":0.0,"damage_taken":0.0},{"damage_healed":0,"gold_gain":0,"player_choice":"Paid","damage_taken":0,"relics_obtained":["Red Mask"],"max_hp_gain":0,"max_hp_loss":0,"event_name":"Tomb of Lord Red Mask","floor":47,"gold_loss":72}],"is_beta":false,"boss_relics":[{"not_picked":["Astrolabe","Mark of Pain"],"picked":"Philosopher\u0027s Stone"},{"not_picked":["Sozu","Empty Cage"],"picked":"SlaversCollar"}],"items_purged_floors":[14,19,21,30],"is_endless":false,"potions_floor_spawned":[3,5,8,12,18,24,28,38,39,45,48],"killed_by":"Shield and Spear","ascension_level":15}}