{"host":"xodzlm10r37577ou","time":1608555578,"event":{"mods":["Act Like it!","BaseMod","Gensokyo","Koishi","Marisa（F雨　魔理沙）","Minty Spire (QoL Compilation)","Reimu（博丽灵梦）","Replay The Spire","StSLib","【东方二次创作】八云紫mod"],"gold_per_floor":[114,114,114,134,149,149,149],"floor_reached":6,"playtime":109,"items_purged":[],"score":38,"play_id":"a7ddbb04-801b-4330-875b-95800ab475e5","local_time":"20201221205938","is_ascension_mode":true,"campfire_choices":[],"circlet_count":0,"master_deck":["Strike_Lin:ReiMu","Strike_Lin:ReiMu","Strike_Lin:ReiMu","Strike_Lin:ReiMu","Defend_Lin:ReiMu","Defend_Lin:ReiMu","Defend_Lin:ReiMu","Defend_Lin:ReiMu","NB:ReiMu","Stagnation:ReiMu","Looming Evil","SubAcupoint:ReiMu","RainPray2:ReiMu"],"relics":["FlyPower:ReiMu","NeowsBlessing","Ring of Hypnosis","Ring of Searing","Blue Candle"],"acts_visited":["Exordium"],"potions_floor_usage":[],"damage_taken":[{"damage":0,"enemies":"2 Louse","floor":1,"turns":1},{"damage":5,"enemies":"Small Slimes","floor":4,"turns":2},{"damage":0,"enemies":"Cultist","floor":5,"turns":1},{"damage":13,"enemies":"3 Sentries","floor":6,"turns":3}],"seed_played":"-8304076780806660637","potions_obtained":[{"floor":1,"key":"Adrenaline Potion"},{"floor":5,"key":"Ancient Potion"}],"is_trial":false,"path_per_floor":["M","?","?","M","M","E"],"character_chosen":"REIMU","items_purchased":[],"campfire_rested":0,"item_purchase_floors":[],"current_hp_per_floor":[65,65,65,60,60,47,47],"gold":149,"neow_bonus":"THREE_ENEMY_KILL","is_daily":false,"chose_seed":false,"campfire_upgraded":0,"win_rate":0.0,"timestamp":1608555578,"path_taken":["M","?","?","M","?","E"],"items_purchased_type":[],"build_version":"2020-12-13","purchased_purges":0,"victory":false,"max_hp_per_floor":[65,65,65,65,65,65,65],"card_choices":[{"not_picked":["KamiSacrifice:ReiMu","SubcavityInstant:ReiMu"],"picked":"AirStrike:ReiMu","floor":1},{"not_picked":["YinYangSign:ReiMu","BarrageOfMoneybags:ReiMu"],"picked":"SubAcupoint:ReiMu","floor":4},{"not_picked":["Intuition:ReiMu","WonderfulDomain:ReiMu"],"picked":"RainPray2:ReiMu","floor":5}],"player_experience":580540,"relics_obtained":[{"floor":2,"key":"Ring of Hypnosis"},{"floor":2,"key":"Ring of Searing"}],"event_choices":[{"cards_removed":["AirStrike:ReiMu"],"damage_healed":0,"gold_gain":0,"player_choice":"Gave Card","damage_taken":0,"relics_obtained":["Blue Candle"],"max_hp_gain":0,"max_hp_loss":0,"event_name":"WeMeetAgain","floor":3,"gold_loss":0}],"is_beta":false,"boss_relics":[],"items_purged_floors":[],"is_endless":false,"potions_floor_spawned":[1,5],"killed_by":"3 Sentries","ascension_level":1}}