{"host":"51f0ad793vly1w6u","time":1608535137,"event":{"mods":["BaseMod","Colored Map","DeckTracker","Minty Spire (QoL Compilation)","StSLib","SuperFastMode"],"gold_per_floor":[117,117,137,150,200,200,234,234,259,289,300,318,318,35,35,107,107,121,136,136,136,153,183,183,208,208,222,222,233,233,233,233,233,233],"floor_reached":33,"playtime":493,"items_purged":[],"score":590,"play_id":"eebd0ba6-f82a-4393-9d08-cd1342da1f9f","local_time":"20201221161857","is_ascension_mode":true,"campfire_choices":[{"data":"Whirlwind","floor":6.0,"key":"SMITH"},{"data":"Shockwave","floor":8.0,"key":"SMITH"},{"data":"Perfected Strike","floor":13.0,"key":"SMITH"},{"data":"Seeing Red","floor":15.0,"key":"SMITH"},{"floor":24.0,"key":"RECALL"},{"floor":28.0,"key":"REST"},{"floor":30.0,"key":"REST"},{"floor":32.0,"key":"REST"}],"circlet_count":0,"master_deck":["AscendersBane","Strike_R+1","Strike_R+1","Strike_R+1","Strike_R+1","Strike_R+1","Defend_R+1","Defend_R+1","Defend_R+1","Bash","Shrug It Off","Whirlwind+1","Perfected Strike+1","Shockwave+1","Wild Strike","Seeing Red+1","Feed+1","Second Wind","Dark Embrace+1","Dual Wield","Perfected Strike+1"],"relics":["Burning Blood","NeowsBlessing","Happy Flower","Centennial Puzzle","Vajra","Molten Egg 2","Fusion Hammer","Kunai","Sundial","Gremlin Horn"],"acts_visited":["Exordium","TheCity"],"potions_floor_usage":[33,33],"damage_taken":[{"damage":0.0,"enemies":"2 Louse","floor":1.0,"turns":1.0},{"damage":0.0,"enemies":"Small Slimes","floor":3.0,"turns":2.0},{"damage":0.0,"enemies":"Cultist","floor":4.0,"turns":1.0},{"damage":32.0,"enemies":"Lagavulin","floor":7.0,"turns":6.0},{"damage":8.0,"enemies":"Gremlin Nob","floor":10.0,"turns":3.0},{"damage":5.0,"enemies":"Red Slaver","floor":11.0,"turns":3.0},{"damage":6.0,"enemies":"Looter","floor":12.0,"turns":2.0},{"damage":20.0,"enemies":"Slime Boss","floor":16.0,"turns":7.0},{"damage":11.0,"enemies":"2 Thieves","floor":18.0,"turns":2.0},{"damage":3.0,"enemies":"3 Byrds","floor":19.0,"turns":4.0},{"damage":5.0,"enemies":"Snecko","floor":22.0,"turns":5.0},{"damage":7.0,"enemies":"Book of Stabbing","floor":23.0,"turns":3.0},{"damage":61.0,"enemies":"Gremlin Leader","floor":25.0,"turns":5.0},{"damage":14.0,"enemies":"Cultist and Chosen","floor":27.0,"turns":4.0},{"damage":10.0,"enemies":"Snake Plant","floor":29.0,"turns":2.0},{"damage":116,"enemies":"Champ","floor":33,"turns":10}],"seed_played":"9137221440398191040","potions_obtained":[{"floor":3.0,"key":"Dexterity Potion"},{"floor":4.0,"key":"Energy Potion"},{"floor":12.0,"key":"Energy Potion"},{"floor":16.0,"key":"ColorlessPotion"},{"floor":19.0,"key":"SteroidPotion"},{"floor":22.0,"key":"SpeedPotion"},{"floor":27.0,"key":"LiquidBronze"}],"is_trial":false,"path_per_floor":["M","?","M","M","?","R","E","R","T","E","M","M","R","$","R","B",null,"M","M","?","?","M","E","R","E","T","M","R","M","R","?","R","B"],"character_chosen":"IRONCLAD","items_purchased":["Molten Egg 2"],"campfire_rested":3,"item_purchase_floors":[14],"current_hp_per_floor":[74,67,73,75,75,75,49,49,49,47,48,48,48,48,48,34,65,64,71,71,71,72,71,71,20,20,12,38,38,65,65,91,0,0],"gold":233,"neow_bonus":"THREE_ENEMY_KILL","is_daily":false,"chose_seed":false,"campfire_upgraded":4,"win_rate":0.0,"timestamp":1608535137,"path_taken":["M","?","M","M","?","R","E","R","T","E","M","?","R","?","R","BOSS","M","M","?","?","M","E","R","E","T","M","R","M","R","?","R","BOSS"],"items_purchased_type":["Relic"],"build_version":"2020-12-13","purchased_purges":0,"victory":false,"max_hp_per_floor":[75,75,75,75,75,75,75,75,75,75,75,75,75,75,75,75,75,79,83,83,83,83,83,83,87,87,87,87,91,91,91,91,91,91],"card_choices":[{"not_picked":["Heavy Blade","Rupture"],"picked":"Shrug It Off","floor":1.0},{"not_picked":["Headbutt","Body Slam"],"picked":"Whirlwind","floor":3.0},{"not_picked":["Thunderclap","Warcry"],"picked":"Perfected Strike","floor":4.0},{"not_picked":["Sentinel","Sword Boomerang"],"picked":"Shockwave","floor":7.0},{"not_picked":["Fiend Fire","Blood for Blood"],"picked":"Wild Strike","floor":10.0},{"not_picked":["Clothesline","Thunderclap"],"picked":"Seeing Red","floor":11.0},{"not_picked":["Anger","Body Slam","Iron Wave"],"picked":"SKIP","floor":12.0},{"not_picked":["Bludgeon+1","Brutality"],"picked":"Feed+1","floor":16.0},{"not_picked":["Rage","Cleave+1"],"picked":"Second Wind","floor":18.0},{"not_picked":["Anger+1","Clothesline+1"],"picked":"Dark Embrace+1","floor":19.0},{"not_picked":["Thunderclap+1","Warcry","Headbutt+1"],"picked":"SKIP","floor":22.0},{"not_picked":["Metallicize","Headbutt+1","Dark Embrace"],"picked":"SKIP","floor":23.0},{"not_picked":["Heavy Blade+1","Sword Boomerang+1"],"picked":"Dual Wield","floor":25.0},{"not_picked":["Anger+1","Flex"],"picked":"Perfected Strike+1","floor":27.0},{"not_picked":["Infernal Blade","Body Slam+1","Juggernaut"],"picked":"SKIP","floor":29.0}],"player_experience":1371654,"relics_obtained":[{"floor":7.0,"key":"Happy Flower"},{"floor":9.0,"key":"Centennial Puzzle"},{"floor":10.0,"key":"Vajra"},{"floor":23.0,"key":"Kunai"},{"floor":25.0,"key":"Sundial"},{"floor":26.0,"key":"Gremlin Horn"}],"event_choices":[{"cards_removed":["Defend_R"],"damage_healed":0.0,"max_hp_gain":0.0,"max_hp_loss":0.0,"gold_gain":0.0,"event_name":"Golden Wing","player_choice":"Card Removal","floor":2.0,"gold_loss":0.0,"damage_taken":7.0},{"damage_healed":0.0,"max_hp_gain":0.0,"max_hp_loss":0.0,"gold_gain":50.0,"event_name":"Golden Shrine","player_choice":"Pray","floor":5.0,"gold_loss":0.0,"damage_taken":0.0},{"damage_healed":0.0,"max_hp_gain":0.0,"max_hp_loss":0.0,"gold_gain":0.0,"event_name":"Back to Basics","player_choice":"Simplicity","floor":20.0,"gold_loss":0.0,"damage_taken":0.0,"cards_upgraded":["Strike_R","Strike_R","Strike_R","Strike_R","Strike_R","Defend_R","Defend_R","Defend_R"]},{"damage_healed":0.0,"max_hp_gain":0.0,"max_hp_loss":0.0,"gold_gain":0.0,"event_name":"Ghosts","player_choice":"Ignored","floor":21.0,"gold_loss":0.0,"damage_taken":0.0},{"damage_healed":0.0,"max_hp_gain":0.0,"max_hp_loss":0.0,"gold_gain":0.0,"event_name":"Beggar","player_choice":"Ignored","floor":31.0,"gold_loss":0.0,"damage_taken":0.0}],"is_beta":false,"boss_relics":[{"not_picked":["Mark of Pain","Busted Crown"],"picked":"Fusion Hammer"}],"items_purged_floors":[],"is_endless":false,"potions_floor_spawned":[3,4,12,16,19,22,27],"killed_by":"Champ","ascension_level":20}}