{"host":"7pe9xwx78c6nlay8","time":1608548544,"event":{"mods":["BaseMod","Minty Spire (QoL Compilation)"],"gold_per_floor":[361,436,73,93,111,141,151,151,201,217,317,303,303,320,320,425,425,441,125,145,158,173,173,173],"floor_reached":23,"playtime":873,"items_purged":["Defend_P","Strike_P"],"score":305,"play_id":"2ba5d74d-1d29-4acb-b24b-9c8b71cc657e","local_time":"20201221190224","is_ascension_mode":true,"campfire_choices":[{"floor":8,"key":"REST"},{"floor":13,"key":"REST"},{"floor":15,"key":"REST"}],"circlet_count":0,"master_deck":["AscendersBane","Strike_P","Defend_P","Defend_P","Eruption","Vigilance","PathToVictory","ThirdEye","Nirvana","Nirvana","DeusExMachina","Conclude+1","Prostrate+1","ReachHeaven+1","CutThroughFate","Wireheading","ThirdEye"],"relics":["PureWater","Pantograph","Yang","Boot","Astrolabe","Bronze Scales"],"acts_visited":["Exordium","TheCity"],"potions_floor_usage":[12,16],"damage_taken":[{"damage":4.0,"enemies":"Jaw Worm","floor":1.0,"turns":5.0},{"damage":1.0,"enemies":"Cultist","floor":4.0,"turns":3.0},{"damage":0.0,"enemies":"Small Slimes","floor":5.0,"turns":2.0},{"damage":17.0,"enemies":"Lagavulin","floor":6.0,"turns":5.0},{"damage":2,"enemies":"Blue Slaver","floor":7,"turns":4},{"damage":3,"enemies":"2 Fungi Beasts","floor":10,"turns":4},{"damage":15,"enemies":"Exordium Thugs","floor":12,"turns":4},{"damage":11,"enemies":"Looter","floor":14,"turns":4},{"damage":31,"enemies":"The Guardian","floor":16,"turns":12},{"damage":8,"enemies":"3 Byrds","floor":18,"turns":3},{"damage":2,"enemies":"Spheric Guardian","floor":20,"turns":4},{"damage":16,"enemies":"Snecko","floor":21,"turns":6},{"damage":5,"enemies":"Snake Plant","floor":22,"turns":5},{"damage":33,"enemies":"Book of Stabbing","floor":23,"turns":4}],"seed_played":"4006012229793426246","potions_obtained":[{"floor":5.0,"key":"SteroidPotion"},{"floor":7,"key":"StancePotion"},{"floor":10,"key":"SteroidPotion"},{"floor":14,"key":"AttackPotion"},{"floor":18,"key":"FearPotion"}],"is_trial":false,"path_per_floor":["M","?","$","M","M","E","M","R","T","M","?","M","R","M","R","B",null,"M","$","M","M","M","E"],"character_chosen":"WATCHER","items_purchased":["PathToVictory","Pantograph","Wireheading","Bronze Scales"],"campfire_rested":3,"item_purchase_floors":[3,3,19,19],"current_hp_per_floor":[43,32,32,31,31,14,12,33,33,30,30,15,36,25,46,40,64,56,56,54,38,33,0,0],"gold":173,"neow_bonus":"TWO_FIFTY_GOLD","is_daily":false,"chose_seed":false,"campfire_upgraded":0,"win_rate":0.0,"timestamp":1608548544,"path_taken":["M","?","$","M","M","E","M","R","T","M","?","M","R","?","R","BOSS","M","$","?","M","M","E"],"items_purchased_type":["Card","Relic","Card","Relic"],"build_version":"2020-12-13","purchased_purges":2,"victory":false,"max_hp_per_floor":[72,72,72,72,72,72,72,72,72,72,72,72,72,72,72,72,72,72,72,72,72,72,72,72],"card_choices":[{"not_picked":["SashWhip","FollowUp","Swivel"],"picked":"SKIP","floor":1.0},{"not_picked":["Fasting2","CutThroughFate"],"picked":"ThirdEye","floor":4.0},{"not_picked":["Wallop","ThirdEye"],"picked":"Nirvana","floor":5.0},{"not_picked":["Protect","InnerPeace","WindmillStrike"],"picked":"SKIP","floor":6.0},{"not_picked":["SashWhip","Protect","Fasting2"],"picked":"SKIP","floor":7},{"not_picked":["Fasting2","SashWhip"],"picked":"Nirvana","floor":10},{"not_picked":["ClearTheMind","EmptyFist","Crescendo"],"picked":"SKIP","floor":12},{"not_picked":["EmptyMind","Prostrate","EmptyFist"],"picked":"SKIP","floor":14},{"not_picked":["Wish","Blasphemy"],"picked":"DeusExMachina","floor":16},{"not_picked":["Swivel","Meditate"],"picked":"CutThroughFate","floor":18},{"not_picked":["FlurryOfBlows","Meditate","BattleHymn"],"picked":"SKIP","floor":20},{"not_picked":["Halt","PathToVictory"],"picked":"ThirdEye","floor":21},{"not_picked":["Adaptation","CrushJoints","CarveReality"],"picked":"SKIP","floor":22}],"player_experience":1549221,"relics_obtained":[{"floor":6.0,"key":"Yang"},{"floor":9,"key":"Boot"}],"event_choices":[{"damage_healed":0.0,"max_hp_gain":0.0,"max_hp_loss":0.0,"gold_gain":75.0,"event_name":"World of Goop","player_choice":"Gather Gold","floor":2.0,"gold_loss":0.0,"damage_taken":11.0},{"damage_healed":0,"gold_gain":100,"player_choice":"Pray","damage_taken":0,"max_hp_gain":0,"max_hp_loss":0,"event_name":"Golden Shrine","floor":11,"gold_loss":0}],"is_beta":false,"boss_relics":[{"not_picked":["Pandora\u0027s Box","Fusion Hammer"],"picked":"Astrolabe"}],"items_purged_floors":[3,19],"is_endless":false,"potions_floor_spawned":[5,7,10,14,18],"killed_by":"Book of Stabbing","ascension_level":11}}