{"host":"wshh0nphwn6jv7vj","time":1608527708,"event":{"mods":["BaseMod","Bestiary","Minty Spire (QoL Compilation)"],"gold_per_floor":[114,39,59,8,27,27,59,77,122,122,137,137,164,176,176,247,247,261,261,261,261,43,43,43],"floor_reached":23,"playtime":1468,"items_purged":["Defend_P"],"score":348,"play_id":"95b2419d-849f-4eee-9a63-e79144634640","local_time":"20201221001508","is_ascension_mode":true,"campfire_choices":[{"data":"WindmillStrike","floor":6,"key":"SMITH"},{"data":"Perseverance","floor":12,"key":"SMITH"},{"data":"Consecrate","floor":15,"key":"SMITH"}],"circlet_count":0,"master_deck":["AscendersBane","Strike_P","Defend_P","Defend_P","Defend_P","Eruption","Vigilance","Perseverance+1","WindmillStrike+1","Consecrate+1","CutThroughFate","Establishment","FlyingSleeves","Study","FearNoEvil","DeusExMachina","FlurryOfBlows","Ghostly","Ghostly","Ghostly","EmptyFist","FlyingSleeves"],"relics":["PureWater","NeowsBlessing","StrikeDummy","Orichalcum","Akabeko","VioletLotus","OrangePellets"],"acts_visited":["Exordium","TheCity"],"potions_floor_usage":[8,11,16,18],"damage_taken":[{"damage":0,"enemies":"2 Louse","floor":1,"turns":2},{"damage":0,"enemies":"Small Slimes","floor":3,"turns":1},{"damage":0,"enemies":"Jaw Worm","floor":5,"turns":1},{"damage":16,"enemies":"Gremlin Nob","floor":7,"turns":3},{"damage":3,"enemies":"Exordium Wildlife","floor":8,"turns":4},{"damage":4,"enemies":"Gremlin Gang","floor":11,"turns":4},{"damage":15,"enemies":"3 Sentries","floor":13,"turns":7},{"damage":7,"enemies":"Lots of Slimes","floor":14,"turns":2},{"damage":1,"enemies":"Hexaghost","floor":16,"turns":7},{"damage":22,"enemies":"2 Thieves","floor":18,"turns":4},{"damage":35,"enemies":"Slavers","floor":23,"turns":2}],"seed_played":"-1882065000712654092","potions_obtained":[{"floor":5,"key":"Ambrosia"},{"floor":7,"key":"CultistPotion"},{"floor":8,"key":"LiquidMemories"},{"floor":13,"key":"StancePotion"}],"is_trial":false,"path_per_floor":["M","?","M","$","M","R","E","M","T","?","M","R","E","M","R","B",null,"M","?","?","?","$","E"],"character_chosen":"WATCHER","items_purchased":["Consecrate","OrangePellets"],"campfire_rested":0,"item_purchase_floors":[4,22],"current_hp_per_floor":[61,61,61,61,61,61,45,42,42,42,38,38,23,16,16,15,55,33,33,33,33,33,0,0],"gold":43,"neow_bonus":"THREE_ENEMY_KILL","is_daily":false,"chose_seed":false,"campfire_upgraded":3,"win_rate":0.0,"timestamp":1608527708,"path_taken":["M","?","M","$","M","R","E","M","T","?","M","R","E","M","R","BOSS","M","?","?","?","$","E"],"items_purchased_type":["Card","Relic"],"build_version":"2020-12-13","purchased_purges":1,"victory":false,"max_hp_per_floor":[68,68,68,68,68,68,68,68,68,68,68,68,68,68,68,68,68,68,34,34,34,34,34,34],"card_choices":[{"not_picked":["Crescendo","Protect"],"picked":"Perseverance","floor":1},{"not_picked":["Halt","DeceiveReality"],"picked":"WindmillStrike","floor":3},{"not_picked":["PathToVictory","EmptyFist"],"picked":"CutThroughFate","floor":5},{"not_picked":["FearNoEvil","Worship"],"picked":"Establishment","floor":7},{"not_picked":["PathToVictory","CrushJoints"],"picked":"FlyingSleeves","floor":8},{"not_picked":["Halt","Weave"],"picked":"Study","floor":11},{"not_picked":["FlyingSleeves","Consecrate"],"picked":"FearNoEvil","floor":13},{"not_picked":["PathToVictory","ThirdEye","EmptyBody"],"picked":"SKIP","floor":14},{"not_picked":["Brilliance","Establishment"],"picked":"DeusExMachina","floor":16},{"not_picked":["CrushJoints","Crescendo"],"picked":"FlurryOfBlows","floor":18}],"player_experience":1458576,"relics_obtained":[{"floor":7,"key":"StrikeDummy"},{"floor":9,"key":"Orichalcum"},{"floor":13,"key":"Akabeko"}],"event_choices":[{"cards_removed":["Strike_P"],"damage_healed":0,"gold_gain":0,"player_choice":"Card Removal","damage_taken":0,"max_hp_gain":0,"max_hp_loss":0,"event_name":"The Cleric","floor":2,"gold_loss":75},{"damage_healed":0,"gold_gain":0,"player_choice":"Ignored","damage_taken":0,"max_hp_gain":0,"max_hp_loss":0,"event_name":"Liars Game","floor":10,"gold_loss":0},{"damage_healed":0,"gold_gain":0,"player_choice":"Became a Ghost","damage_taken":0,"max_hp_gain":0,"max_hp_loss":34,"event_name":"Ghosts","floor":19,"gold_loss":0,"cards_obtained":["Ghostly","Ghostly","Ghostly"]},{"damage_healed":0,"gold_gain":0,"cards_transformed":["Strike_P","Strike_P"],"player_choice":"Became Test Subject","damage_taken":0,"max_hp_gain":0,"max_hp_loss":0,"event_name":"Drug Dealer","floor":20,"gold_loss":0,"cards_obtained":["EmptyFist","FlyingSleeves"]},{"damage_healed":0,"gold_gain":0,"player_choice":"Ignored","damage_taken":0,"max_hp_gain":0,"max_hp_loss":0,"event_name":"Vampires","floor":21,"gold_loss":0}],"is_beta":false,"boss_relics":[{"not_picked":["Ectoplasm","Sozu"],"picked":"VioletLotus"}],"items_purged_floors":[22],"is_endless":false,"potions_floor_spawned":[5,7,8,13],"killed_by":"Slavers","ascension_level":15}}