{"host":"f7rb14kzcw8hx1r1","time":1608587782,"event":{"mods":["BaseMod","Better Note","Better Third Choice","Colored Map","Highlight Path","Hubris","Minty Spire (QoL Compilation)","Replay The Spire","StSLib"],"gold_per_floor":[116,209,23,23,39,74,74,108,108,119,132,164,164,181,181,278,278,289,303,47,407,426,426,441,441,441,454,195,209,209,227,227,329,329,340,340,358,358,358,358,390,240,240,253,253,267,128,157,157,157],"floor_reached":51,"playtime":2456,"items_purged":["Strike_G","Strike_G","Strike_G","Venomology"],"score":774,"play_id":"1cd00073-8e1d-4e4e-9f1f-50189d119f4b","local_time":"20201221225622","is_ascension_mode":false,"campfire_choices":[{"data":"Beam Cell","floor":7,"key":"SMITH"},{"data":"Finisher","floor":13,"key":"SMITH"},{"data":"Blade Dance","floor":15,"key":"SMITH"},{"data":"Leg Sweep","floor":23,"key":"SMITH"},{"data":"Blade Dance","floor":25,"key":"SMITH"},{"floor":30,"key":"REST"},{"data":"Footwork","floor":32,"key":"SMITH"},{"data":"Replay:Bag of Tricks","floor":40,"key":"SMITH"},{"data":"Footwork","floor":45,"key":"SMITH"},{"floor":49,"key":"REST"}],"circlet_count":0,"master_deck":["Strike_G","Strike_G","Defend_G","Defend_G","Defend_G","Defend_G","Defend_G","Escape Plan","Blade Dance+1","Backflip+1","Finisher+1","Leap","Beam Cell+1","Acrobatics","Blade Dance+1","Footwork+1","ReplayTheSpireMod:Speed Training","Footwork+1","Blade Dance","Leg Sweep+1","Dagger Throw+1","Backflip","Hidden Blade","Footwork","Quick Slash","Noxious Fumes","Replay:Bag of Tricks+1","Acrobatics+1","After Image+1","Blade Dance+1"],"relics":["SlaversCollar","Art of War","Tingsha","hubris:DeckOfHolding","Replay:Bottled Flurry","Gambling Chip","Sozu","Vajra","Pen Nib","hubris:HollowSoul","CeramicFish","hubris:Towel","Eternal Feather","Frozen Egg 2"],"acts_visited":["Exordium","TheCity","TheBeyond"],"potions_floor_usage":[8,46,50],"damage_taken":[{"damage":3,"enemies":"Jaw Worm","floor":1,"turns":6},{"damage":0,"enemies":"Small Slimes","floor":5,"turns":3},{"damage":0,"enemies":"3 Sentries","floor":6,"turns":7},{"damage":1,"enemies":"Lagavulin","floor":8,"turns":4},{"damage":1,"enemies":"2 Louse","floor":10,"turns":2},{"damage":0,"enemies":"2 Fungi Beasts","floor":11,"turns":3},{"damage":5,"enemies":"3 Sentries","floor":12,"turns":6},{"damage":6,"enemies":"Exordium Thugs","floor":14,"turns":5},{"damage":6,"enemies":"Hexaghost","floor":16,"turns":7},{"damage":4,"enemies":"2 Thieves","floor":18,"turns":4},{"damage":0,"enemies":"Spheric Guardian","floor":19,"turns":1},{"damage":0,"enemies":"Centurion and Healer","floor":22,"turns":4},{"damage":0,"enemies":"Snecko","floor":24,"turns":3},{"damage":1,"enemies":"Cultist and Chosen","floor":27,"turns":3},{"damage":2,"enemies":"Shelled Parasite and Fungi","floor":29,"turns":3},{"damage":4,"enemies":"Snake Plant","floor":31,"turns":3},{"damage":7,"enemies":"Automaton","floor":33,"turns":8},{"damage":0,"enemies":"3 Shapes","floor":35,"turns":4},{"damage":2,"enemies":"Orb Walker","floor":37,"turns":3},{"damage":21,"enemies":"Nemesis","floor":41,"turns":7},{"damage":15,"enemies":"Jaw Worm Horde","floor":44,"turns":5},{"damage":3,"enemies":"Writhing Mass","floor":46,"turns":9},{"damage":6,"enemies":"Sphere and 2 Shapes","floor":48,"turns":5},{"damage":16,"enemies":"Donu and Deca","floor":50,"turns":9}],"seed_played":"8260377456619153797","potions_obtained":[{"floor":1,"key":"SpeedPotion"},{"floor":6,"key":"Adrenaline Potion"},{"floor":11,"key":"FearPotion"},{"floor":16,"key":"SteroidPotion"}],"is_trial":false,"path_per_floor":["M","?","$","?","M","E","R","E","T","M","M","E","R","M","R_BF","B",null,"M","M","$","?","M","R","M","R","T","M","$","M","R","M","R","B",null,"M","?","M","?","?","R","E","$","T","M","R","M","$","M","R","B",null],"character_chosen":"THE_SILENT","items_purchased":["Backflip+1","Finisher","Vajra","Hidden Blade","Footwork","Quick Slash","After Image+1"],"campfire_rested":2,"item_purchase_floors":[3,3,20,28,28,28,47],"current_hp_per_floor":[67,50,50,50,50,50,50,49,49,48,48,43,43,37,37,31,70,66,66,66,30,30,30,30,30,30,29,29,27,48,44,44,37,70,70,70,68,68,68,68,47,47,47,32,47,44,44,38,70,54],"gold":157,"neow_bonus":"BOSS_RELIC","is_daily":false,"chose_seed":false,"campfire_upgraded":8,"win_rate":0.0,"timestamp":1608587782,"path_taken":["M","?","$","?","M","E","R","E","T","M","M","E","R","M","R_BF","BOSS","M","M","$","?","M","R","M","R","T","M","$","M","R","M","R","BOSS","M","?","?","?","?","R","E","$","T","M","R","M","$","M","R","BOSS"],"items_purchased_type":["Card","Card","Relic","Card","Card","Card","Card"],"build_version":"2020-12-13","purchased_purges":4,"victory":true,"max_hp_per_floor":[70,70,70,70,70,70,70,70,70,70,70,70,70,70,70,70,70,70,70,70,70,70,70,70,70,70,70,70,70,70,70,70,70,70,70,70,70,70,70,70,70,70,70,70,70,70,70,70,70,70],"card_choices":[{"not_picked":["Eviscerate","Deflect"],"picked":"Escape Plan","floor":1},{"not_picked":["PiercingWail","Sneak Up"],"picked":"Blade Dance","floor":2},{"not_picked":["Underhanded Strike","Wraith Form v2"],"picked":"Acrobatics","floor":5},{"not_picked":["Tactician","Acrobatics"],"picked":"Blade Dance","floor":6},{"not_picked":["ReplayTheSpireMod:Scrap Shanks","Finisher"],"picked":"Footwork","floor":8},{"not_picked":["Replay:Poison Smokescreen","Sucker Punch"],"picked":"ReplayTheSpireMod:Speed Training","floor":10},{"not_picked":["ReplayTheSpireMod:Exploit Weakness","ReplayTheSpireMod:Shiv Toss","Deadly Poison"],"picked":"SKIP","floor":11},{"not_picked":["Backflip","Finisher"],"picked":"Footwork","floor":12},{"not_picked":["Prepared","Well Laid Plans"],"picked":"Blade Dance","floor":14},{"not_picked":["Grand Finale","Doppelganger"],"picked":"Venomology","floor":16},{"not_picked":["hubris:SlightOfHand","Dagger Spray"],"picked":"Leg Sweep","floor":18},{"not_picked":["Bane","Deadly Poison"],"picked":"Dagger Throw+1","floor":19},{"not_picked":["hubris:Sniper","Dagger Spray","Backstab"],"picked":"SKIP","floor":22},{"not_picked":["Sucker Punch+1","ReplayTheSpireMod:The Works","Outmaneuver"],"picked":"SKIP","floor":24},{"not_picked":["Wraith Form v2","Dodge and Roll"],"picked":"Backflip","floor":27},{"not_picked":["Outmaneuver","Footwork+1"],"picked":"Noxious Fumes","floor":29},{"not_picked":["hubris:Sniper","Die Die Die","Prepared+1"],"picked":"SKIP","floor":31},{"not_picked":["ReplayTheSpireMod:Necrosis","Envenom"],"picked":"Replay:Bag of Tricks","floor":33},{"not_picked":["Flying Knee","Predator"],"picked":"Acrobatics+1","floor":35},{"not_picked":["Dodge and Roll+1","Deflect+1","PiercingWail"],"picked":"SKIP","floor":37},{"not_picked":["Distraction","Corpse Explosion","hubris:Counter"],"picked":"SKIP","floor":41},{"not_picked":["Flying Knee","Dodge and Roll+1","Poisoned Stab+1"],"picked":"SKIP","floor":44},{"not_picked":["hubris:SlightOfHand+1","Outmaneuver+1","Dodge and Roll+1"],"picked":"SKIP","floor":46},{"not_picked":["Poisoned Stab","Die Die Die"],"picked":"Blade Dance+1","floor":48}],"player_experience":835345,"relics_obtained":[{"floor":2,"key":"Art of War"},{"floor":6,"key":"Tingsha"},{"floor":8,"key":"hubris:DeckOfHolding"},{"floor":9,"key":"Replay:Bottled Flurry"},{"floor":12,"key":"Gambling Chip"},{"floor":26,"key":"Pen Nib"},{"floor":41,"key":"Eternal Feather"},{"floor":43,"key":"Frozen Egg 2"}],"event_choices":[{"damage_healed":0,"gold_gain":360,"player_choice":"GOLD GOLD GOLD GOLD ","damage_taken":36,"max_hp_gain":0,"max_hp_loss":0,"event_name":"Knowing Skull","floor":21,"potions_obtained":[],"gold_loss":0,"cards_obtained":[]},{"damage_healed":0,"gold_gain":0,"player_choice":"Gave Potion","damage_taken":0,"relics_obtained":["CeramicFish"],"max_hp_gain":0,"max_hp_loss":0,"event_name":"WeMeetAgain","floor":36,"gold_loss":0}],"is_beta":false,"boss_relics":[{"not_picked":["Snecko Scales","Fusion Hammer"],"picked":"Sozu"},{"not_picked":["Snecko Eye","Replay:Drink Me"],"picked":"hubris:HollowSoul"}],"items_purged_floors":[3,20,28,42],"is_endless":false,"potions_floor_spawned":[1,6,11,16,18,19,22,35,37,41,48],"ascension_level":0}}