{"host":"agn8wmerpzfmi70r","time":1608551267,"event":{"mods":["AchievementEnabler","BaseMod","Downfall","Minty Spire (QoL Compilation)","Relic Stats","StSLib"],"gold_per_floor":[99,99,24,24,24,24,24,50,50,78,194,344,17,27,44,144,144,144,167,167,177,177,177,177],"floor_reached":22,"playtime":1454,"items_purged":[],"score":238,"play_id":"3d39428f-8a1f-4903-b605-ae2a031cc947","local_time":"20201221054747","is_ascension_mode":false,"campfire_choices":[{"floor":1,"key":"RECALL"},{"data":"hexamod:Float","floor":3,"key":"SMITH"},{"data":"hexamod:Sear","floor":5,"key":"SMITH"},{"data":"hexamod:StepThrough","floor":9,"key":"SMITH"},{"data":"hexamod:WildfireWeapon","floor":18,"key":"SMITH"},{"data":"hexamod:HeatMetal","floor":20,"key":"SMITH"}],"circlet_count":0,"master_deck":["hexamod:Strike","hexamod:Strike","hexamod:Strike","hexamod:Defend","hexamod:Defend","hexamod:Defend","hexamod:Defend","hexamod:Sear+1","hexamod:Float+1","hexamod:StepThrough+1","hexamod:ShieldOfDarkness","hexamod:GhostOfSpirePresent","hexamod:SecondSeal","hexamod:FastForward","hexamod:FirstSeal","hexamod:NightmareGuise","hexamod:HeatMetal+1","Slimebound:Icky","hexamod:PhantomFireball","hexamod:NightmareStrike","hexamod:WildfireWeapon+1","hexamod:FourthSeal","hexamod:NightmareStrike"],"relics":["hexamod:SpiritBrand","downfall:HeartsMalice","downfall:HeartBlessingRed","Bag of Marbles","PreservedInsect","Darkstone Periapt","Black Star"],"acts_visited":["Exordium","TheCity"],"potions_floor_usage":[16,16,16,22],"damage_taken":[{"damage":0,"enemies":"2 Louse","floor":4,"turns":1},{"damage":0,"enemies":"Gremlin Nob","floor":8,"turns":1},{"damage":0,"enemies":"3 Sentries","floor":10,"turns":1},{"damage":0,"enemies":"downfall:FleeingMerchant","floor":11,"turns":4},{"damage":0,"enemies":"downfall:FleeingMerchant","floor":13,"turns":4},{"damage":0,"enemies":"Jaw Worm","floor":14,"turns":1},{"damage":0,"enemies":"Cultist","floor":15,"turns":3},{"damage":60,"enemies":"downfall:Defect","floor":16,"turns":8},{"damage":5,"enemies":"Shell Parasite","floor":19,"turns":7},{"damage":15,"enemies":"Chosen","floor":21,"turns":6},{"damage":62,"enemies":"Sentry and Sphere","floor":22,"turns":8}],"seed_played":"-4338555117880801317","potions_obtained":[{"floor":8,"key":"AttackPotion"},{"floor":10,"key":"hexamod:EctoCoolerPotion"},{"floor":21,"key":"Energy Potion"},{"floor":21,"key":"sneckomod:MuddlingPotion"}],"is_trial":false,"path_per_floor":["R","?","R","M","R","?","T","E","R","E","$","?","$","M","M","B",null,"R","M","R","M","M"],"character_chosen":"THE_SPIRIT","items_purchased":["hexamod:FastForward","hexamod:FirstSeal","hexamod:NightmareGuise","hexamod:HeatMetal","Darkstone Periapt","DuplicationPotion"],"campfire_rested":0,"item_purchase_floors":[11,11,11,11,13,13],"current_hp_per_floor":[70,70,70,70,70,70,70,70,70,70,70,70,70,70,70,17,70,70,70,70,62,0,0,0],"gold":177,"neow_bonus":"THREE_ENEMY_KILL","is_daily":false,"chose_seed":false,"campfire_upgraded":5,"win_rate":0.0,"timestamp":1608551267,"path_taken":["R","?","R","M","R","?","T","E","R","E","$","?","$","M","M","BOSS","R","M","R","M","M"],"items_purchased_type":["Card","Card","Card","Card","Relic","Potion"],"build_version":"2020-12-13","purchased_purges":0,"victory":false,"max_hp_per_floor":[70,70,70,70,70,70,70,70,70,70,70,70,70,70,70,70,70,70,70,70,70,70,70,70],"relic_stats":{"Darkstone Periapt":0,"counters":[11,41],"PreservedInsect":100,"Black Star":0,"obtain_stats":[{"Darkstone Periapt":13,"downfall:HeartBlessingRed":3,"downfall:HeartsMalice":0,"PreservedInsect":10,"Bag of Marbles":8,"Black Star":17,"hexamod:SpiritBrand":0},{"Darkstone Periapt":5,"downfall:HeartBlessingRed":0,"downfall:HeartsMalice":0,"PreservedInsect":3,"Bag of Marbles":2,"Black Star":8,"hexamod:SpiritBrand":0},{"Darkstone Periapt":8,"downfall:HeartBlessingRed":0,"downfall:HeartsMalice":0,"PreservedInsect":0,"Bag of Marbles":0,"Black Star":20,"hexamod:SpiritBrand":0}]},"card_choices":[{"not_picked":["hexamod:GhostShield","hexamod:NightmareGuise"],"picked":"hexamod:StepThrough","floor":4},{"not_picked":["hexamod:Hexaguard","hexamod:Firestarter"],"picked":"hexamod:ShieldOfDarkness","floor":8},{"not_picked":["hexamod:SkipABeat","hexamod:Hexaguard"],"picked":"hexamod:GhostOfSpirePresent","floor":10},{"not_picked":["hexamod:StepThrough","hexamod:FastForward"],"picked":"hexamod:SecondSeal","floor":11},{"not_picked":["hexamod:TurnItUp","hexamod:AdvancingGuard"],"picked":"hexamod:PhantomFireball","floor":13},{"not_picked":["hexamod:ShieldOfDarkness","hexamod:Hexaguard"],"picked":"hexamod:NightmareStrike","floor":14},{"not_picked":["hexamod:PhantomCloak","hexamod:BacktrackSmack","hexamod:InspiringFlames"],"picked":"SKIP","floor":15},{"not_picked":["hexamod:SearingWound","hexamod:TurnItUp"],"picked":"hexamod:WildfireWeapon","floor":16},{"not_picked":["hexamod:BurningTouch","hexamod:SpectersWail"],"picked":"hexamod:FourthSeal","floor":19},{"not_picked":["hexamod:FourthSeal","hexamod:GhostShield"],"picked":"hexamod:NightmareStrike","floor":21}],"player_experience":70162,"relics_obtained":[{"floor":8,"key":"Bag of Marbles"},{"floor":10,"key":"PreservedInsect"}],"event_choices":[],"is_beta":false,"boss_relics":[{"not_picked":["Calling Bell","Astrolabe"],"picked":"Black Star"}],"items_purged_floors":[],"is_endless":false,"potions_floor_spawned":[8,10,14,21],"killed_by":"Sentry and Sphere","ascension_level":0}}