{"host":"woah5shdh5xsovm3","time":1608583635,"event":{"mods":["BaseMod","BetterRewards","Downfall","Hermit","Hubris","Infinite Spire","Jorbs\u0027s Wanderer Trilogy","Koishi","Marisa????????","Minty Spire (QoL Compilation)","Remilia??????","Replay The Spire","Shop Mod","StSLib","SuperFastMode","The Animator","The Bug Knight","The Construct","The Cursed","The Disciple","The Hierophant","The Necromancer","The Poker Player","The Runesmith","The Servant 0.9.4"],"gold_per_floor":[117,134,134,151,151,151,226,226,226,239,272,288,288,288,288,288,288],"floor_reached":16,"playtime":404,"items_purged":[],"score":150,"play_id":"0c6901bd-d62e-4741-a448-b49a619f9877","local_time":"20201221144715","is_ascension_mode":false,"campfire_choices":[{"data":"UpSweep","floor":6,"key":"SMITH"},{"floor":8,"key":"REST"},{"floor":15,"key":"REST"}],"circlet_count":0,"master_deck":["Strike_MRS","Strike_MRS","Strike_MRS","Strike_MRS","Defend_MRS","Defend_MRS","Defend_MRS","Defend_MRS","MasterSpark","UpSweep+1","SuperPerseids","MasterSpark","Writhe","WitchOfGreed"],"relics":["MiniHakkero","Kunai","Strawberry","Unceasing Top"],"acts_visited":["Exordium"],"potions_floor_usage":[],"damage_taken":[{"damage":3,"enemies":"Jaw Worm","floor":1,"turns":4},{"damage":0,"enemies":"Cultist","floor":2,"turns":4},{"damage":0,"enemies":"2 Louse","floor":4,"turns":3},{"damage":12,"enemies":"Large Slime","floor":10,"turns":5},{"damage":27,"enemies":"Gremlin Nob","floor":11,"turns":5},{"damage":14,"enemies":"Lots of Slimes","floor":12,"turns":4},{"damage":58,"enemies":"Hexaghost","floor":16,"turns":9}],"seed_played":"-7456069387097433802","potions_obtained":[{"floor":4,"key":"Ancient Potion"},{"floor":10,"key":"BottledSpark"}],"is_trial":false,"path_per_floor":["M","M","?","M","$","R","?","R","T","M","E","M","?","?","R","B"],"character_chosen":"MARISA","items_purchased":["Kunai"],"campfire_rested":2,"item_purchase_floors":[0],"current_hp_per_floor":[65,65,65,65,65,65,58,75,82,70,43,29,32,32,57,0,0],"gold":288,"neow_bonus":"","is_daily":false,"chose_seed":false,"campfire_upgraded":1,"win_rate":0.0,"timestamp":1608583635,"path_taken":["M","M","?","M","?","R","?","R","T","?","E","M","?","?","R","BOSS"],"items_purchased_type":["Relic"],"build_version":"2020-12-13","purchased_purges":0,"victory":false,"max_hp_per_floor":[75,75,75,75,75,75,75,75,82,82,82,82,85,85,85,85,85],"card_choices":[{"not_picked":["ShootingEcho","GrandCross","EnergyRecoil"],"picked":"SKIP","floor":1},{"not_picked":["WitchOfGreed","WitchLeyline","PowerUp"],"picked":"SKIP","floor":2},{"not_picked":["GalacticHalo","WitchLeyline","OpenUniverse"],"picked":"SKIP","floor":4},{"not_picked":["ChargingUp","DC","IllusionStar"],"picked":"SKIP","floor":10},{"not_picked":["UnstableBomb","FairyDestructionRay","DeepEcoloBomb"],"picked":"SKIP","floor":11},{"not_picked":["Acceleration","ShootingEcho"],"picked":"SuperPerseids","floor":12}],"player_experience":398760,"relics_obtained":[{"floor":9,"key":"Strawberry"},{"floor":11,"key":"Unceasing Top"}],"event_choices":[{"damage_healed":0,"gold_gain":0,"player_choice":"Ignored","damage_taken":0,"max_hp_gain":0,"max_hp_loss":0,"event_name":"NoteForYourself","floor":3,"gold_loss":0},{"damage_healed":0,"gold_gain":75,"player_choice":"Touch","damage_taken":7,"max_hp_gain":0,"max_hp_loss":0,"event_name":"FaceTrader","floor":7,"gold_loss":0},{"damage_healed":0,"gold_gain":0,"player_choice":"3 cards matched","damage_taken":0,"max_hp_gain":0,"max_hp_loss":0,"event_name":"Match and Keep!","floor":14,"gold_loss":0,"cards_obtained":["MasterSpark","Writhe","WitchOfGreed"]}],"is_beta":false,"boss_relics":[],"items_purged_floors":[],"is_endless":false,"potions_floor_spawned":[4,10],"killed_by":"Hexaghost","ascension_level":0}}