{"host":"8a3g9edf69u3epoz","time":1608537081,"event":{"mods":["BaseMod","Minty Spire (QoL Compilation)","MostiFishMod","Relic Stats","Remilia（蕾米莉亚）","StSLib","TestMod","UnlockEverythingMod","WarShipGirlsR/战舰少女R mod"],"gold_per_floor":[115,190,190,209,209,235,235,268,295,295,328,408,428,428],"floor_reached":13,"playtime":4480,"items_purged":[],"score":189,"play_id":"9095f090-3e5b-45e2-b72a-0cadf76008a6","local_time":"20201221155121","is_ascension_mode":true,"campfire_choices":[{"data":"BloodAndWine","floor":7,"key":"SMITH"},{"data":"DemonKingCradle","floor":10,"key":"SMITH"}],"circlet_count":0,"master_deck":["AscendersBane","Strike_RM","Strike_RM","Strike_RM","Strike_RM","Defend_RM","Defend_RM","Defend_RM","Defend_RM","RedMoon","ScarletShoot","BloodAndWine+1","Pain","FavorOfDestiny","DemonKingCradle+1","VampireKiss"],"relics":["ScarletHat","DaveBox","testmod-TestBox","The Courier","testmod-CasingShield","NeowsBlessing","Question Card","WarpedTongs","SsserpentHead","Omamori","PreservedInsect","Art of War","Dream Catcher"],"acts_visited":["Exordium"],"potions_floor_usage":[6,8,13],"damage_taken":[{"damage":0,"enemies":"2 Louse","floor":1,"turns":1},{"damage":0,"enemies":"Cultist","floor":4,"turns":1},{"damage":1,"enemies":"3 Sentries","floor":6,"turns":2},{"damage":37,"enemies":"Lagavulin","floor":8,"turns":9},{"damage":22,"enemies":"3 Sentries","floor":11,"turns":5},{"damage":5,"enemies":"Jaw Worm","floor":12,"turns":4},{"damage":19,"enemies":"Gremlin Nob","floor":13,"turns":4}],"seed_played":"-478092596854654431","potions_obtained":[{"floor":6,"key":"testmod-SpacePotion"},{"floor":11,"key":"CultistPotion"}],"is_trial":false,"path_per_floor":["M","?","?","M","?","E","R","E","T","R","E","M","E"],"character_chosen":"REMILIA","items_purchased":[],"campfire_rested":0,"item_purchase_floors":[],"current_hp_per_floor":[68,57,57,57,57,56,56,30,30,30,8,7,0,0],"gold":428,"neow_bonus":"THREE_ENEMY_KILL","is_daily":false,"chose_seed":false,"campfire_upgraded":2,"win_rate":0.0,"timestamp":1608537081,"path_taken":["M","?","?","?","?","E","R","E","T","R","E","?","E"],"items_purchased_type":[],"build_version":"2020-12-13","purchased_purges":0,"victory":false,"max_hp_per_floor":[75,75,75,75,75,75,75,75,75,75,75,75,75,75],"relic_stats":{"SsserpentHead":50,"Dream Catcher":0,"counters":[7,26],"PreservedInsect":55,"Art of War":[2],"Question Card":5,"obtain_stats":[{"testmod-TestBox":0,"DaveBox":0,"NeowsBlessing":0,"The Courier":0,"PreservedInsect":8,"Omamori":6,"Question Card":1,"ScarletHat":0,"testmod-CasingShield":0,"WarpedTongs":3,"SsserpentHead":5,"Dream Catcher":11,"Art of War":9},{"testmod-TestBox":0,"DaveBox":0,"NeowsBlessing":0,"The Courier":0,"PreservedInsect":4,"Omamori":3,"Question Card":1,"ScarletHat":0,"testmod-CasingShield":0,"WarpedTongs":1,"SsserpentHead":2,"Dream Catcher":5,"Art of War":4},{"testmod-TestBox":0,"DaveBox":0,"NeowsBlessing":0,"The Courier":0,"PreservedInsect":13,"Omamori":4,"Question Card":1,"ScarletHat":0,"testmod-CasingShield":0,"WarpedTongs":1,"SsserpentHead":2,"Dream Catcher":18,"Art of War":13}],"WarpedTongs":[25]},"card_choices":[{"not_picked":["DiffusionOfMisfortune","BloodyMagicSquare"],"picked":"BloodAndWine","floor":1},{"not_picked":["BombardNight","Stigmanizer","BlasphemousPunishment"],"picked":"FavorOfDestiny","floor":4},{"not_picked":["BombardNight","StarOfDavid","BlasphemousPunishment","UnderTheZenith"],"picked":"SKIP","floor":6},{"not_picked":["ScarletDevilSign","EmergencyRegeneration","RedRainbow"],"picked":"DemonKingCradle","floor":8},{"not_picked":["ScarletDevil","CharismaGuard","RedRainbow"],"picked":"VampireKiss","floor":11},{"not_picked":["GlobalNightmare","EndlessAdversity","ScarletGensokyo","RedMagic"],"picked":"SKIP","floor":12}],"player_experience":76440,"relics_obtained":[{"floor":1,"key":"Question Card"},{"floor":6,"key":"Omamori"},{"floor":8,"key":"PreservedInsect"},{"floor":9,"key":"Art of War"},{"floor":11,"key":"Dream Catcher"}],"event_choices":[{"damage_healed":0,"gold_gain":75,"player_choice":"Gather Gold","damage_taken":11,"max_hp_gain":0,"max_hp_loss":0,"event_name":"World of Goop","floor":2,"gold_loss":0},{"damage_healed":0,"gold_gain":0,"player_choice":"Rummage","damage_taken":0,"relics_obtained":["WarpedTongs"],"max_hp_gain":0,"max_hp_loss":0,"event_name":"Accursed Blacksmith","floor":3,"gold_loss":0,"cards_obtained":["Pain"]},{"damage_healed":0,"gold_gain":0,"player_choice":"Trade","damage_taken":0,"relics_obtained":["SsserpentHead"],"max_hp_gain":0,"max_hp_loss":0,"event_name":"FaceTrader","floor":5,"gold_loss":0}],"is_beta":false,"boss_relics":[],"items_purged_floors":[],"is_endless":false,"potions_floor_spawned":[6,11],"killed_by":"Gremlin Nob","ascension_level":10}}