{"host":"qfskrnw3pl1q86j0","time":1608586719,"event":{"mods":["BaseMod","Block Reminder","Hermit","Marisa????????","Minty Spire (QoL Compilation)","Quick Restart","Random Character Button","StSLib","The Poker Player","slay the spire mod where everything is the same but ironclad has a cowboy hat"],"gold_per_floor":[13,29,46,46,46,46,73,86,86,86,11,42,42,54,54,152,152,122,138,167,167,167,167],"floor_reached":22,"playtime":807,"items_purged":["Strike_B"],"score":194,"play_id":"e6df6339-1f6a-486b-94e0-ff22ca4643ea","local_time":"20201221223839","is_ascension_mode":false,"campfire_choices":[{"data":"Zap","floor":6,"key":"SMITH"},{"data":"Dualcast","floor":10,"key":"SMITH"},{"data":"Go for the Eyes","floor":13,"key":"SMITH"},{"data":"Genetic Algorithm","floor":15,"key":"SMITH"}],"circlet_count":0,"master_deck":["Strike_B","Strike_B","Defend_B","Defend_B+1","Defend_B","Zap+1","Dualcast+1","Genetic Algorithm+1","Gash","Steam+1","Go for the Eyes+1","Gash","Glacier","Machine Learning","Beam Cell","Beam Cell","Streamline"],"relics":["Cracked Core","Strawberry","War Paint","Question Card","SlaversCollar","Red Mask","Nilry\u0027s Codex"],"acts_visited":["Exordium","TheCity"],"potions_floor_usage":[7,12,19],"damage_taken":[{"damage":1,"enemies":"Cultist","floor":1,"turns":3},{"damage":1,"enemies":"Jaw Worm","floor":2,"turns":3},{"damage":0,"enemies":"Small Slimes","floor":3,"turns":3},{"damage":21,"enemies":"Lagavulin","floor":7,"turns":7},{"damage":2,"enemies":"Blue Slaver","floor":8,"turns":4},{"damage":9,"enemies":"3 Sentries","floor":12,"turns":7},{"damage":0,"enemies":"3 Louse","floor":14,"turns":2},{"damage":37,"enemies":"Hexaghost","floor":16,"turns":13},{"damage":5,"enemies":"2 Thieves","floor":18,"turns":5},{"damage":1,"enemies":"3 Byrds","floor":19,"turns":5},{"damage":34,"enemies":"Masked Bandits","floor":20,"turns":7},{"damage":26,"enemies":"3 Cultists","floor":22,"turns":4}],"seed_played":"1919296799070637149","potions_obtained":[{"floor":1,"key":"Fire Potion"},{"floor":3,"key":"SpeedPotion"},{"floor":7,"key":"Energy Potion"},{"floor":18,"key":"Fire Potion"}],"is_trial":false,"path_per_floor":["M","M","M","?","$","R","E","M","T","R","$","E","R","M","R","B",null,"M","M","?","?","M"],"character_chosen":"DEFECT","items_purchased":[],"campfire_rested":0,"item_purchase_floors":[],"current_hp_per_floor":[74,73,73,73,73,73,59,57,57,57,57,48,48,48,48,11,82,77,76,42,26,0,0],"gold":167,"neow_bonus":"REMOVE_TWO","is_daily":false,"chose_seed":false,"campfire_upgraded":4,"win_rate":0.0,"timestamp":1608586719,"path_taken":["M","M","M","?","$","R","E","M","T","R","$","E","R","M","R","BOSS","M","M","?","?","M"],"items_purchased_type":[],"build_version":"2020-12-13","purchased_purges":1,"victory":false,"max_hp_per_floor":[75,75,75,75,75,75,82,82,82,82,82,82,82,82,82,82,82,82,82,82,82,82,82],"card_choices":[{"not_picked":["Storm","Rebound"],"picked":"Genetic Algorithm","floor":1},{"not_picked":["Conserve Battery","Static Discharge","Chill"],"picked":"SKIP","floor":2},{"not_picked":["Conserve Battery","Lockon"],"picked":"Gash","floor":3},{"not_picked":["Undo","Coolheaded"],"picked":"Steam","floor":7},{"not_picked":["Skim","Sunder"],"picked":"Go for the Eyes","floor":8},{"not_picked":["Reboot","Machine Learning"],"picked":"Gash","floor":12},{"not_picked":["Steam Power","Steam","Storm"],"picked":"Glacier","floor":14},{"not_picked":["Creative AI","Amplify","Reboot"],"picked":"Machine Learning","floor":16},{"not_picked":["Steam","Coolheaded+1","Defragment"],"picked":"Beam Cell","floor":18},{"not_picked":["Coolheaded","Chill","Barrage+1"],"picked":"Beam Cell","floor":19},{"not_picked":["Redo","White Noise","Conserve Battery"],"picked":"Streamline","floor":20}],"player_experience":856766,"relics_obtained":[{"floor":7,"key":"Strawberry"},{"floor":9,"key":"War Paint"},{"floor":12,"key":"Question Card"},{"floor":20,"key":"Red Mask"},{"floor":21,"key":"Nilry\u0027s Codex"}],"event_choices":[{"damage_healed":0,"gold_gain":0,"player_choice":"Leave","damage_taken":0,"max_hp_gain":0,"max_hp_loss":0,"event_name":"The Cleric","floor":4,"gold_loss":0},{"damage_healed":0,"gold_gain":0,"player_choice":"Fought Bandits","damage_taken":0,"max_hp_gain":0,"max_hp_loss":0,"event_name":"Masked Bandits","floor":20,"gold_loss":0},{"damage_healed":0,"gold_gain":0,"player_choice":"Obtained Book","damage_taken":16,"max_hp_gain":0,"max_hp_loss":0,"event_name":"Cursed Tome","floor":21,"gold_loss":0}],"is_beta":false,"boss_relics":[{"not_picked":["Inserter","FrozenCore"],"picked":"SlaversCollar"}],"items_purged_floors":[11],"is_endless":false,"potions_floor_spawned":[1,3,7,18],"killed_by":"3 Cultists","ascension_level":0}}