{"host":"kw4o7b3ro2ktmmbe","time":1608592913,"event":{"mods":["BaseMod","Minty Spire (QoL Compilation)","StSLib","The Mystic","Treasure Hunter"],"gold_per_floor":[115,132,142,142,217,217,217,236,288,324,373,385,423,459,471,484,484],"floor_reached":16,"playtime":1426,"items_purged":[],"score":102,"play_id":"65ab41b1-7ac4-432c-86da-902a942792a9","local_time":"20201222122153","is_ascension_mode":false,"campfire_choices":[{"data":"mysticmod:Feint","floor":6,"key":"SMITH"},{"data":"TH:CursedSword","floor":12,"key":"SMITH"},{"data":"mysticmod:GreaterInvisibility","floor":15,"key":"SMITH"}],"circlet_count":0,"master_deck":["mysticmod:Strike_Mystic","mysticmod:Strike_Mystic","mysticmod:Strike_Mystic","mysticmod:Strike_Mystic","mysticmod:Defend_Mystic","mysticmod:Defend_Mystic","mysticmod:Defend_Mystic","mysticmod:Defend_Mystic","mysticmod:ArcaneDodge","mysticmod:ShockingGrasp","mysticmod:AllIn","mysticmod:Feint+1","mysticmod:AllIn","mysticmod:MagicMissile","TH:CopperCoins","TH:ArmorSpikes","TH:CursedSword+1","mysticmod:EarthenWall","mysticmod:GreaterInvisibility+1"],"relics":["mysticmod:SpellBook","Golden Idol","PreservedInsect","MawBank","Art of War","Centennial Puzzle"],"acts_visited":["Exordium"],"potions_floor_usage":[11,11,16],"damage_taken":[{"damage":4,"enemies":"Jaw Worm","floor":1,"turns":5},{"damage":0,"enemies":"Small Slimes","floor":2,"turns":2},{"damage":0,"enemies":"2 Louse","floor":3,"turns":2},{"damage":1,"enemies":"2 Fungi Beasts","floor":8,"turns":2},{"damage":13,"enemies":"Lagavulin","floor":11,"turns":5},{"damage":7,"enemies":"Blue Slaver","floor":13,"turns":3},{"damage":0,"enemies":"Large Slime","floor":14,"turns":6},{"damage":22,"enemies":"Hexaghost","floor":16,"turns":9}],"seed_played":"-5701925624759896302","potions_obtained":[{"floor":1,"key":"SteroidPotion"},{"floor":8,"key":"Fire Potion"},{"floor":11,"key":"GamblersBrew"}],"is_trial":false,"path_per_floor":["M","M","M","?","?","R","?","M","T","T","E","R","M","M","R","B"],"character_chosen":"MYSTIC_CLASS","items_purchased":[],"campfire_rested":0,"item_purchase_floors":[],"current_hp_per_floor":[80,80,80,59,48,48,41,40,40,40,27,27,20,20,20,0,0],"gold":484,"neow_bonus":"TEN_PERCENT_HP_BONUS","is_daily":false,"chose_seed":false,"campfire_upgraded":3,"win_rate":0.0,"timestamp":1608592913,"path_taken":["M","M","M","?","?","R","?","M","T","?","E","R","M","M","R","BOSS"],"items_purchased_type":[],"build_version":"2020-12-13","purchased_purges":0,"victory":false,"max_hp_per_floor":[84,84,84,84,84,84,84,84,84,84,84,84,84,84,84,84,84],"card_choices":[{"not_picked":["mysticmod:VorpalThrust","mysticmod:HeavyStrike"],"picked":"mysticmod:AllIn","floor":1},{"not_picked":["mysticmod:ChargedParry","mysticmod:Riposte"],"picked":"mysticmod:Feint","floor":2},{"not_picked":["mysticmod:DiviningBlow","mysticmod:Snowball"],"picked":"mysticmod:AllIn","floor":3},{"not_picked":["mysticmod:StyleChange","mysticmod:Probe"],"picked":"mysticmod:MagicMissile","floor":8},{"not_picked":["TH:PixieDust"],"picked":"TH:CopperCoins","floor":9},{"not_picked":["TH:BikiniMail"],"picked":"TH:ArmorSpikes","floor":10},{"not_picked":["TH:PixieDust"],"picked":"TH:CursedSword","floor":11},{"not_picked":["mysticmod:CorrosiveTouch","mysticmod:DiviningBlow"],"picked":"mysticmod:EarthenWall","floor":11},{"not_picked":["mysticmod:Flourish","mysticmod:TomeOfSpells"],"picked":"mysticmod:GreaterInvisibility","floor":13},{"not_picked":["mysticmod:Shield","mysticmod:LightningBolt","mysticmod:BulkUp"],"picked":"SKIP","floor":14}],"player_experience":1747632,"relics_obtained":[{"floor":9,"key":"MawBank"},{"floor":10,"key":"Art of War"},{"floor":11,"key":"Centennial Puzzle"}],"event_choices":[{"damage_healed":0,"gold_gain":0,"player_choice":"Take Damage","damage_taken":21,"relics_obtained":["Golden Idol"],"max_hp_gain":0,"max_hp_loss":0,"event_name":"Golden Idol","floor":4,"gold_loss":0},{"damage_healed":0,"gold_gain":75,"player_choice":"Gather Gold","damage_taken":11,"max_hp_gain":0,"max_hp_loss":0,"event_name":"World of Goop","floor":5,"gold_loss":0},{"damage_healed":0,"gold_gain":0,"player_choice":"Success","damage_taken":7,"relics_obtained":["PreservedInsect"],"max_hp_gain":0,"max_hp_loss":0,"event_name":"Scrap Ooze","floor":7,"gold_loss":0}],"is_beta":false,"boss_relics":[],"items_purged_floors":[],"is_endless":false,"potions_floor_spawned":[1,8,11],"killed_by":"Hexaghost","ascension_level":0}}