{"host":"p4v0hquynnreu717","time":1608566023,"event":{"mods":["BaseMod","Better Vampires","DeckTracker","Googly Eyes","Minty Spire (QoL Compilation)","Quick Restart","StSLib","SuperFastMode"],"gold_per_floor":[111,111,111,111,36,36,70,33,33,64,82,82,7,26,26,120,120,139,139,39,57,57,57,93,113,162,162,186,366,366,380,380,471,771,796,821,821,3,3,3,42,94,145,166,184,218,218,98,98,98],"floor_reached":51,"playtime":1162,"items_purged":["Strike_G","Strike_G","Slice","Bullet Time"],"score":1351,"play_id":"874521eb-5e99-4aa9-89b2-eda7e694bc8a","local_time":"20201221235343","is_ascension_mode":true,"campfire_choices":[{"data":"Neutralize","floor":6.0,"key":"SMITH"},{"data":"Accuracy","floor":12.0,"key":"SMITH"},{"data":"Accuracy","floor":15.0,"key":"SMITH"},{"data":"Prepared","floor":23.0,"key":"SMITH"},{"data":"Cloak And Dagger","floor":30.0,"key":"SMITH"},{"data":"Calculated Gamble","floor":32.0,"key":"SMITH"},{"data":"Deep Breath","floor":40.0,"key":"SMITH"},{"data":"Burst","floor":47.0,"key":"SMITH"},{"data":"Blade Dance","floor":49.0,"key":"SMITH"}],"circlet_count":0,"master_deck":["AscendersBane","Defend_G","Defend_G","Defend_G","Survivor","Neutralize+1","Blade Dance+1","Accuracy+1","Accuracy+1","Predator","Calculated Gamble+1","Blade Dance","Malaise","Prepared+1","Cloak And Dagger+1","PiercingWail","Burst+1","Blade Dance+1","Purity","Deep Breath+1","Footwork","Footwork"],"relics":["Ring of the Snake","NeowsBlessing","Golden Idol","Tingsha","Pantograph","Gambling Chip","Coffee Dripper","Potion Belt","Centennial Puzzle","Calling Bell","Omamori","The Courier","Old Coin","ClockworkSouvenir","CaptainsWheel","Oddly Smooth Stone","Turnip","Juzu Bracelet","Ancient Tea Set","Lantern","Dream Catcher"],"acts_visited":["Exordium","TheCity","TheBeyond"],"potions_floor_usage":[50,50,50,50],"damage_taken":[{"damage":0.0,"enemies":"2 Louse","floor":1.0,"turns":1.0},{"damage":0.0,"enemies":"Lagavulin","floor":7.0,"turns":1.0},{"damage":0.0,"enemies":"3 Sentries","floor":10.0,"turns":2.0},{"damage":0.0,"enemies":"Small Slimes","floor":11.0,"turns":2.0},{"damage":0.0,"enemies":"Jaw Worm","floor":14.0,"turns":1.0},{"damage":27.0,"enemies":"Hexaghost","floor":16.0,"turns":5.0},{"damage":0.0,"enemies":"2 Thieves","floor":18.0,"turns":1.0},{"damage":4.0,"enemies":"3 Byrds","floor":21.0,"turns":3.0},{"damage":7.0,"enemies":"Slavers","floor":24.0,"turns":2.0},{"damage":0.0,"enemies":"Snecko","floor":25.0,"turns":3.0},{"damage":6.0,"enemies":"Snake Plant","floor":28.0,"turns":3.0},{"damage":0.0,"enemies":"3 Cultists","floor":31.0,"turns":2.0},{"damage":14.0,"enemies":"Automaton","floor":33.0,"turns":6.0},{"damage":0.0,"enemies":"Orb Walker","floor":35.0,"turns":1.0},{"damage":6.0,"enemies":"3 Darklings","floor":36.0,"turns":2.0},{"damage":21.0,"enemies":"Reptomancer","floor":41.0,"turns":4.0},{"damage":0.0,"enemies":"4 Shapes","floor":44.0,"turns":3.0},{"damage":6.0,"enemies":"Sphere and 2 Shapes","floor":45.0,"turns":3.0},{"damage":2.0,"enemies":"Giant Head","floor":46.0,"turns":4.0},{"damage":26,"enemies":"Awakened One","floor":50,"turns":6}],"seed_played":"-355719943066013036","potions_obtained":[{"floor":1.0,"key":"SpeedPotion"},{"floor":11.0,"key":"Explosive Potion"},{"floor":25.0,"key":"Regen Potion"},{"floor":28.0,"key":"SkillPotion"},{"floor":33.0,"key":"FearPotion"},{"floor":45.0,"key":"Regen Potion"}],"is_trial":false,"path_per_floor":["M","?","?","?","?","R","E","$","T","E","M","R","$","M","R","B",null,"M","?","$","M","?","R","E","M","T","?","M","?","R","M","R","B",null,"M","M","?","$","?","R","E","T","T","M","M","E","R","$","R","B",null],"character_chosen":"THE_SILENT","items_purchased":["Accuracy","ClockworkSouvenir","CaptainsWheel","Oddly Smooth Stone","Turnip"],"campfire_rested":0,"item_purchase_floors":[8,38,38,38,38],"current_hp_per_floor":[59,36,29,51,51,51,51,51,51,51,51,51,51,51,51,39,59,59,59,59,55,55,55,48,48,48,48,42,23,23,23,23,34,58,58,52,42,42,42,42,21,21,21,21,15,13,13,13,13,52],"gold":98,"neow_bonus":"THREE_ENEMY_KILL","is_daily":false,"chose_seed":false,"campfire_upgraded":9,"win_rate":0.0,"timestamp":1608566023,"path_taken":["M","?","?","?","?","R","E","?","T","E","M","R","$","M","R","BOSS","M","?","$","M","?","R","E","M","T","?","M","?","R","?","R","BOSS","M","M","?","$","?","R","E","?","T","M","M","E","R","?","R","BOSS"],"items_purchased_type":["Card","Relic","Relic","Relic","Relic"],"build_version":"2020-12-13","purchased_purges":4,"victory":true,"max_hp_per_floor":[66,66,66,66,66,66,66,66,66,66,66,66,66,66,66,66,66,66,66,66,66,66,66,66,66,66,66,66,66,66,66,66,66,66,66,66,66,66,63,63,63,63,63,63,63,63,63,63,63,63],"card_choices":[{"not_picked":["Escape Plan","Well Laid Plans"],"picked":"Blade Dance","floor":1.0},{"not_picked":["Underhanded Strike","Bane"],"picked":"Accuracy","floor":7.0},{"not_picked":["Dodge and Roll","Noxious Fumes"],"picked":"Predator","floor":10.0},{"not_picked":["Backstab","Cloak And Dagger"],"picked":"Calculated Gamble","floor":11.0},{"not_picked":["Bouncing Flask","Heel Hook"],"picked":"Blade Dance","floor":14.0},{"not_picked":["A Thousand Cuts","Tools of the Trade"],"picked":"Malaise","floor":16.0},{"not_picked":["Dodge and Roll","Finisher","Masterful Stab"],"picked":"SKIP","floor":18.0},{"not_picked":["Setup","Heel Hook"],"picked":"Prepared","floor":21.0},{"not_picked":["Backflip","Bane"],"picked":"Cloak And Dagger","floor":24.0},{"not_picked":["Slice","Underhanded Strike+1","All Out Attack"],"picked":"SKIP","floor":25.0},{"not_picked":["Deadly Poison","Slice"],"picked":"PiercingWail","floor":28.0},{"not_picked":["Prepared","Crippling Poison","Quick Slash"],"picked":"SKIP","floor":31.0},{"not_picked":["Die Die Die","Envenom"],"picked":"Burst","floor":33.0},{"not_picked":["Cloak And Dagger+1","Deflect"],"picked":"Blade Dance+1","floor":35.0},{"not_picked":["Dagger Spray","Deadly Poison+1","Leg Sweep+1"],"picked":"SKIP","floor":36.0},{"not_picked":["The Bomb","Dark Shackles"],"picked":"Purity","floor":37.0},{"not_picked":["PanicButton","Chrysalis"],"picked":"Deep Breath","floor":37.0},{"not_picked":["Leg Sweep+1","Eviscerate"],"picked":"Footwork","floor":41.0},{"not_picked":["Cloak And Dagger","Quick Slash","Outmaneuver+1"],"picked":"SKIP","floor":44.0},{"not_picked":["Noxious Fumes","Slice","Prepared"],"picked":"SKIP","floor":45.0},{"not_picked":["Backstab+1","Distraction"],"picked":"Footwork","floor":46.0}],"player_experience":744911,"relics_obtained":[{"floor":7.0,"key":"Tingsha"},{"floor":9.0,"key":"Pantograph"},{"floor":10.0,"key":"Gambling Chip"},{"floor":24.0,"key":"Potion Belt"},{"floor":26.0,"key":"Centennial Puzzle"},{"floor":34.0,"key":"Omamori"},{"floor":34.0,"key":"The Courier"},{"floor":34.0,"key":"Old Coin"},{"floor":41.0,"key":"Juzu Bracelet"},{"floor":42.0,"key":"Ancient Tea Set"},{"floor":43.0,"key":"Lantern"},{"floor":46.0,"key":"Dream Catcher"}],"event_choices":[{"damage_healed":0.0,"max_hp_gain":0.0,"max_hp_loss":0.0,"gold_gain":0.0,"event_name":"Golden Idol","player_choice":"Take Damage","floor":2.0,"gold_loss":0.0,"damage_taken":23.0,"relics_obtained":["Golden Idol"]},{"cards_removed":["Strike_G"],"damage_healed":0.0,"max_hp_gain":0.0,"max_hp_loss":0.0,"gold_gain":0.0,"event_name":"Golden Wing","player_choice":"Card Removal","floor":3.0,"gold_loss":0.0,"damage_taken":7.0},{"damage_healed":22.0,"max_hp_gain":0.0,"max_hp_loss":0.0,"gold_gain":0.0,"event_name":"Big Fish","player_choice":"Banana","floor":4.0,"gold_loss":0.0,"damage_taken":0.0},{"cards_removed":["Strike_G"],"damage_healed":0.0,"max_hp_gain":0.0,"max_hp_loss":0.0,"gold_gain":0.0,"event_name":"The Cleric","player_choice":"Card Removal","floor":5.0,"gold_loss":75.0,"damage_taken":0.0},{"damage_healed":0.0,"max_hp_gain":0.0,"max_hp_loss":0.0,"gold_gain":0.0,"event_name":"Vampires","player_choice":"Ignored","floor":19.0,"gold_loss":0.0,"damage_taken":0.0},{"cards_removed":["Strike_G"],"damage_healed":0.0,"max_hp_gain":0.0,"max_hp_loss":0.0,"gold_gain":0.0,"event_name":"Back to Basics","player_choice":"Elegance","floor":22.0,"gold_loss":0.0,"damage_taken":0.0},{"damage_healed":0.0,"max_hp_gain":0.0,"max_hp_loss":0.0,"gold_gain":0.0,"cards_transformed":["Defend_G","Defend_G"],"event_name":"Drug Dealer","player_choice":"Became Test Subject","floor":27.0,"gold_loss":0.0,"damage_taken":0.0,"cards_obtained":["Bullet Time","Slice"]},{"damage_healed":0.0,"max_hp_gain":0.0,"max_hp_loss":0.0,"gold_gain":180.0,"event_name":"Knowing Skull","player_choice":"GOLD GOLD ","floor":29.0,"potions_obtained":[],"gold_loss":0.0,"damage_taken":19.0,"cards_obtained":[]},{"damage_healed":0.0,"max_hp_gain":0.0,"max_hp_loss":0.0,"gold_gain":0.0,"event_name":"SensoryStone","player_choice":"Memory 3","floor":37.0,"gold_loss":0.0,"damage_taken":10.0},{"damage_healed":0.0,"max_hp_gain":0.0,"max_hp_loss":3.0,"gold_gain":0.0,"event_name":"Winding Halls","player_choice":"Max HP","floor":39.0,"gold_loss":0.0,"damage_taken":0.0}],"is_beta":false,"boss_relics":[{"not_picked":["Velvet Choker","Runic Dome"],"picked":"Coffee Dripper"},{"not_picked":["Busted Crown","Fusion Hammer"],"picked":"Calling Bell"}],"items_purged_floors":[13,20,38,48],"is_endless":false,"potions_floor_spawned":[1,11,18,25,28,33,41,45],"ascension_level":15}}