{"host":"fq9q35as5g8xdsoo","time":1608523427,"event":{"mods":["2.2 Compatiblity","AchievementEnabler","Act Like it!","Aspiration","BaseMod","Beaked The Cultist","Better Skull","Card Forge","Colored Map","Colored Powertips","Conspire","Dota2Spire","Energized Spire","Gensokyo","GifTheSpireLib","Halation","Hermit","Hubris","Marked Mod","Menagerie","Minty Spire (QoL Compilation)","Pale of the Ancients","Permanent Neow","Quick Restart","Relic Filter","Replay The Spire","Robot Space Explorer","Spicy Shops","Spikes Relics","StSLib","Stuff the Spire","SuperFastMode","The Blue Laboratory","The Construct","The Disciple","The Factory","The Gatherer","The Jungle","The Marked","The Runesmith","The Servant 0.9.4","Trackpad","WarShipGirlsR/????R mod","vexMod"],"gold_per_floor":[117,135,146,146,170,201,201,228,254,254,254,254,254,276,276,374,374,404,433,433,433,466,466,466,590,635,635,763,782,782,810,810,810,810],"floor_reached":33,"playtime":2647,"items_purged":[],"score":312,"play_id":"ce4929d6-2713-4be5-9a05-c3b46d322fb1","local_time":"20201220200347","is_ascension_mode":false,"campfire_choices":[{"data":"theMarked:Polarize","floor":7.0,"key":"SMITH"},{"data":"theMarked:Seal","floor":10.0,"key":"SMITH"},{"data":"Menagerie:SteelWall","floor":15,"key":"SMITH"},{"data":"theMarked:ComboAttacks","floor":23,"key":"SMITH"},{"floor":27,"key":"REST"},{"floor":30,"key":"REST"},{"floor":32,"key":"DIG"}],"circlet_count":0,"master_deck":["theMarked:Strike","theMarked:Strike","theMarked:Strike","theMarked:Strike","theMarked:Strike","theMarked:Defend+1","theMarked:Defend","theMarked:Defend","theMarked:Defend","theMarked:SoldierOfQuellstein","theMarked:Polarize+1","theMarked:Seal+1","theMarked:ContemptForTheProud","theMarked:HeritageOfTheMarked+1","theMarked:Electrocute","theMarked:WardOff","Menagerie:Skullclamp+1","Menagerie:DarkRitual","Menagerie:SteelWall+1","theMarked:EmpowerWeapon","theMarked:ThrowWeapon","theMarked:TwofoldDefense+1","theMarked:ComboAttacks+1","theMarked:Levitate","theMarked:MagicAdept+1","theMarked:MysticalArsenal","theMarked:BanishingWave+1"],"relics":["theMarked:ArtifactOfAir","Hammer of Thor","Seething Fire","Anvil of the Gods","aspiration:Nostalgia","PureWater","Menagerie:HuntersKnife","Dota2Spire:EtherealBlade","StuffTheSpire:TintedRock","hubris:TerracottaHorce","Bag of Preparation","hubris:Towel","aspiration:Stabinomicon","Gremlin Food","Happy Flower","Dota2Spire:DivineRapier"],"acts_visited":["Menagerie:Menagerie","TheCity"],"potions_floor_usage":[16,22,25,29],"damage_taken":[{"damage":0.0,"enemies":"Menagerie:MonstrousExperiment","floor":1.0,"turns":4.0},{"damage":0.0,"enemies":"Menagerie:2_RABBITS","floor":2.0,"turns":4.0},{"damage":3.0,"enemies":"Menagerie:StygianBoar","floor":3.0,"turns":5.0},{"damage":15.0,"enemies":"Menagerie:BEAST_MAGE_AND_PROWLING_AMALGAM","floor":5.0,"turns":9.0},{"damage":37.0,"enemies":"Menagerie:Hydra","floor":6.0,"turns":6.0},{"damage":5.0,"enemies":"Menagerie:KEEPER_AND_YOUNG_SUNEATER","floor":8.0,"turns":5.0},{"damage":2,"enemies":"Menagerie:EntropyWarlock","floor":14,"turns":4},{"damage":29,"enemies":"Menagerie:AVATARS","floor":16,"turns":7},{"damage":6,"enemies":"conspire:FuzzyDice","floor":18,"turns":5},{"damage":17,"enemies":"2 Thieves","floor":19,"turns":3},{"damage":17,"enemies":"3 Cultists","floor":22,"turns":4},{"damage":9,"enemies":"Book of Stabbing","floor":25,"turns":5},{"damage":28,"enemies":"Gremlin Leader","floor":28,"turns":5},{"damage":0,"enemies":"Sentry and Sphere","floor":29,"turns":4},{"damage":3,"enemies":"Centurion and Healer","floor":31,"turns":5},{"damage":5,"enemies":"Pondfish","floor":33,"turns":2}],"seed_played":"341784988719170898","potions_obtained":[{"floor":1.0,"key":"SteroidPotion"},{"floor":3.0,"key":"DuplicationPotion"},{"floor":6.0,"key":"Block Potion"},{"floor":8.0,"key":"blueLaboratory:FruitPreserves"},{"floor":18,"key":"blueLaboratory:BottleOfRum"},{"floor":19,"key":"conspire:TimeTravelPotion"},{"floor":22,"key":"Block Potion"}],"is_trial":false,"path_per_floor":["M","M","M","?","M","E","R","M","T","R","$","?","?","M","R","B",null,"M","M","?","?","M","R","?","E","T","R","E","M","R","M","R_BF","B"],"character_chosen":"THE_DEFAULT","items_purchased":[],"campfire_rested":2,"item_purchase_floors":[],"current_hp_per_floor":[70,70,67,65,50,13,13,32,32,32,32,32,32,30,30,1,45,39,22,22,22,22,22,22,13,13,30,2,2,19,16,16,11,11],"gold":810,"neow_bonus":"NOSTALGIA","is_daily":false,"chose_seed":false,"campfire_upgraded":4,"win_rate":0.0,"timestamp":1608523427,"path_taken":["M","?","M","?","M","E","R","?","T","R","?","?","?","M","R","BOSS","M","M","?","?","M","R","?","E","T","R","E","M","R","?","R_BF","BOSS"],"items_purchased_type":[],"build_version":"2020-12-13","purchased_purges":0,"victory":false,"max_hp_per_floor":[70,70,70,65,65,65,65,65,65,65,65,65,59,59,59,59,59,59,59,59,59,59,59,59,59,59,59,59,59,59,59,59,59,59],"card_choices":[{"not_picked":["theMarked:GodGivenPower","theMarked:HeightenedSenses"],"picked":"theMarked:Polarize","floor":1.0},{"not_picked":["theMarked:BanishingStrike","theMarked:TakeCover"],"picked":"theMarked:Seal","floor":2.0},{"not_picked":["theMarked:MysticalArsenal","theMarked:Frustration"],"picked":"theMarked:ContemptForTheProud","floor":3.0},{"not_picked":["theMarked:Panic","theMarked:UnarmedFury"],"picked":"theMarked:HeritageOfTheMarked","floor":5.0},{"not_picked":["theMarked:Aftermath","theMarked:LightningStrikesTwice"],"picked":"theMarked:Electrocute","floor":6.0},{"not_picked":["theMarked:HeightenedSenses","theMarked:PowerFlow"],"picked":"theMarked:WardOff","floor":8.0},{"not_picked":["Menagerie:RelicOfProgenitus","Menagerie:DarkRitual"],"picked":"Menagerie:Skullclamp","floor":13},{"not_picked":["Menagerie:Foresee","Menagerie:Staggershock"],"picked":"Menagerie:DarkRitual","floor":13},{"not_picked":["Menagerie:LightningBolt","Menagerie:WallOfBlossoms"],"picked":"Menagerie:SteelWall","floor":13},{"not_picked":["theMarked:HeritageOfTheMarked","theMarked:Electrocute"],"picked":"theMarked:EmpowerWeapon","floor":14},{"not_picked":["theMarked:SuspiciousRaven","theMarked:FavorableWinds"],"picked":"theMarked:ThrowWeapon","floor":16},{"not_picked":["theMarked:Electrocute","theMarked:ChainLightning","theMarked:TakeCover"],"picked":"SKIP","floor":18},{"not_picked":["theMarked:KeepCalmAndFightOn","theMarked:Snap"],"picked":"theMarked:TwofoldDefense+1","floor":19},{"not_picked":["theMarked:EnhanceMovement","theMarked:BanishingStrike"],"picked":"theMarked:ComboAttacks","floor":22},{"not_picked":["theMarked:Improvise","theMarked:Overthink"],"picked":"theMarked:Levitate","floor":25},{"not_picked":["theMarked:ElectricStrings","theMarked:Aftermath"],"picked":"theMarked:MagicAdept+1","floor":28},{"not_picked":["theMarked:HeightenedSenses","theMarked:TakeCover"],"picked":"theMarked:MysticalArsenal","floor":29},{"not_picked":["theMarked:ContemptForTheProud+1","theMarked:RepellingDischarge"],"picked":"theMarked:BanishingWave+1","floor":31}],"player_experience":954283,"relics_obtained":[{"floor":6.0,"key":"Dota2Spire:EtherealBlade"},{"floor":25,"key":"aspiration:Stabinomicon"},{"floor":26,"key":"Gremlin Food"},{"floor":28,"key":"Happy Flower"},{"floor":32,"key":"Dota2Spire:DivineRapier"}],"event_choices":[{"damage_healed":0.0,"max_hp_gain":0.0,"max_hp_loss":5.0,"gold_gain":0.0,"event_name":"Menagerie:BigGameHunter","player_choice":"Take","floor":4.0,"gold_loss":0.0,"damage_taken":0.0,"relics_obtained":["Menagerie:HuntersKnife"]},{"damage_healed":0,"gold_gain":0,"player_choice":"Lion","damage_taken":0,"relics_obtained":["StuffTheSpire:TintedRock"],"max_hp_gain":0,"max_hp_loss":0,"event_name":"Menagerie:ThreeAnimals","floor":12,"gold_loss":0,"cards_obtained":["Injury"]},{"damage_healed":0,"gold_gain":0,"player_choice":"Read","damage_taken":0,"max_hp_gain":0,"max_hp_loss":6,"event_name":"Menagerie:OvergrownLibrary","floor":13,"gold_loss":0,"cards_obtained":["Doubt"]},{"damage_healed":0,"gold_gain":0,"player_choice":"Upgraded","damage_taken":0,"max_hp_gain":0,"max_hp_loss":0,"event_name":"Upgrade Shrine","floor":24,"gold_loss":0,"cards_upgraded":["theMarked:HeritageOfTheMarked"]}],"is_beta":false,"boss_relics":[{"not_picked":["conspire:RoyalGoblet","Abe\u0027s Treasure"],"picked":"hubris:TerracottaHorce"}],"items_purged_floors":[],"is_endless":false,"potions_floor_spawned":[1,3,6,8,18,19,22],"killed_by":"Pondfish","ascension_level":0}}