{"host":"8u40nq559zpgb6zp","time":1608524537,"event":{"mods":["Aspiration","Bard","BaseMod","Beaked The Cultist","Better Altar","Better Match","Better Note","Better Sensory Stone","Better Skull","Better Third Choice","BetterRewards","CCEM","Clawfect","Conspire","Duelist Mod","Googly Eyes","Halation","Hermit","Highlight Path","Infinite Spire","Jedi Mod","Jorbs\u0027s Wanderer Trilogy","Mad Scientist","Marisa（霧雨　魔理沙）","Minty Spire (QoL Compilation)","Permanent Neow","Replay The Spire","Shade Mod","Shop Mod","Spicy Shops","StSLib","The Bladedancer","The Construct","The Cursed","The Disciple","The Druid","The Gatherer","The Hierophant","The IronCluck","The Jungle","The Mystic","The Necromancer","The Runesmith","The Senshi","The Servant 0.9.4","The Spell Scribe","The Witch","slay the spire mod where everything is the same but ironclad has a cowboy hat"],"gold_per_floor":[115,115,127,145,165,165,165,165,165,165,179,179,194,221,221,317,317,285,210,210,160,160,160,190,206,233,264,281,281,281,298,298,398,398,415,415,415,427,291,322,322,337,337,337,337],"floor_reached":44,"playtime":2796,"items_purged":["Parasite"],"score":526,"play_id":"ee880e98-a5f1-4eea-9b53-58b089001111","local_time":"20201220232217","is_ascension_mode":false,"campfire_choices":[{"data":"Negative_Energy_Shield","floor":6,"key":"SMITH"},{"data":"Negative_Energy_Shield","floor":8,"key":"SMITH"},{"floor":10,"key":"RECALL"},{"data":"Negative_Energy_Javelin","floor":12,"key":"SMITH"},{"floor":15,"key":"DIG"},{"data":"Summon_Vampire_Lady","floor":23,"key":"SMITH"},{"data":"Death_March_Dance","floor":30,"key":"SMITH"},{"data":"Summon_Undead_Army","floor":32,"key":"SMITH"},{"data":"Clawfect:ClawLightning","floor":41,"key":"SMITH"}],"circlet_count":0,"master_deck":["Strike_W","Strike_W","Strike_W","Strike_W+1","Defend_W","Defend_W","Defend_W","Defend_W","Negative_Energy_Arrows","Bone_Wall","Negative_Energy_Shield+1","Negative_Energy_Shield+1","Bone_Bullets","Negative_Energy_Javelin+1","Negative_Energy_Javelin+1","Summon_Vampire_Lady+1","Pandemic+1","Negative_Energy_Bomb+1","Chill_Blood+1","Summon_Undead_Army+1","Death_March_Dance+1","Chill_Blood","Clawfect:ClawLightning+1","Thundercloud+1","RoilingBarrier+1"],"relics":["Vampire_Amulet","aspiration:Nostalgia","Replay:M_StaffOfTheSnake","halation:StarCompass","beaked:ShinyBauble","aspiration:FrozenJewel","Anchor","CCEMRelics:WarHorn","conspire:SlowCooker","jedi:shrinkray","Whetstone","theSenshi:SailorFukuRelic","PrismaticShard","Runic Pyramid","jedi:crownofsimplicity","aspiration:TomeofQuesting","Replay:Rubber Ducky","jedi:arcanewood","CCEMRelics:D6"],"acts_visited":["Exordium","TheCity","TheBeyond"],"potions_floor_usage":[14,14,14,27,33,33,42,42],"damage_taken":[{"damage":3,"enemies":"Jaw Worm","floor":1,"turns":6},{"damage":0,"enemies":"conspire:RoseBush","floor":3,"turns":3},{"damage":0,"enemies":"2 Louse","floor":4,"turns":3},{"damage":1,"enemies":"Looter","floor":5,"turns":5},{"damage":7,"enemies":"Large Slime","floor":11,"turns":7},{"damage":0,"enemies":"2 Fungi Beasts","floor":13,"turns":3},{"damage":0,"enemies":"Replay:BlueRogue","floor":14,"turns":9},{"damage":15,"enemies":"Hexaghost","floor":16,"turns":10},{"damage":22,"enemies":"2 Thieves","floor":18,"turns":5},{"damage":34,"enemies":"Gremlin Leader","floor":24,"turns":8},{"damage":0,"enemies":"Chosen","floor":25,"turns":3},{"damage":6,"enemies":"Book of Stabbing","floor":27,"turns":7},{"damage":5,"enemies":"Centurion and Healer","floor":28,"turns":9},{"damage":14,"enemies":"Chosen and Byrds","floor":31,"turns":5},{"damage":39,"enemies":"conspire:MysteriousRune","floor":33,"turns":7},{"damage":19,"enemies":"3 Shapes","floor":35,"turns":4},{"damage":0,"enemies":"Orb Walker","floor":38,"turns":4},{"damage":0,"enemies":"Nemesis","floor":40,"turns":8},{"damage":17,"enemies":"Spire Growth","floor":42,"turns":5},{"damage":27,"enemies":"Reptomancer","floor":44,"turns":2}],"seed_played":"-5157296284097050165","potions_obtained":[{"floor":3,"key":"PowerPotion"},{"floor":4,"key":"EntropicBrew"},{"floor":5,"key":"Doom Potion"},{"floor":14,"key":"CultistPotion"},{"floor":24,"key":"Block Potion"},{"floor":27,"key":"Fire Potion"},{"floor":38,"key":"ColorlessPotion"},{"floor":40,"key":"AttackPotion"}],"is_trial":false,"path_per_floor":["M","?","M","M","M","R","T","R","T","R","M","R","M","E","R","B",null,"M","?","?","?","?","R","E","M","T","E","M","?","R","M","R","B",null,"M","?","?","M","$","E","R","M","T","E"],"character_chosen":"NECROMANCER","items_purchased":["Replay:Rubber Ducky"],"campfire_rested":0,"item_purchase_floors":[39],"current_hp_per_floor":[74,74,75,75,75,75,75,75,75,75,72,72,75,75,75,62,75,67,67,67,67,75,75,58,60,60,68,75,67,67,63,63,38,75,69,75,18,26,26,34,34,19,19,0,0],"gold":337,"neow_bonus":"NOSTALGIA","is_daily":false,"chose_seed":false,"campfire_upgraded":7,"win_rate":0.0,"timestamp":1608524537,"path_taken":["M","?","M","M","M","R","?","R","T","R","M","R","M","E","R","BOSS","M","?","?","?","?","R","E","M","T","E","M","?","R","?","R","BOSS","M","?","?","M","$","E","R","M","T","E"],"items_purchased_type":["Relic"],"build_version":"2020-12-13","purchased_purges":1,"victory":false,"max_hp_per_floor":[75,75,75,75,75,75,75,75,75,75,75,75,75,75,75,75,75,75,75,75,75,75,75,75,75,75,75,75,75,75,75,75,75,75,75,75,75,75,72,72,72,72,72,72,72],"card_choices":[{"not_picked":["Scare","Spectral_Armor"],"picked":"Negative_Energy_Shield","floor":1},{"not_picked":["Flying Knee","Deaths_Shadow"],"picked":"Negative_Energy_Shield","floor":3},{"not_picked":["Setup","Exploit","Tools of the Trade"],"picked":"SKIP","floor":4},{"not_picked":["ClearTheMind","Sanctity"],"picked":"Bone_Bullets","floor":5},{"not_picked":["Necrotic_Claws","Stop_Heart"],"picked":"Negative_Energy_Javelin","floor":11},{"not_picked":["Crescendo","Well Laid Plans"],"picked":"Bone_Armory","floor":13},{"not_picked":["Bone_Armor","Necrotic_Claws"],"picked":"Negative_Energy_Javelin","floor":14},{"not_picked":["Reap_The_Weak","Establishment"],"picked":"Summon_Vampire_Lady","floor":16},{"not_picked":["Negative_Energy_Sphere","Negative_Energy_Burst"],"picked":"Pandemic+1","floor":18},{"not_picked":["Bones_to_Steel+1","Shade_Step+1"],"picked":"Negative_Energy_Bomb","floor":24},{"not_picked":["Blood_Whip","Bone_Spikes"],"picked":"Chill_Blood","floor":25},{"not_picked":["Life_Tap","Blood_Curse"],"picked":"Summon_Undead_Army","floor":27},{"not_picked":["Necromantic_Selection","Bone_Shift"],"picked":"Death_March_Dance","floor":28},{"not_picked":["Blood_Whip","Necrotic_Claws"],"picked":"Chill_Blood","floor":29},{"not_picked":["theDuelist:WorldCarrot","Runesmith:StaticCage","theDuelist:InsectMetronome+1"],"picked":"SKIP","floor":31},{"not_picked":["blademaster:Discharge","theDuelist:FusionTag+1"],"picked":"Clawfect:ClawLightning","floor":35},{"not_picked":["theDuelist:CyberDragonVier+1","Distraction","Wraith Form v2"],"picked":"SKIP","floor":38},{"not_picked":["theDuelist:GhostrickMummy","Gatherer:DrugPower"],"picked":"Thundercloud+1","floor":40},{"not_picked":["Rearm+1","theDuelist:SplashCapture"],"picked":"RoilingBarrier+1","floor":42}],"player_experience":899232,"relics_obtained":[{"floor":7,"key":"beaked:ShinyBauble"},{"floor":9,"key":"aspiration:FrozenJewel"},{"floor":14,"key":"Anchor"},{"floor":15,"key":"CCEMRelics:WarHorn"},{"floor":24,"key":"Whetstone"},{"floor":27,"key":"theSenshi:SailorFukuRelic"},{"floor":29,"key":"PrismaticShard"},{"floor":40,"key":"jedi:arcanewood"},{"floor":43,"key":"CCEMRelics:D6"}],"event_choices":[{"damage_healed":0,"gold_gain":0,"player_choice":"3","damage_taken":0,"max_hp_gain":0,"max_hp_loss":0,"event_name":"betterMatch:BetterMatch","floor":19,"gold_loss":0,"cards_obtained":[]},{"damage_healed":0,"gold_gain":0,"player_choice":"Gave Potion","damage_taken":0,"relics_obtained":["jedi:shrinkray"],"max_hp_gain":0,"max_hp_loss":0,"event_name":"WeMeetAgain","floor":20,"gold_loss":0},{"damage_healed":0,"gold_gain":0,"player_choice":"Bet on Murderer","damage_taken":0,"max_hp_gain":0,"max_hp_loss":0,"event_name":"The Joust","floor":21,"gold_loss":50},{"cards_removed":["Bone_Armory"],"damage_healed":8,"gold_gain":0,"player_choice":"Offered Uncommon","damage_taken":0,"max_hp_gain":0,"max_hp_loss":0,"event_name":"Bonfire Elementals","floor":22,"gold_loss":0},{"damage_healed":0,"gold_gain":0,"player_choice":"RE RE UP UP ","damage_taken":65,"relics_obtained":["jedi:crownofsimplicity","aspiration:TomeofQuesting"],"max_hp_gain":0,"max_hp_loss":0,"event_name":"betterSkull:BetterSkull","floor":37,"gold_loss":0,"cards_upgraded":["Chill_Blood","Negative_Energy_Bomb"]}],"is_beta":false,"boss_relics":[{"not_picked":["conspire:SeveredTorchhead","beaked:MawFillet"],"picked":"conspire:SlowCooker"},{"not_picked":["Astrolabe","SacredBark"],"picked":"Runic Pyramid"}],"items_purged_floors":[39],"is_endless":false,"potions_floor_spawned":[3,4,5,13,14,18,24,27,38,40],"killed_by":"Reptomancer","ascension_level":0}}