{"host":"78zdngn0u28jm0pp","time":1608539824,"event":{"mods":["BaseMod","Jorbs\u0027s Wanderer Trilogy","Minty Spire (QoL Compilation)","Permanent Neow","Quick Restart","Relic Stats","StSLib","Unceasing Turn Reminder"],"gold_per_floor":[363,373,390,98,125,153,153,153,153,153,153,193,219,255,255,326,326,369,369,294,339,0,0,0,0,82,159,159,221,282,320,320,420,420,437,99,165,190,25,25,88,88,88,142,175,213,213,231,231,231,231],"floor_reached":50,"playtime":2978,"items_purged":["stsjorbsmod:Amnesia","Strike_G+1"],"score":1075,"play_id":"4a186723-f2f9-4338-99fe-2760e3d54900","local_time":"20201221013704","is_ascension_mode":true,"campfire_choices":[{"data":"HandOfGreed","floor":8,"key":"SMITH"},{"floor":11,"key":"REST"},{"floor":15,"key":"REST"},{"floor":23,"key":"REST"},{"data":"Tools of the Trade","floor":28,"key":"SMITH"},{"floor":32,"key":"REST"},{"data":"Crippling Poison","floor":40,"key":"SMITH"},{"floor":42,"key":"REST"},{"floor":49,"key":"RECALL"}],"circlet_count":0,"master_deck":["AscendersBane","Strike_G+1","Strike_G+1","Defend_G+1","Defend_G+1","Defend_G+1","Defend_G+1","Defend_G+1","Survivor","Slice","PiercingWail","Quick Slash","HandOfGreed+1","Poisoned Stab","Crippling Poison+1","Footwork","Doppelganger","Acrobatics","Acrobatics","Tools of the Trade+1","Reflex+1","Prepared+1","Slice","Burst+1","Underhanded Strike","Noxious Fumes","Tactician+1","Footwork","Deflect+1","Dagger Throw+1","Calculated Gamble+1","Terror+1"],"relics":["Ring of the Snake","Anchor","Bronze Scales","PreservedInsect","Ornamental Fan","Tingsha","HoveringKite","Toxic Egg 2","Bottled Tornado","White Beast Statue","SacredBark","ClockworkSouvenir","Turnip","Medical Kit","Nunchaku","Ancient Tea Set"],"acts_visited":["Exordium","TheCity","TheBeyond"],"potions_floor_usage":[6,6,16,27,33,33,37,41,45,45,48,50],"damage_taken":[{"damage":6,"enemies":"Cultist","floor":1,"turns":5},{"damage":4,"enemies":"Small Slimes","floor":2,"turns":5},{"damage":0,"enemies":"2 Louse","floor":3,"turns":4},{"damage":8,"enemies":"Gremlin Nob","floor":6,"turns":3},{"damage":8,"enemies":"Gremlin Gang","floor":12,"turns":4},{"damage":16,"enemies":"Lagavulin","floor":13,"turns":5},{"damage":0,"enemies":"Blue Slaver","floor":14,"turns":3},{"damage":59,"enemies":"Slime Boss","floor":16,"turns":14},{"damage":19,"enemies":"Shell Parasite","floor":18,"turns":7},{"damage":14,"enemies":"Chosen","floor":21,"turns":6},{"damage":11,"enemies":"Slavers","floor":27,"turns":5},{"damage":9,"enemies":"Sentry and Sphere","floor":29,"turns":6},{"damage":3,"enemies":"Centurion and Healer","floor":30,"turns":7},{"damage":3,"enemies":"Chosen and Byrds","floor":31,"turns":5},{"damage":39,"enemies":"Automaton","floor":33,"turns":12},{"damage":6,"enemies":"3 Darklings","floor":35,"turns":5},{"damage":0,"enemies":"3 Shapes","floor":37,"turns":7},{"damage":0,"enemies":"Mind Bloom Boss Battle","floor":38,"turns":5},{"damage":22,"enemies":"Sphere and 2 Shapes","floor":41,"turns":7},{"damage":6,"enemies":"Nemesis","floor":45,"turns":6},{"damage":0,"enemies":"Spire Growth","floor":46,"turns":5},{"damage":3,"enemies":"Transient","floor":48,"turns":6},{"damage":41,"enemies":"Awakened One","floor":50,"turns":3}],"seed_played":"-813560264331544503","potions_obtained":[{"floor":1,"key":"Fire Potion"},{"floor":3,"key":"Weak Potion"},{"floor":12,"key":"FairyPotion"},{"floor":14,"key":"PowerPotion"},{"floor":29,"key":"SmokeBomb"},{"floor":30,"key":"Strength Potion"},{"floor":31,"key":"Ancient Potion"},{"floor":33,"key":"Fruit Juice"},{"floor":35,"key":"Block Potion"},{"floor":37,"key":"FearPotion"},{"floor":38,"key":"EssenceOfSteel"},{"floor":41,"key":"LiquidBronze"},{"floor":45,"key":"Block Potion"},{"floor":46,"key":"PowerPotion"},{"floor":48,"key":"CunningPotion"}],"is_trial":false,"path_per_floor":["M","M","M","$","T","E","?","R","T","?","R","M","E","M","R","B",null,"M","?","?","M","$","R","?","$","T","E","R","M","M","M","R","B",null,"M","$","M","?","$","R","M","R","T","T","E","M","?","M","R","B"],"character_chosen":"THE_SILENT","items_purchased":["HandOfGreed","Toxic Egg 2","SkillPotion","Noxious Fumes","ClockworkSouvenir","Medical Kit"],"campfire_rested":5,"item_purchase_floors":[4,22,22,36,36,39],"current_hp_per_floor":[53,49,49,49,49,41,30,30,30,30,49,41,25,25,44,13,53,34,34,34,20,20,39,52,52,52,41,41,32,29,26,45,11,56,50,50,50,50,50,50,28,49,49,49,43,43,43,40,40,0,0],"gold":231,"neow_bonus":"TWO_FIFTY_GOLD","is_daily":false,"chose_seed":false,"campfire_upgraded":3,"win_rate":0.0,"timestamp":1608539824,"path_taken":["M","M","M","$","?","E","?","R","T","?","R","?","E","M","R","BOSS","M","?","?","M","$","R","?","?","T","E","R","M","M","?","R","BOSS","M","$","M","?","$","R","M","R","T","?","E","M","?","?","R","BOSS"],"items_purchased_type":["Card","Relic","Potion","Card","Relic","Relic"],"build_version":"2020-12-13","purchased_purges":2,"victory":false,"max_hp_per_floor":[66,66,66,66,66,66,66,66,66,66,66,66,66,66,66,66,66,66,66,66,66,66,66,66,66,66,66,66,66,66,66,66,71,71,71,71,71,71,71,71,71,71,71,71,71,71,71,71,71,71,71],"relic_stats":{"Nunchaku":[5],"counters":[23,135],"Ornamental Fan":[204],"Bronze Scales":[289],"HoveringKite":[69],"Tingsha":[621],"PreservedInsect":127,"Turnip":[5],"Medical Kit":[14],"obtain_stats":[{"SacredBark":34,"HoveringKite":17,"Tingsha":13,"PreservedInsect":7,"Bottled Tornado":26,"Medical Kit":39,"Ancient Tea Set":45,"White Beast Statue":27,"ClockworkSouvenir":36,"Anchor":5,"Nunchaku":44,"Ornamental Fan":9,"Bronze Scales":6,"Turnip":38,"Toxic Egg 2":22,"Ring of the Snake":0},{"SacredBark":15,"HoveringKite":8,"Tingsha":6,"PreservedInsect":4,"Bottled Tornado":10,"Medical Kit":18,"Ancient Tea Set":20,"White Beast Statue":11,"ClockworkSouvenir":16,"Anchor":3,"Nunchaku":19,"Ornamental Fan":4,"Bronze Scales":4,"Turnip":18,"Toxic Egg 2":10,"Ring of the Snake":0},{"SacredBark":91,"HoveringKite":43,"Tingsha":26,"PreservedInsect":17,"Bottled Tornado":56,"Medical Kit":108,"Ancient Tea Set":121,"White Beast Statue":61,"ClockworkSouvenir":96,"Anchor":14,"Nunchaku":115,"Ornamental Fan":17,"Bronze Scales":17,"Turnip":108,"Toxic Egg 2":56,"Ring of the Snake":0}],"Ring of the Snake":[46]},"card_choices":[{"not_picked":["Underhanded Strike","Well Laid Plans"],"picked":"Slice","floor":1},{"not_picked":["Masterful Stab","Outmaneuver"],"picked":"PiercingWail","floor":2},{"not_picked":["Sucker Punch","Slice"],"picked":"Quick Slash","floor":3},{"not_picked":["Underhanded Strike","Acrobatics"],"picked":"Poisoned Stab","floor":6},{"not_picked":["Bullet Time","Bane","Cloak And Dagger"],"picked":"SKIP","floor":12},{"not_picked":["Dodge and Roll","Eviscerate"],"picked":"Crippling Poison","floor":13},{"not_picked":["Infinite Blades","Cloak And Dagger"],"picked":"Footwork","floor":14},{"not_picked":["A Thousand Cuts","Night Terror"],"picked":"Doppelganger","floor":16},{"not_picked":["Dodge and Roll","Quick Slash+1"],"picked":"Acrobatics","floor":18},{"not_picked":["Escape Plan","Quick Slash"],"picked":"Acrobatics","floor":21},{"not_picked":["Expertise+1","Sucker Punch"],"picked":"Tools of the Trade","floor":27},{"not_picked":["Dodge and Roll+1","PiercingWail+1"],"picked":"Reflex+1","floor":29},{"not_picked":["Acrobatics+1","Outmaneuver+1"],"picked":"Prepared+1","floor":30},{"not_picked":["Sucker Punch+1","Escape Plan+1"],"picked":"Slice","floor":31},{"not_picked":["Adrenaline+1","Venomology+1"],"picked":"Burst+1","floor":33},{"not_picked":["Outmaneuver+1","Endless Agony+1"],"picked":"Underhanded Strike","floor":35},{"not_picked":["Quick Slash+1","Blur+1"],"picked":"Tactician+1","floor":37},{"not_picked":["Poisoned Stab","Leg Sweep+1"],"picked":"Footwork","floor":38},{"not_picked":["PiercingWail+1","Grand Finale"],"picked":"Deflect+1","floor":41},{"not_picked":["Poisoned Stab","PiercingWail+1"],"picked":"Dagger Throw+1","floor":45},{"not_picked":["Prepared+1","Bullet Time+1"],"picked":"Calculated Gamble+1","floor":46},{"not_picked":["Poisoned Stab+1","Blade Dance+1"],"picked":"Terror+1","floor":48}],"player_experience":660567,"relics_obtained":[{"floor":5,"key":"Anchor"},{"floor":6,"key":"Bronze Scales"},{"floor":9,"key":"Ornamental Fan"},{"floor":13,"key":"Tingsha"},{"floor":26,"key":"Bottled Tornado"},{"floor":27,"key":"White Beast Statue"},{"floor":38,"key":"Turnip"},{"floor":44,"key":"Nunchaku"},{"floor":45,"key":"Ancient Tea Set"}],"event_choices":[{"damage_healed":0,"gold_gain":0,"player_choice":"Success","damage_taken":11,"relics_obtained":["PreservedInsect"],"max_hp_gain":0,"max_hp_loss":0,"event_name":"Scrap Ooze","floor":7,"gold_loss":0},{"cards_removed":["Strike_G"],"damage_healed":0,"gold_gain":0,"player_choice":"Purged","damage_taken":0,"max_hp_gain":0,"max_hp_loss":0,"event_name":"Purifier","floor":10,"gold_loss":0},{"damage_healed":0,"gold_gain":0,"player_choice":"Simplicity","damage_taken":0,"max_hp_gain":0,"max_hp_loss":0,"event_name":"Back to Basics","floor":19,"gold_loss":0,"cards_upgraded":["Strike_G","Strike_G","Strike_G","Strike_G","Defend_G","Defend_G","Defend_G","Defend_G","Defend_G"]},{"cards_removed":["Strike_G"],"damage_healed":0,"gold_gain":0,"player_choice":"Gave Gold","damage_taken":0,"max_hp_gain":0,"max_hp_loss":0,"event_name":"Beggar","floor":20,"gold_loss":75},{"damage_healed":13,"gold_gain":0,"player_choice":"Heal","damage_taken":0,"max_hp_gain":0,"max_hp_loss":0,"event_name":"The Library","floor":24,"gold_loss":0},{"damage_healed":0,"gold_gain":0,"player_choice":"Fight","damage_taken":0,"max_hp_gain":0,"max_hp_loss":0,"event_name":"MindBloom","floor":38,"gold_loss":0},{"cards_removed":["Neutralize"],"damage_healed":0,"gold_gain":0,"player_choice":"Removed Attack","damage_taken":0,"max_hp_gain":0,"max_hp_loss":0,"event_name":"Falling","floor":47,"gold_loss":0}],"is_beta":false,"boss_relics":[{"not_picked":["Busted Crown","Coffee Dripper"],"picked":"HoveringKite"},{"not_picked":["Empty Cage","Runic Dome"],"picked":"SacredBark"}],"items_purged_floors":[4,36],"is_endless":false,"potions_floor_spawned":[1,3,12,14,29,30,31,33,35,37,38,41,45,46,48],"killed_by":"Awakened One","ascension_level":20}}