{"host":"qwttrqaysb380yri","time":1608583785,"event":{"mods":["BaseMod","Custom Start","Minty Spire (QoL Compilation)","Permanent Neow","Puzzle Mod","Relic Stats","StSLib","The Cursed","The Hierophant"],"gold_per_floor":[115,129,146,146,146,173,190,190,190,219,229,263,263,288,288,288,288],"floor_reached":16,"playtime":509,"items_purged":[],"score":221,"play_id":"71e0a991-b0c3-4293-8f1c-1718c113e7d6","local_time":"20201221214945","is_ascension_mode":true,"campfire_choices":[{"floor":8,"key":"REST"},{"floor":13,"key":"REST"},{"floor":15,"key":"REST"}],"circlet_count":0,"master_deck":["AscendersBane","Strike_G","Strike_G","Strike_G","Strike_G","Defend_G","Defend_G","Defend_G","Defend_G","Defend_G","Survivor","Neutralize","Sucker Punch","Blade Dance","Flying Knee","Leg Sweep","Slice","Noxious Fumes","Blade Dance","Deflect","Catalyst"],"relics":["Ring of the Snake","Lantern","Snake Skull","InkBottle","Gremlin Horn","Toy Ornithopter","Mummified Hand","Happy Flower"],"acts_visited":["Exordium"],"potions_floor_usage":[10,12,12],"damage_taken":[{"damage":2,"enemies":"Cultist","floor":1,"turns":4},{"damage":0,"enemies":"Jaw Worm","floor":2,"turns":4},{"damage":4,"enemies":"2 Louse","floor":3,"turns":4},{"damage":32,"enemies":"Gremlin Nob","floor":6,"turns":5},{"damage":0,"enemies":"Blue Slaver","floor":7,"turns":4},{"damage":26,"enemies":"Lagavulin","floor":10,"turns":9},{"damage":3,"enemies":"Large Slime","floor":11,"turns":4},{"damage":12,"enemies":"Gremlin Nob","floor":12,"turns":3},{"damage":19,"enemies":"Lagavulin","floor":14,"turns":6},{"damage":26,"enemies":"Slime Boss","floor":16,"turns":4}],"seed_played":"6609100244781918169","potions_obtained":[{"floor":2,"key":"Ancient Potion"},{"floor":6,"key":"GamblersBrew"},{"floor":10,"key":"Strength Potion"},{"floor":11,"key":"LiquidBronze"}],"is_trial":false,"path_per_floor":["M","M","M","?","?","E","M","R","T","E","M","E","R","E","R","B"],"character_chosen":"THE_SILENT","items_purchased":[],"campfire_rested":3,"item_purchase_floors":[],"current_hp_per_floor":[57,57,53,50,50,18,18,37,37,11,8,6,25,6,25,0,0],"gold":288,"neow_bonus":"RANDOM_COMMON_RELIC","is_daily":false,"chose_seed":false,"campfire_upgraded":0,"win_rate":0.0,"timestamp":1608583785,"path_taken":["M","M","?","?","?","E","M","R","T","E","M","E","R","E","R","BOSS"],"items_purchased_type":[],"build_version":"2020-12-13","purchased_purges":0,"victory":false,"max_hp_per_floor":[66,66,66,66,66,66,66,66,66,66,66,66,66,66,66,66,66],"relic_stats":{"Gremlin Horn":[1,1],"Happy Flower":[1],"counters":[10,47],"Mummified Hand":[2],"Snake Skull":[17],"obtain_stats":[{"Lantern":0,"Gremlin Horn":9,"Happy Flower":14,"Mummified Hand":12,"Snake Skull":4,"InkBottle":6,"Toy Ornithopter":10,"Ring of the Snake":0},{"Lantern":0,"Gremlin Horn":5,"Happy Flower":9,"Mummified Hand":8,"Snake Skull":3,"InkBottle":4,"Toy Ornithopter":6,"Ring of the Snake":0},{"Lantern":0,"Gremlin Horn":21,"Happy Flower":43,"Mummified Hand":37,"Snake Skull":12,"InkBottle":17,"Toy Ornithopter":30,"Ring of the Snake":0}],"InkBottle":[14],"Toy Ornithopter":10,"Ring of the Snake":[20]},"card_choices":[{"not_picked":["Outmaneuver","Setup"],"picked":"Sucker Punch","floor":1},{"not_picked":["Catalyst","Sucker Punch"],"picked":"Blade Dance","floor":2},{"not_picked":["Expertise","Cloak And Dagger"],"picked":"Flying Knee","floor":3},{"not_picked":["Choke","Terror"],"picked":"Slice","floor":6},{"not_picked":["Die Die Die","Outmaneuver"],"picked":"Noxious Fumes","floor":7},{"not_picked":["Sucker Punch","Riddle With Holes"],"picked":"Blade Dance","floor":10},{"not_picked":["Bane","Flying Knee"],"picked":"Deflect","floor":11},{"not_picked":["Tactician","Doppelganger","Eviscerate"],"picked":"SKIP","floor":12},{"not_picked":["Cloak And Dagger","Deflect"],"picked":"Catalyst","floor":14}],"player_experience":1926119,"relics_obtained":[{"floor":6,"key":"InkBottle"},{"floor":9,"key":"Gremlin Horn"},{"floor":10,"key":"Toy Ornithopter"},{"floor":12,"key":"Mummified Hand"},{"floor":14,"key":"Happy Flower"}],"event_choices":[{"damage_healed":0,"gold_gain":0,"player_choice":"Success","damage_taken":3,"relics_obtained":["Snake Skull"],"max_hp_gain":0,"max_hp_loss":0,"event_name":"Scrap Ooze","floor":4,"gold_loss":0},{"damage_healed":0,"gold_gain":0,"cards_transformed":["Strike_G"],"player_choice":"Change","damage_taken":0,"max_hp_gain":0,"max_hp_loss":0,"event_name":"Living Wall","floor":5,"gold_loss":0,"cards_obtained":["Leg Sweep"]}],"is_beta":false,"boss_relics":[],"items_purged_floors":[],"is_endless":false,"potions_floor_spawned":[2,6,7,10,11],"killed_by":"Slime Boss","ascension_level":14}}