{"host":"jksa5rawk3m4gilz","time":1608554476,"event":{"mods":["BaseMod","Colored Map","Highlight Path","Minty Spire (QoL Compilation)","Quick Restart"],"gold_per_floor":[119,119,194,194,204,234,234,269,296,296,331,100,114,145,145,145,145],"floor_reached":16,"playtime":468,"items_purged":["Strike_P"],"score":249,"play_id":"9de7d8c1-6fe5-4d85-9c3c-8103752248e2","local_time":"20201221134116","is_ascension_mode":true,"campfire_choices":[{"data":"SignatureMove","floor":7,"key":"SMITH"},{"data":"Eruption","floor":10,"key":"SMITH"},{"floor":15,"key":"REST"}],"circlet_count":0,"master_deck":["AscendersBane","Strike_P","Strike_P","Defend_P","Defend_P","Defend_P","Defend_P","Eruption+1","Vigilance","DeceiveReality","SandsOfTime","SignatureMove+1","PathToVictory","Protect","Protect","DeusExMachina","Tantrum"],"relics":["PureWater","NeowsBlessing","Dream Catcher","Tiny Chest","Damaru","Akabeko","Oddly Smooth Stone","MealTicket"],"acts_visited":["Exordium"],"potions_floor_usage":[11],"damage_taken":[{"damage":0,"enemies":"Small Slimes","floor":1,"turns":1},{"damage":0,"enemies":"Jaw Worm","floor":5,"turns":1},{"damage":0,"enemies":"Gremlin Nob","floor":6,"turns":1},{"damage":8,"enemies":"Lagavulin","floor":8,"turns":7},{"damage":24,"enemies":"3 Sentries","floor":11,"turns":5},{"damage":0,"enemies":"2 Louse","floor":13,"turns":2},{"damage":16,"enemies":"Gremlin Nob","floor":14,"turns":4},{"damage":34,"enemies":"Hexaghost","floor":16,"turns":7}],"seed_played":"1573117910771701350","potions_obtained":[{"floor":8,"key":"Explosive Potion"},{"floor":13,"key":"ColorlessPotion"},{"floor":14,"key":"StancePotion"}],"is_trial":false,"path_per_floor":["M","?","?","?","M","E","R","E","T","R","E","$","M","E","R","B"],"character_chosen":"WATCHER","items_purchased":["Oddly Smooth Stone"],"campfire_rested":1,"item_purchase_floors":[12],"current_hp_per_floor":[65,65,54,59,59,59,59,51,51,51,27,27,27,11,34,0,0],"gold":145,"neow_bonus":"THREE_ENEMY_KILL","is_daily":false,"chose_seed":false,"campfire_upgraded":2,"win_rate":0.0,"timestamp":1608554476,"path_taken":["M","?","?","?","M","E","R","E","T","R","E","$","M","E","R","BOSS"],"items_purchased_type":["Relic"],"build_version":"2020-12-13","purchased_purges":1,"victory":false,"max_hp_per_floor":[72,72,72,77,77,77,77,77,77,77,77,77,77,77,77,77,77],"card_choices":[{"not_picked":["CutThroughFate","FlurryOfBlows"],"picked":"DeceiveReality","floor":1},{"not_picked":["WreathOfFlame","FlyingSleeves"],"picked":"SignatureMove","floor":5},{"not_picked":["JustLucky","Conclude"],"picked":"PathToVictory","floor":6},{"not_picked":["BattleHymn","MentalFortress"],"picked":"Protect","floor":8},{"not_picked":["WaveOfTheHand","CutThroughFate","MentalFortress"],"picked":"SKIP","floor":11},{"not_picked":["TalkToTheHand","CrushJoints"],"picked":"Protect","floor":13},{"not_picked":["Prostrate","ClearTheMind"],"picked":"DeusExMachina","floor":14},{"not_picked":["FlyingSleeves","Fasting2"],"picked":"Tantrum","floor":15}],"player_experience":2045194,"relics_obtained":[{"floor":6,"key":"Dream Catcher"},{"floor":8,"key":"Tiny Chest"},{"floor":9,"key":"Damaru"},{"floor":11,"key":"Akabeko"},{"floor":14,"key":"MealTicket"}],"event_choices":[{"damage_healed":0,"gold_gain":0,"cards_transformed":["Strike_P"],"player_choice":"Change","damage_taken":0,"max_hp_gain":0,"max_hp_loss":0,"event_name":"Living Wall","floor":2,"gold_loss":0,"cards_obtained":["SandsOfTime"]},{"damage_healed":0,"gold_gain":75,"player_choice":"Gather Gold","damage_taken":11,"max_hp_gain":0,"max_hp_loss":0,"event_name":"World of Goop","floor":3,"gold_loss":0},{"damage_healed":0,"gold_gain":0,"player_choice":"Donut","damage_taken":0,"max_hp_gain":5,"max_hp_loss":0,"event_name":"Big Fish","floor":4,"gold_loss":0}],"is_beta":false,"boss_relics":[],"items_purged_floors":[12],"is_endless":false,"potions_floor_spawned":[8,13,14],"killed_by":"Hexaghost","ascension_level":13}}