{"host":"mt3nndg5ku536gxi","time":1608528491,"event":{"mods":["BaseMod","Challenge The Spire","Colored Powertips","Minty Spire (QoL Compilation)","StSLib"],"gold_per_floor":[118,118,153,179,208,208,208,208,543,543,543],"floor_reached":10,"playtime":641,"items_purged":["Strike_R"],"score":245,"play_id":"74aec40d-a78b-413d-881a-51e9e1a48730","local_time":"20201221132811","daily_mods":["challengethespire:Gold Difficulty","challengethespire:Elite Rush","Uncertain Future"],"is_ascension_mode":true,"campfire_choices":[{"data":"Shrug It Off","floor":2.0,"key":"SMITH"},{"data":"Barricade","floor":7.0,"key":"SMITH"},{"data":"Entrench","floor":8.0,"key":"SMITH"}],"circlet_count":0,"master_deck":["AscendersBane","Strike_R","Strike_R","Strike_R","Strike_R","Defend_R","Defend_R","Defend_R","Defend_R","Bash","Havoc","Shrug It Off+1","Barricade+1","Entrench+1","Second Wind","Evolve"],"relics":["Burning Blood","Black Star","Sling","PreservedInsect","Bag of Preparation","White Beast Statue","MealTicket","FossilizedHelix","Regal Pillow","Strawberry","Champion Belt","Potion Belt","Philosopher\u0027s Stone","Anchor","Old Coin"],"acts_visited":["Exordium"],"potions_floor_usage":[9,10],"damage_taken":[{"damage":40.0,"enemies":"3 Sentries","floor":3.0,"turns":12.0},{"damage":0.0,"enemies":"Lagavulin","floor":4.0,"turns":7.0},{"damage":0.0,"enemies":"Gremlin Nob","floor":5.0,"turns":3.0},{"damage":48,"enemies":"Book of Stabbing","floor":9,"turns":7},{"damage":0,"enemies":"Gremlin Leader","floor":10,"turns":3}],"seed_played":"7111469148321680066","potions_obtained":[{"floor":3.0,"key":"PowerPotion"},{"floor":4.0,"key":"Fire Potion"},{"floor":5.0,"key":"ColorlessPotion"},{"floor":9,"key":"Dexterity Potion"}],"is_trial":true,"path_per_floor":["$","R","E","E","E","T","R","R","E","E"],"character_chosen":"IRONCLAD","items_purchased":["Bag of Preparation","Havoc","White Beast Statue","Shrug It Off","EntropicBrew"],"campfire_rested":0,"item_purchase_floors":[1,1,1,1,1],"current_hp_per_floor":[68,68,49,62,68,68,68,68,26,26,26],"gold":543,"neow_bonus":"","is_daily":false,"chose_seed":false,"campfire_upgraded":3,"win_rate":0.0,"timestamp":1608528491,"path_taken":["$","R","E","E","E","T","R","R","E","E"],"items_purchased_type":["Relic","Card","Relic","Card","Potion"],"build_version":"2020-12-13","purchased_purges":1,"victory":false,"max_hp_per_floor":[75,75,75,82,82,82,82,82,82,82,82],"card_choices":[],"player_experience":278847,"relics_obtained":[{"floor":3.0,"key":"MealTicket"},{"floor":3.0,"key":"FossilizedHelix"},{"floor":4.0,"key":"Regal Pillow"},{"floor":4.0,"key":"Strawberry"},{"floor":5.0,"key":"Champion Belt"},{"floor":5.0,"key":"Potion Belt"},{"floor":9,"key":"Anchor"},{"floor":9,"key":"Old Coin"}],"event_choices":[],"is_beta":false,"boss_relics":[{"not_picked":["Mark of Pain","Cursed Key"],"picked":"Philosopher\u0027s Stone"}],"items_purged_floors":[1],"is_endless":false,"potions_floor_spawned":[3,4,5,9],"killed_by":"Gremlin Leader","ascension_level":15}}