{"host":"qbvxbacgnxuisbbe","time":1608510030,"event":{"mods":["Alarm Clock","BaseMod","Minty Spire (QoL Compilation)","Spicy Shops","StSLib","Uncapped"],"gold_per_floor":[109,109,17,17,167,167,167,167],"floor_reached":7,"playtime":171,"items_purged":[],"score":74,"play_id":"eca8ec0f-1626-40c4-abaa-77458ecdaa81","local_time":"20201221002030","daily_mods":["Heirloom"],"is_ascension_mode":true,"campfire_choices":[{"data":"Survivor","floor":6.0,"key":"SMITH"}],"circlet_count":0,"master_deck":["AscendersBane","Strike_G","Strike_G","Strike_G","Strike_G","Strike_G","Defend_G+1","Defend_G","Defend_G","Defend_G","Defend_G","Survivor+1","Neutralize+1","Flash of Steel","Doubt"],"relics":["Ring of the Snake","Dead Branch","HornCleat"],"acts_visited":["Exordium"],"potions_floor_usage":[7],"damage_taken":[{"damage":4.0,"enemies":"Cultist","floor":1.0,"turns":6.0},{"damage":19,"enemies":"Lagavulin","floor":7,"turns":7}],"seed_played":"6344596168842264940","potions_obtained":[{"floor":1.0,"key":"SteroidPotion"}],"is_trial":true,"path_per_floor":["M","?","$","?","?","R","E"],"character_chosen":"THE_SILENT","items_purchased":["Flash of Steel"],"campfire_rested":0,"item_purchase_floors":[3],"current_hp_per_floor":[55,44,44,24,24,24,5,5],"gold":167,"neow_bonus":"","is_daily":false,"chose_seed":false,"campfire_upgraded":1,"win_rate":0.0,"timestamp":1608510030,"path_taken":["M","?","$","?","?","R","E"],"items_purchased_type":["Card"],"build_version":"2020-12-13","purchased_purges":0,"victory":false,"max_hp_per_floor":[66,66,66,66,66,66,66,66],"card_choices":[{"not_picked":["Dagger Throw","Dodge and Roll","Prepared"],"picked":"SKIP","floor":1.0}],"player_experience":115598,"relics_obtained":[],"event_choices":[{"damage_healed":0.0,"max_hp_gain":0.0,"max_hp_loss":0.0,"gold_gain":0.0,"event_name":"Scrap Ooze","player_choice":"Success","floor":2.0,"gold_loss":0.0,"damage_taken":11.0,"relics_obtained":["HornCleat"]},{"damage_healed":0.0,"max_hp_gain":0.0,"max_hp_loss":0.0,"gold_gain":0.0,"event_name":"Shining Light","player_choice":"Entered Light","floor":4.0,"gold_loss":0.0,"damage_taken":20.0,"cards_upgraded":["Neutralize","Defend_G"]},{"damage_healed":0.0,"max_hp_gain":0.0,"max_hp_loss":0.0,"gold_gain":150.0,"event_name":"Liars Game","player_choice":"AGREE","floor":5.0,"gold_loss":0.0,"damage_taken":0.0,"cards_obtained":["Doubt"]}],"is_beta":false,"boss_relics":[],"items_purged_floors":[],"is_endless":true,"potions_floor_spawned":[1],"killed_by":"Lagavulin","ascension_level":20}}