{"host":"mal0jdk4f6ubgyb8","time":1608528600,"event":{"mods":["BaseMod","Koishi","Luminous","Marisa（F雨　魔理沙）","Minty Spire (QoL Compilation)","Quick Restart","Reimu（博丽灵梦）","Relic Stats","Remilia（蕾米莉亚）","StSLib","WarShipGirlsR/战舰少女R mod","Youmu（魂魄妖梦）","Yuri Mod","Yuyuko","【东方二次创作】八云紫mod"],"gold_per_floor":[119,44,319,330,343,369,369,395,476,493,72,100,100,118,118,217,217,235,160,160,160,171,200,200,233,233,233,86,86,141,173,173,291,291,326,360,425,425,16,65,92,92,170,205,243,243,294,294,294,314,314,314,67,116,136],"floor_reached":56,"playtime":3222,"items_purged":["Luminous:Defend_Luminous","Regret"],"score":1919,"play_id":"2e41cd5f-8825-4ce7-87de-feb32cf2c5f1","local_time":"20201221133000","is_ascension_mode":true,"campfire_choices":[{"data":"Luminous:Light_Track","floor":7.0,"key":"SMITH"},{"floor":13.0,"key":"RECALL"},{"data":"Apotheosis","floor":15.0,"key":"SMITH"},{"data":"BatForm","floor":24.0,"key":"SMITH"},{"data":"Discovery","floor":27.0,"key":"SMITH"},{"floor":32.0,"key":"DIG"},{"floor":42,"key":"DIG"},{"floor":46,"key":"DIG"},{"floor":49,"key":"DIG"},{"floor":52,"key":"DIG"}],"circlet_count":0,"master_deck":["Luminous:Light_Flash_Shower","Luminous:Light_Flash_Shower","Luminous:Light_Flash_Shower","Luminous:Dark_Abyssal_Drop","Luminous:Dark_Abyssal_Drop","Luminous:Dark_Abyssal_Drop","Luminous:Defend_Luminous","Luminous:Defend_Luminous","Luminous:Switch_Luminous","Discovery+1","Luminous:Magic_Guard_Luminous","Luminous:Light_Glare","Luminous:Light_Track+1","Luminous:Hero_Will_Luminous","Luminous:Magic_Boost_Luminous","Luminous:Light_Glare","Apotheosis+1","Madness","BatForm+1","Ghostly","Ghostly","Ghostly","Ghostly","Ghostly","Koishi:Untouchable","RedRainbow","yuri:StealPen","Corruption","Seeing Red+1","Beam Cell","Meteor Strike","CeilingFear","Secret Technique","yuri:ThrowBook+1","Whirlwind+1"],"relics":["Luminous:MirrorRelic","FossilizedHelix","Pen Nib","PrismaticShard","Dream Catcher","Coffee Dripper","MutagenicStrength","Bird Faced Urn","Thread and Needle","Meat on the Bone","Orrery","Shovel","Molten Egg 2","Busted Crown","Prayer Wheel","Bottled Flame","Medical Kit","Unceasing Top","Bag of Preparation","Tea:ReiMu","Boot","PreservedInsect","ScarletDevilRocket","Shuriken","yuri:PortableGlitches","Kunai","Art of War"],"acts_visited":["Exordium","TheCity","TheBeyond","TheEnding"],"potions_floor_usage":[40,40,40,55],"damage_taken":[{"damage":1.0,"enemies":"Cultist","floor":1.0,"turns":4.0},{"damage":4.0,"enemies":"Jaw Worm","floor":4.0,"turns":5.0},{"damage":2.0,"enemies":"2 Louse","floor":5.0,"turns":3.0},{"damage":21.0,"enemies":"3 Sentries","floor":6.0,"turns":7.0},{"damage":0.0,"enemies":"Lagavulin","floor":8.0,"turns":7.0},{"damage":0.0,"enemies":"2 Fungi Beasts","floor":10.0,"turns":4.0},{"damage":0.0,"enemies":"Gremlin Nob","floor":12.0,"turns":4.0},{"damage":0.0,"enemies":"Large Slime","floor":14.0,"turns":4.0},{"damage":0.0,"enemies":"Hexaghost","floor":16.0,"turns":9.0},{"damage":0.0,"enemies":"Chosen","floor":18.0,"turns":5.0},{"damage":0.0,"enemies":"Spheric Guardian","floor":22.0,"turns":6.0},{"damage":0.0,"enemies":"Book of Stabbing","floor":23.0,"turns":6.0},{"damage":0.0,"enemies":"Slavers","floor":25.0,"turns":7.0},{"damage":0.0,"enemies":"Gremlin Leader","floor":30.0,"turns":6.0},{"damage":0.0,"enemies":"Cultist and Chosen","floor":31.0,"turns":6.0},{"damage":0.0,"enemies":"Automaton","floor":33.0,"turns":7.0},{"damage":0.0,"enemies":"Orb Walker","floor":35.0,"turns":6.0},{"damage":0.0,"enemies":"3 Darklings","floor":36.0,"turns":5.0},{"damage":0.0,"enemies":"Mind Bloom Boss Battle","floor":37.0,"turns":6.0},{"damage":0,"enemies":"Nemesis","floor":40,"turns":7},{"damage":0,"enemies":"Jaw Worm Horde","floor":41,"turns":4},{"damage":0,"enemies":"4 Shapes","floor":44,"turns":5},{"damage":0,"enemies":"3 Darklings","floor":45,"turns":5},{"damage":0,"enemies":"Reptomancer","floor":47,"turns":5},{"damage":0,"enemies":"Donu and Deca","floor":50,"turns":8},{"damage":0,"enemies":"Shield and Spear","floor":54,"turns":5},{"damage":0,"enemies":"The Heart","floor":55,"turns":9}],"seed_played":"4657773399031193373","potions_obtained":[{"floor":1.0,"key":"LiquidMemories"},{"floor":5.0,"key":"Energy Potion"},{"floor":8.0,"key":"GamblersBrew"},{"floor":14.0,"key":"ZuzhouPotion:ReiMu"},{"floor":18.0,"key":"ColorlessPotion"},{"floor":23.0,"key":"PowerPotion"},{"floor":31.0,"key":"SteroidPotion"},{"floor":33.0,"key":"PowerPotion"},{"floor":37.0,"key":"PowerPotion"},{"floor":40,"key":"AttackPotion"},{"floor":41,"key":"FairyPotion"},{"floor":44,"key":"EssenceOfSteel"},{"floor":47,"key":"FairyPotion"}],"is_trial":false,"path_per_floor":["M","$","?","M","M","E","R","E","T","M","$","E","R","M","R","B",null,"M","?","?","?","M","E","R","E","T","R","$","?","E","M","R","B",null,"M","M","?","?","$","E","M","R","T","M","M","R","E","T","R","B",null,"R","$","E","B",null],"character_chosen":"LuminousClass","items_purchased":["Apotheosis","PrismaticShard","Orrery","Bottled Flame","Medical Kit","Kunai"],"campfire_rested":0,"item_purchase_floors":[11,11,28,39,39,53],"current_hp_per_floor":[74,74,74,70,68,47,47,47,47,47,47,52,52,52,52,62,75,75,75,37,37,37,37,37,37,37,37,37,33,42,42,42,42,42,42,42,42,32,32,42,42,42,42,42,42,42,42,42,42,42,42,42,42,42,42],"gold":136,"neow_bonus":"RANDOM_COLORLESS","is_daily":false,"chose_seed":false,"campfire_upgraded":4,"win_rate":0.0,"timestamp":1608528600,"path_taken":["M","?","?","?","M","E","R","E","T","M","$","E","R","M","R","BOSS","M","?","?","?","M","E","R","E","T","R","$","?","E","M","R","BOSS","M","M","?","?","$","E","M","R","T","M","M","R","E","?","R","BOSS","R","$","E","BOSS"],"items_purchased_type":["Card","Relic","Relic","Relic","Relic","Relic"],"build_version":"2020-12-13","purchased_purges":2,"victory":true,"max_hp_per_floor":[75,75,75,75,75,75,75,75,75,75,75,75,75,75,75,75,75,75,75,37,37,37,37,37,37,37,37,37,42,42,42,42,42,42,42,42,42,42,42,42,42,42,42,42,42,42,42,42,42,42,42,42,42,42,42],"relic_stats":{"counters":[27,155],"Pen Nib":[34],"PreservedInsect":68,"Bag of Preparation":[6],"Medical Kit":[17],"Boot":[5],"Dream Catcher":0,"Shovel":5,"Busted Crown":30,"Shuriken":[17],"Bird Faced Urn":[10],"Prayer Wheel":3,"Art of War":[0],"Kunai":[11],"obtain_stats":[{"ScarletDevilRocket":48,"Tea:ReiMu":43,"Luminous:MirrorRelic":0,"Bag of Preparation":42,"PrismaticShard":11,"Boot":46,"Dream Catcher":12,"Shovel":30,"Prayer Wheel":37,"Kunai":53,"Thread and Needle":25,"Pen Nib":8,"PreservedInsect":47,"Medical Kit":39,"Bottled Flame":39,"Busted Crown":34,"Shuriken":49,"MutagenicStrength":21,"Bird Faced Urn":23,"Orrery":28,"Molten Egg 2":32,"Coffee Dripper":17,"Art of War":54,"yuri:PortableGlitches":52,"FossilizedHelix":6,"Unceasing Top":40,"Meat on the Bone":26},{"ScarletDevilRocket":24,"Tea:ReiMu":21,"Luminous:MirrorRelic":0,"Bag of Preparation":21,"PrismaticShard":6,"Boot":23,"Dream Catcher":7,"Shovel":14,"Prayer Wheel":19,"Kunai":25,"Thread and Needle":13,"Pen Nib":5,"PreservedInsect":24,"Medical Kit":19,"Bottled Flame":19,"Busted Crown":16,"Shuriken":24,"MutagenicStrength":10,"Bird Faced Urn":12,"Orrery":13,"Molten Egg 2":15,"Coffee Dripper":9,"Art of War":26,"yuri:PortableGlitches":25,"FossilizedHelix":4,"Unceasing Top":20,"Meat on the Bone":13},{"ScarletDevilRocket":133,"Tea:ReiMu":118,"Luminous:MirrorRelic":0,"Bag of Preparation":118,"PrismaticShard":30,"Boot":128,"Dream Catcher":34,"Shovel":77,"Prayer Wheel":107,"Kunai":141,"Thread and Needle":71,"Pen Nib":26,"PreservedInsect":133,"Medical Kit":107,"Bottled Flame":107,"Busted Crown":90,"Shuriken":133,"MutagenicStrength":52,"Bird Faced Urn":64,"Orrery":71,"Molten Egg 2":83,"Coffee Dripper":47,"Art of War":146,"yuri:PortableGlitches":141,"FossilizedHelix":19,"Unceasing Top":114,"Meat on the Bone":71}],"Unceasing Top":[40],"Meat on the Bone":0},"card_choices":[{"not_picked":["Deep Breath","Forethought"],"picked":"Discovery","floor":0.0},{"not_picked":["Luminous:Light_Reflection","Luminous:Dark_Raid"],"picked":"Luminous:Magic_Guard_Luminous","floor":1.0},{"not_picked":["Luminous:Light_Sylvan_Lance","Luminous:Hero_Will_Luminous"],"picked":"Luminous:Light_Glare","floor":4.0},{"not_picked":["Luminous:Light_Gather","Luminous:Abyss_Heart_Luminous"],"picked":"Luminous:Light_Track","floor":5.0},{"not_picked":["Luminous:Accumulation_Luminous","Luminous:Abyss_Heart_Luminous"],"picked":"Luminous:Hero_Will_Luminous","floor":6.0},{"not_picked":["Luminous:Light_Sylvan_Lance","Luminous:Light_Ray_of_Redemption"],"picked":"Luminous:Magic_Boost_Luminous","floor":8.0},{"not_picked":["Luminous:Dark_Extract","Luminous:Light_Disperse"],"picked":"Luminous:Light_Glare","floor":10.0},{"not_picked":["Protect","rmod:robin","yuri:MPose"],"picked":"SKIP","floor":12.0},{"not_picked":["Infinite Sin","ShadowOfCrow2:ReiMu"],"picked":"Madness","floor":14.0},{"not_picked":["Phantasmal Killer","Luminous:Lania_Blessing_Luminous"],"picked":"BatForm","floor":16.0},{"not_picked":["Compile Driver","yuri:Stalk","OmniscientAndOmnipotent_Monster_purple+1"],"picked":"SKIP","floor":18.0},{"not_picked":["Luminous:Lights_Protection_Luminous","yuri:Skip"],"picked":"Koishi:Untouchable","floor":22.0},{"not_picked":["Uppercut+1","Koishi:HeartfeltFancy","Storm"],"picked":"SKIP","floor":23.0},{"not_picked":["Apotheosis","Mirror_WaveAndshot_purple"],"picked":"RedRainbow","floor":25.0},{"not_picked":["Leg Sweep","FantasyBorder:ReiMu"],"picked":"yuri:StealPen","floor":28.0},{"not_picked":["HellCatastrophe","Gone+1"],"picked":"Corruption","floor":28.0},{"not_picked":["BizarrenessOfSixRealms","MilkyWay"],"picked":"Seeing Red+1","floor":28.0},{"not_picked":["VampireKiss+1","Koishi:JumpScare+1"],"picked":"Beam Cell","floor":28.0},{"not_picked":["LifeCuttingSword","rmod:combined"],"picked":"Meteor Strike","floor":30.0},{"not_picked":["Worship","Wild Strike","FlashingScatteredFlowers+1"],"picked":"SKIP","floor":31.0},{"not_picked":["Remain Here","yuri:BlackTea"],"picked":"CeilingFear","floor":33.0},{"not_picked":["Perseverance+1"],"picked":"SKIP","floor":35.0},{"not_picked":["Koishi:ReflexRadar+1"],"picked":"SKIP","floor":36.0},{"not_picked":[],"picked":"Secret Technique","floor":38.0},{"not_picked":[],"picked":"yuri:ThrowBook+1","floor":40},{"not_picked":[],"picked":"Whirlwind+1","floor":41},{"not_picked":["Luminous:Concentrate_Luminous"],"picked":"SKIP","floor":41},{"not_picked":["Consume"],"picked":"SKIP","floor":44},{"not_picked":["HumanKnowledgeSword+1"],"picked":"SKIP","floor":44},{"not_picked":["NightDance+1"],"picked":"SKIP","floor":45},{"not_picked":["Dancing Butterflies+1"],"picked":"SKIP","floor":45},{"not_picked":["Wild Strike+1"],"picked":"SKIP","floor":47},{"not_picked":["LuminesStrike+1"],"picked":"SKIP","floor":54}],"player_experience":264295,"relics_obtained":[{"floor":6.0,"key":"FossilizedHelix"},{"floor":8.0,"key":"Pen Nib"},{"floor":12.0,"key":"Dream Catcher"},{"floor":23.0,"key":"Bird Faced Urn"},{"floor":25.0,"key":"Thread and Needle"},{"floor":26.0,"key":"Meat on the Bone"},{"floor":30.0,"key":"Shovel"},{"floor":32.0,"key":"Molten Egg 2"},{"floor":37.0,"key":"Prayer Wheel"},{"floor":40,"key":"Unceasing Top"},{"floor":42,"key":"Bag of Preparation"},{"floor":43,"key":"Tea:ReiMu"},{"floor":46,"key":"Boot"},{"floor":47,"key":"PreservedInsect"},{"floor":48,"key":"ScarletDevilRocket"},{"floor":49,"key":"Shuriken"},{"floor":52,"key":"yuri:PortableGlitches"},{"floor":54,"key":"Art of War"}],"event_choices":[{"damage_healed":0.0,"max_hp_gain":0.0,"max_hp_loss":0.0,"gold_gain":275.0,"event_name":"Golden Shrine","player_choice":"Desecrate","floor":3.0,"gold_loss":0.0,"damage_taken":0.0,"cards_obtained":["Regret"]},{"cards_removed":["Luminous:Defend_Luminous"],"damage_healed":0.0,"max_hp_gain":0.0,"max_hp_loss":0.0,"gold_gain":0.0,"event_name":"Beggar","player_choice":"Gave Gold","floor":19.0,"gold_loss":75.0,"damage_taken":0.0},{"damage_healed":0.0,"max_hp_gain":0.0,"max_hp_loss":38.0,"gold_gain":0.0,"event_name":"Ghosts","player_choice":"Became a Ghost","floor":20.0,"gold_loss":0.0,"damage_taken":0.0,"cards_obtained":["Ghostly","Ghostly","Ghostly","Ghostly","Ghostly"]},{"damage_healed":0.0,"max_hp_gain":0.0,"max_hp_loss":0.0,"gold_gain":0.0,"event_name":"Drug Dealer","player_choice":"Inject Mutagens","floor":21.0,"gold_loss":0.0,"damage_taken":0.0,"relics_obtained":["MutagenicStrength"]},{"damage_healed":0.0,"max_hp_gain":5.0,"max_hp_loss":0.0,"gold_gain":0.0,"event_name":"Forgotten Altar","player_choice":"Shed Blood","floor":29.0,"gold_loss":0.0,"damage_taken":9.0},{"damage_healed":0.0,"max_hp_gain":0.0,"max_hp_loss":0.0,"gold_gain":0.0,"event_name":"MindBloom","player_choice":"Fight","floor":37.0,"gold_loss":0.0,"damage_taken":0.0},{"damage_healed":0.0,"max_hp_gain":0.0,"max_hp_loss":0.0,"gold_gain":0.0,"event_name":"SensoryStone","player_choice":"Memory 3","floor":38.0,"gold_loss":0.0,"damage_taken":10.0}],"is_beta":false,"boss_relics":[{"not_picked":["Runic Pyramid","Runic Dome"],"picked":"Coffee Dripper"},{"not_picked":["Cursed Key","Empty Cage"],"picked":"Busted Crown"}],"items_purged_floors":[2,11],"is_endless":false,"potions_floor_spawned":[1,5,8,14,18,23,31,33,37,40,41,44,47],"ascension_level":2}}