{"host":"ky7z67tg8zpdk0g7","time":1608558158,"event":{"mods":["BaseMod","Beaked The Cultist","Better Third Choice","CapriCore","Displayed Cursed Tome","Energized Spire","Fireblade Mod","Hubris","Lobotomy","LobotomyExtend","Minty Spire (QoL Compilation)","Replay The Spire","SOS???????","Shop Mod","StSLib","Td1madao Mod","The Dragon Tamer","The Hierophant","The Immortal","The Marked","The Necromancer","TheBandit","TheWitcher"],"gold_per_floor":[17,292,302,313,57,57,68,85,112,129,162,162,178,191,191,293,293,309,18,36,36,36,36,36,66,90,109,129,149,1,31,31,31,31],"floor_reached":33,"playtime":1245,"items_purged":["Regret"],"score":357,"play_id":"7d4ba80b-b24e-410d-8e8e-cac56a5368ef","local_time":"20201221204238","is_ascension_mode":true,"campfire_choices":[{"data":"theMarked:StartUp","floor":6.0,"key":"SMITH"},{"floor":15.0,"key":"REST"},{"data":"theMarked:StartUp","floor":23,"key":"SMITH"}],"circlet_count":0,"master_deck":["theMarked:Defend","theMarked:Defend","theMarked:Defend","theMarked:Defend","theMarked:SoldierOfQuellstein","theMarked:SelfDefenseTraining","theMarked:ChainLightning","theMarked:BanishingStrike","theMarked:Frustration","theMarked:StartUp+1","theMarked:Parkour","theMarked:Parkour","theMarked:TakeCover","theMarked:TakeOffHeels","theMarked:ShockingTouch+1","theMarked:StartUp+1","theMarked:BanishingWave","theMarked:TakeOffHeels","theMarked:TunnelVision+1","Bite","Bite","Bite","Bite","Bite","Delirium","theMarked:Challenge","theMarked:BanishingStrike","theMarked:EmpowerWeapon+1","theMarked:Parkour","theMarked:Improvise"],"relics":["theMarked:ArtifactOfAir","LetterFromLob","hubris:DeckOfHolding","hubris:BlackHole","DollysMirror","DTMod:PactStone","hubris:PeanutButter","Centennial Puzzle","Smiling Mask","theMarked:DemonDagger","Bottled Flame","ShedSkin_r"],"acts_visited":["Exordium","TheCity"],"potions_floor_usage":[33,33,33],"damage_taken":[{"damage":2.0,"enemies":"2 Louse","floor":1.0,"turns":2.0},{"damage":4.0,"enemies":"Cultist","floor":3.0,"turns":3.0},{"damage":6.0,"enemies":"Jaw Worm","floor":4.0,"turns":4.0},{"damage":3.0,"enemies":"Looter","floor":7.0,"turns":3.0},{"damage":8.0,"enemies":"3 Louse","floor":8.0,"turns":3.0},{"damage":10.0,"enemies":"Exordium Thugs","floor":10.0,"turns":3.0},{"damage":22.0,"enemies":"3 Sentries","floor":11.0,"turns":5.0},{"damage":10.0,"enemies":"Looter","floor":13.0,"turns":2.0},{"damage":6.0,"enemies":"Large Slime","floor":14.0,"turns":6.0},{"damage":9.0,"enemies":"Slime Boss","floor":16.0,"turns":10.0},{"damage":10.0,"enemies":"Chosen","floor":18.0,"turns":3.0},{"damage":0.0,"enemies":"Spheric Guardian","floor":20.0,"turns":3.0},{"damage":0,"enemies":"Book of Stabbing","floor":25,"turns":3},{"damage":0,"enemies":"Centurion and Healer","floor":27,"turns":3},{"damage":0,"enemies":"Chosen and Byrds","floor":28,"turns":3},{"damage":0,"enemies":"Snake Plant","floor":29,"turns":3},{"damage":11,"enemies":"Slavers","floor":31,"turns":3},{"damage":31,"enemies":"Automaton","floor":33,"turns":4}],"seed_played":"2701018182091976088","potions_obtained":[{"floor":1.0,"key":"Dexterity Potion"},{"floor":7.0,"key":"Strength Potion"},{"floor":8.0,"key":"Fire Potion"},{"floor":13.0,"key":"Elixir"},{"floor":14.0,"key":"Toxic Potion"},{"floor":18.0,"key":"BlessingOfTheForge"},{"floor":25,"key":"Explosive Potion"}],"is_trial":false,"path_per_floor":["M","?","M","M","$","R","M","M","T","M","E","?","M","M","R","B",null,"M","$","M","?","?","R","?","E","T","M","M","M","$","E","R","B"],"character_chosen":"THE_DEFAULT","items_purchased":["Fruit Juice","theMarked:MagicAdept","theMarked:StartUp","theMarked:BanishingWave","DollysMirror","theMarked:DemonDagger"],"campfire_rested":1,"item_purchase_floors":[5,5,19,19,19,30],"current_hp_per_floor":[68,68,64,58,63,63,60,52,52,42,20,20,10,4,26,17,75,65,65,65,52,52,52,52,52,52,52,52,52,52,47,20,0,0],"gold":31,"neow_bonus":"TRANSFORM_TWO_CARDS","is_daily":false,"chose_seed":false,"campfire_upgraded":2,"win_rate":0.0,"timestamp":1608558158,"path_taken":["M","?","?","M","$","R","M","M","T","M","E","?","M","?","R","BOSS","M","$","M","?","?","R","?","E","T","M","M","M","$","E","R","BOSS"],"items_purchased_type":["Potion","Card","Card","Card","Relic","Relic"],"build_version":"2020-12-13","purchased_purges":1,"victory":false,"max_hp_per_floor":[70,70,70,70,75,75,75,75,75,75,75,75,75,75,75,75,75,75,75,75,52,52,52,52,52,52,52,52,52,52,52,52,52,52],"card_choices":[{"not_picked":["theMarked:CreepingChasm","theMarked:SwordAndMagic"],"picked":"theMarked:BanishingStrike","floor":1.0},{"not_picked":["theMarked:RepellingDischarge","theMarked:Reabsorb"],"picked":"theMarked:Frustration","floor":3.0},{"not_picked":["theMarked:EmpowerWeapon","theMarked:CreepingChasm"],"picked":"theMarked:StartUp","floor":4.0},{"not_picked":["theMarked:Electrify","theMarked:Overthink","theMarked:TwofoldDefense"],"picked":"SKIP","floor":7.0},{"not_picked":["theMarked:RogueSparks","theMarked:Indomitable","theMarked:Static"],"picked":"SKIP","floor":8.0},{"not_picked":["theMarked:Generate","theMarked:Overcharge"],"picked":"theMarked:Parkour","floor":10.0},{"not_picked":["theMarked:WastefulAttack","theMarked:EmpowerWeapon"],"picked":"theMarked:Parkour","floor":11.0},{"not_picked":["theMarked:Generate","theMarked:TunnelVision"],"picked":"theMarked:TakeCover","floor":13.0},{"not_picked":["theMarked:Frustration","theMarked:SelfDefenseTraining","theMarked:Static"],"picked":"SKIP","floor":14.0},{"not_picked":["theMarked:SuspiciousRaven","theMarked:ChannelForce"],"picked":"theMarked:TakeOffHeels","floor":16.0},{"not_picked":["theMarked:SwordAndMagic","theMarked:Aftermath+1"],"picked":"theMarked:ShockingTouch+1","floor":18.0},{"not_picked":["theMarked:SwordAndMagic","theMarked:Overthink"],"picked":"theMarked:TunnelVision+1","floor":20.0},{"not_picked":["theMarked:Indomitable","theMarked:Electrocute"],"picked":"theMarked:Challenge","floor":25},{"not_picked":["theMarked:ResourceFulStrike","theMarked:WastefulAttack"],"picked":"theMarked:BanishingStrike","floor":27},{"not_picked":["theMarked:StartUp","theMarked:SwordAndMagic+1"],"picked":"theMarked:EmpowerWeapon+1","floor":28},{"not_picked":["theMarked:MagicAdept","theMarked:ChainLightning"],"picked":"theMarked:Parkour","floor":29},{"not_picked":["theMarked:SummonStrength","theMarked:Parkour+1"],"picked":"theMarked:Improvise","floor":31}],"player_experience":286984,"relics_obtained":[{"floor":1.0,"key":"LetterFromLob"},{"floor":11.0,"key":"hubris:DeckOfHolding"},{"floor":25,"key":"Centennial Puzzle"},{"floor":26,"key":"Smiling Mask"},{"floor":31,"key":"Bottled Flame"}],"event_choices":[{"damage_healed":0.0,"max_hp_gain":0.0,"max_hp_loss":0.0,"gold_gain":275.0,"event_name":"Golden Shrine","player_choice":"Desecrate","floor":2.0,"gold_loss":0.0,"damage_taken":0.0,"cards_obtained":["Regret"]},{"cards_removed":["theMarked:MagicAdept"],"damage_healed":0.0,"max_hp_gain":0.0,"max_hp_loss":0.0,"gold_gain":0.0,"event_name":"Purifier","player_choice":"Purged","floor":12.0,"gold_loss":0.0,"damage_taken":0.0},{"damage_healed":0.0,"max_hp_gain":0.0,"max_hp_loss":23.0,"gold_gain":0.0,"event_name":"Vampires","player_choice":"Became a vampire","floor":21.0,"gold_loss":0.0,"damage_taken":0.0,"cards_obtained":["Bite","Bite","Bite","Bite","Bite"]}],"is_beta":false,"boss_relics":[{"not_picked":["theMarked:BronzeBlade","Velvet Choker"],"picked":"hubris:BlackHole"}],"items_purged_floors":[5],"is_endless":false,"potions_floor_spawned":[1,7,8,13,14,18,25,27,28],"killed_by":"Automaton","ascension_level":1}}