{"host":"tvwbxqry54t86y0v","time":1608551808,"event":{"mods":["2.2 Compatiblity","A Magickal Journey","Astrologer","BaseMod","Beaked The Cultist","BetterRewards","Block Reminder","Clockwork Mod","Colored Powertips","DeckTracker","Downfall","GungeonMod","Hermit","Hubris","Infinite Spire","Ironclad Rager","Marked Mod","Mimic Mod","Minty Spire (QoL Compilation)","Potionbrewer","Replay The Spire","Shade Mod","Somnambulant","StSLib","The Bug Knight","The Cursed","The Druid","The Elementalist","The Exalted","The Forsaken","The Hierophant","The Jungle","The Mystic","The Problem Sleuth","The Runesmith","The Senshi","The Spell Scribe","The Valiant","The Wild Card","TheFirefly","TheHeartMod","Unceasing Turn Reminder","thorton"],"gold_per_floor":[99,99,99,131,149,199,199,199,236,161,187,187,206,218,228,70,88,191,191,191,210,210,46,76,76,76,1,15,15,35,50,62,162,180,180,180,180],"floor_reached":35,"playtime":2872,"items_purged":[],"score":287,"play_id":"9eeb6fc7-64d9-4551-af81-2e47fb78965b","local_time":"20201221225648","is_ascension_mode":false,"campfire_choices":[{"data":"champ:CrownThrow","floor":3,"key":"SMITH"},{"floor":8,"key":"REST"},{"data":"champ:Taunt","floor":10,"key":"SMITH"},{"data":"champ:PreciseThrust","floor":12,"key":"SMITH"},{"floor":20,"key":"RECALL"},{"floor":27,"key":"REST"},{"floor":29,"key":"REST"}],"circlet_count":0,"master_deck":["champ:Strike","champ:Strike","champ:Strike","champ:Strike","champ:Defend","champ:Defend","champ:Defend","champ:Defend","champ:Execute","champ:Taunt+1","champ:CrownThrow+1","champ:FocusedGladiator","champ:PreciseThrust+1","Pot Of Greed+1","Pot Of Greed","champ:BladeFlurry","champ:RapidStrikes","champ:GladiatorsShout","champ:SteelEdge","champ:ShieldWall","champ:Improvising","champ:RisingSlash","champ:ShieldWall"],"relics":["champ:ChampionCrown","DemoMod:PoisonVial","hubris:Towel","Grinning Jar","infinitespire:Beetle Shell","downfall:HeartBlessingBlue","DemoMod:RingOfEthereal","Orrery","Bromod:ArcaneEnergize","DemoMod:ClearGuonStone","ReplayTheSpireMod:Lightbulb","Letter Opener","downfall:HeartBlessingRed","champ:BlackKnightHelmet","Bromod:ArcaneTrickery"],"acts_visited":["Exordium","TheCity"],"potions_floor_usage":[18,18,18,18,31,33],"damage_taken":[{"damage":54,"enemies":"Gremlin Nob","floor":4,"turns":6},{"damage":5,"enemies":"Small Slimes","floor":5,"turns":4},{"damage":17,"enemies":"2 Louse","floor":9,"turns":10},{"damage":18,"enemies":"HollowMod:MossKnight","floor":11,"turns":15},{"damage":0,"enemies":"2 Louse","floor":13,"turns":2},{"damage":0,"enemies":"Cultist","floor":14,"turns":5},{"damage":8,"enemies":"2 Fungi Beasts","floor":15,"turns":5},{"damage":0,"enemies":"downfall:FleeingMerchant","floor":16,"turns":4},{"damage":16,"enemies":"Lots of Slimes","floor":17,"turns":4},{"damage":17,"enemies":"downfall:Watcher","floor":18,"turns":9},{"damage":24,"enemies":"Chosen","floor":21,"turns":5},{"damage":10,"enemies":"downfall:FleeingMerchant","floor":23,"turns":4},{"damage":33,"enemies":"Book of Stabbing","floor":24,"turns":6},{"damage":25,"enemies":"Snake Plant","floor":28,"turns":5},{"damage":4,"enemies":"Shelled Parasite and Fungi","floor":30,"turns":4},{"damage":4,"enemies":"Cultist and Chosen","floor":31,"turns":6},{"damage":0,"enemies":"3 Cultists","floor":32,"turns":5},{"damage":34,"enemies":"3 Cultists","floor":33,"turns":8},{"damage":5,"enemies":"Sentry and Sphere","floor":34,"turns":5},{"damage":21,"enemies":"downfall:Silent","floor":35,"turns":6}],"seed_played":"-2475816054342136104","potions_obtained":[{"floor":5,"key":"Dexterity Potion"},{"floor":11,"key":"ColorlessPotion"},{"floor":14,"key":"potionbrewer:SplittingPotion"},{"floor":24,"key":"potionbrewer:CleansingPotion"},{"floor":32,"key":"SkillPotion"},{"floor":33,"key":"Milkshake"}],"is_trial":false,"path_per_floor":["PTL","PTL","R","E","M","?","?","R","MIM","R","E","R","M","M","M","$","M","B",null,"R","M","?","$","E","?","T","R","M","R","M","M","M","?","M","B"],"character_chosen":"THE_CHAMP","items_purchased":["Orrery","DemoMod:ClearGuonStone"],"campfire_rested":3,"item_purchase_floors":[16,23],"current_hp_per_floor":[90,90,90,46,41,41,41,68,56,66,48,48,48,48,40,40,24,7,100,100,76,76,66,33,33,33,63,38,68,64,60,60,26,21,0,0,0],"gold":180,"neow_bonus":"ONE_RANDOM_RARE_CARD","is_daily":false,"chose_seed":false,"campfire_upgraded":3,"win_rate":0.0,"timestamp":1608551808,"path_taken":["PTL","PTL","R","E","M","?","?","R","MIM","R","E","R","M","M","?","$","M","BOSS","R","M","?","$","E","?","T","R","M","R","?","?","?","?","M","BOSS"],"items_purchased_type":["Relic","Relic"],"build_version":"2020-12-13","purchased_purges":0,"victory":false,"max_hp_per_floor":[90,90,90,90,90,90,90,90,90,100,100,100,100,100,100,100,100,100,100,100,100,100,100,100,100,100,100,100,100,100,100,100,100,100,100,100,100],"card_choices":[{"not_picked":["champ:CrookedStrike","champ:CheapShot"],"picked":"champ:FocusedGladiator","floor":4},{"not_picked":["champ:Haymaker","champ:TornadoPunch"],"picked":"champ:PreciseThrust","floor":5},{"not_picked":["champ:HeavySlash","champ:Encircle"],"picked":"champ:BladeFlurry","floor":9},{"not_picked":["champ:Improvising","champ:SkillfulDodge"],"picked":"champ:RapidStrikes","floor":11},{"not_picked":["champ:BladeFlurry","champ:Circumvent"],"picked":"champ:GladiatorsShout","floor":13},{"not_picked":["champ:Haymaker","champ:CalledShot","champ:Circumvent"],"picked":"SKIP","floor":14},{"not_picked":["champ:StanceDance","champ:FightOn"],"picked":"champ:SteelEdge","floor":15},{"not_picked":["champ:Control","champ:DefensiveStyle","champ:Haymaker"],"picked":"SKIP","floor":16},{"not_picked":["champ:Riposte","champ:Control"],"picked":"champ:ShieldWall","floor":16},{"not_picked":["champ:GladiatorsShout","champ:BerserkerStyle"],"picked":"champ:Improvising","floor":16},{"not_picked":["champ:EnGarde","champ:Shatter"],"picked":"champ:RisingSlash","floor":16},{"not_picked":["champ:BerserkerStyle","champ:Haymaker","champ:DefensiveShout"],"picked":"SKIP","floor":17},{"not_picked":["champ:FocusedDefense","champ:TornadoPunch","champ:StanceDance"],"picked":"SKIP","floor":21},{"not_picked":["champ:Encircle","champ:FocusedDefense"],"picked":"champ:ShieldWall","floor":23},{"not_picked":["champ:FanOfKnives","champ:Haymaker","champ:TornadoPunch"],"picked":"SKIP","floor":24},{"not_picked":["champ:Haymaker","champ:ShieldSlam","champ:PerfectedStrike"],"picked":"SKIP","floor":28},{"not_picked":["champ:CrookedStrike","champ:Haymaker+1","champ:BringItOn"],"picked":"SKIP","floor":30},{"not_picked":["champ:Balance","champ:Haymaker","champ:StanceDance"],"picked":"SKIP","floor":31},{"not_picked":["champ:Circumvent","champ:Backstep+1","champ:BerserkersShout"],"picked":"SKIP","floor":32},{"not_picked":["champ:Encircle","champ:FanOfKnives+1","champ:TornadoPunch"],"picked":"SKIP","floor":34}],"player_experience":1057883,"relics_obtained":[{"floor":4,"key":"DemoMod:PoisonVial"},{"floor":9,"key":"Grinning Jar"},{"floor":9,"key":"infinitespire:Beetle Shell"},{"floor":11,"key":"DemoMod:RingOfEthereal"},{"floor":24,"key":"ReplayTheSpireMod:Lightbulb"},{"floor":26,"key":"Letter Opener"},{"floor":33,"key":"champ:BlackKnightHelmet"},{"floor":33,"key":"Bromod:ArcaneTrickery"}],"event_choices":[{"damage_healed":0,"gold_gain":0,"player_choice":"Ignored","damage_taken":0,"max_hp_gain":0,"max_hp_loss":0,"event_name":"Ghosts","floor":22,"gold_loss":0},{"damage_healed":0,"gold_gain":0,"player_choice":"Upgraded","damage_taken":0,"max_hp_gain":0,"max_hp_loss":0,"event_name":"Upgrade Shrine","floor":25,"gold_loss":0,"cards_upgraded":["Pot Of Greed"]}],"is_beta":false,"boss_relics":[{"not_picked":["Black Star","Ectoplasm"],"picked":"Bromod:ArcaneEnergize"}],"items_purged_floors":[],"is_endless":false,"potions_floor_spawned":[5,11,14,17,24,32,33],"killed_by":"downfall:Silent","ascension_level":0}}