{"host":"dcj2yvrgcvh5dl2s","time":1608592502,"event":{"mods":["BaseMod","Better Note","Block Reminder","Colored Powertips","DeckTracker","Minty Spire (QoL Compilation)","Quick Restart","Rare Cards Sparkle","Relic Stats","StSLib"],"gold_per_floor":[113,123,7,7,7,42,42,78,78,102,277,552,565,640,640,734,734,749,749,142,160,160,204,204,225,300,300,300,300],"floor_reached":28,"playtime":3966,"items_purged":["Bash"],"score":444,"play_id":"a584f0ac-fb03-499d-8716-d70af7dcf967","local_time":"20201222091502","is_ascension_mode":true,"campfire_choices":[{"data":"True Grit","floor":7.0,"key":"SMITH"},{"floor":15.0,"key":"REST"},{"floor":24.0,"key":"REST"},{"data":"Searing Blow","floor":27,"key":"SMITH"}],"circlet_count":0,"master_deck":["AscendersBane","Strike_R","Strike_R","Strike_R","Strike_R","Strike_R","Defend_R","Defend_R","Defend_R","Defend_R","Battle Trance","Searing Blow+1","True Grit+1","Finesse","Infernal Blade","Armaments","Flex","Doubt","Regret","Pommel Strike","Juggernaut","Armaments+1","Shrug It Off","Sword Boomerang","Seeing Red","Sword Boomerang","Flex"],"relics":["Burning Blood","NeowsBlessing","Golden Idol","Blue Candle","Lizard Tail","Mango","Bronze Scales","SacredBark","MutagenicStrength","FossilizedHelix","Sling","Pocketwatch","Regal Pillow","Meat on the Bone"],"acts_visited":["Exordium","TheCity"],"potions_floor_usage":[25],"damage_taken":[{"damage":0.0,"enemies":"Small Slimes","floor":1.0,"turns":1.0},{"damage":0.0,"enemies":"2 Louse","floor":2.0,"turns":1.0},{"damage":0.0,"enemies":"Lagavulin","floor":6.0,"turns":2.0},{"damage":45.0,"enemies":"3 Sentries","floor":8.0,"turns":11.0},{"damage":1.0,"enemies":"Cultist","floor":10.0,"turns":3.0},{"damage":6.0,"enemies":"Looter","floor":13.0,"turns":4.0},{"damage":47.0,"enemies":"Hexaghost","floor":16.0,"turns":12.0},{"damage":6.0,"enemies":"3 Byrds","floor":18.0,"turns":6.0},{"damage":39.0,"enemies":"Chosen","floor":21.0,"turns":6.0},{"damage":37.0,"enemies":"Book of Stabbing","floor":23.0,"turns":5.0},{"damage":64,"enemies":"3 Cultists","floor":25,"turns":6},{"damage":40,"enemies":"Chosen and Byrds","floor":28,"turns":6}],"seed_played":"1488099366902940602","potions_obtained":[{"floor":8.0,"key":"HeartOfIron"},{"floor":10.0,"key":"FearPotion"},{"floor":16.0,"key":"HeartOfIron"},{"floor":21.0,"key":"SkillPotion"},{"floor":23.0,"key":"Ancient Potion"}],"is_trial":false,"path_per_floor":["M","M","$","?","?","E","R","E","T","M","?","?","M","?","R","B",null,"M","?","$","M","T","E","R","M","T","R","M"],"character_chosen":"IRONCLAD","items_purchased":["True Grit","Finesse","FossilizedHelix","Sling","Shrug It Off","Sword Boomerang"],"campfire_rested":2,"item_purchase_floors":[3,3,20,20,20,20],"current_hp_per_floor":[78,80,80,74,62,68,68,43,43,48,48,48,48,37,63,22,72,72,72,72,39,39,8,49,40,40,40,0,0],"gold":300,"neow_bonus":"THREE_ENEMY_KILL","is_daily":false,"chose_seed":false,"campfire_upgraded":2,"win_rate":0.0,"timestamp":1608592502,"path_taken":["M","M","$","?","?","E","R","E","T","M","?","?","?","?","R","BOSS","M","?","$","M","?","E","R","M","T","R","M"],"items_purchased_type":["Card","Card","Relic","Relic","Card","Card"],"build_version":"2020-12-13","purchased_purges":1,"victory":false,"max_hp_per_floor":[80,80,80,74,74,74,74,88,88,88,88,88,88,88,88,88,88,88,88,88,88,88,88,88,88,88,88,88,88],"relic_stats":{"Lizard Tail":44,"Regal Pillow":15,"counters":[12,63],"Golden Idol":61,"Blue Candle":[13],"Bronze Scales":[228],"obtain_stats":[{"Regal Pillow":23,"NeowsBlessing":0,"Golden Idol":4,"Blue Candle":5,"SacredBark":17,"Mango":8,"Sling":20,"Burning Blood":0,"Lizard Tail":6,"Bronze Scales":9,"MutagenicStrength":19,"FossilizedHelix":20,"Pocketwatch":22,"Meat on the Bone":26},{"Regal Pillow":10,"NeowsBlessing":0,"Golden Idol":2,"Blue Candle":2,"SacredBark":7,"Mango":4,"Sling":8,"Burning Blood":0,"Lizard Tail":3,"Bronze Scales":4,"MutagenicStrength":8,"FossilizedHelix":8,"Pocketwatch":9,"Meat on the Bone":11},{"Regal Pillow":51,"NeowsBlessing":0,"Golden Idol":2,"Blue Candle":2,"SacredBark":34,"Mango":15,"Sling":40,"Burning Blood":0,"Lizard Tail":4,"Bronze Scales":15,"MutagenicStrength":40,"FossilizedHelix":40,"Pocketwatch":46,"Meat on the Bone":57}],"Burning Blood":62,"Pocketwatch":[15],"Meat on the Bone":0},"card_choices":[{"not_picked":["Twin Strike","Bloodletting"],"picked":"Battle Trance","floor":1.0},{"not_picked":["Evolve","Warcry"],"picked":"Searing Blow","floor":2.0},{"not_picked":["Havoc","Perfected Strike"],"picked":"Infernal Blade","floor":6.0},{"not_picked":["Warcry","Heavy Blade","Armaments"],"picked":"SKIP","floor":8.0},{"not_picked":["Warcry","Heavy Blade"],"picked":"Armaments","floor":8.0},{"not_picked":["Limit Break","Anger"],"picked":"Flex","floor":10.0},{"not_picked":["Headbutt","Clash"],"picked":"Pommel Strike","floor":13.0},{"not_picked":["Barricade","Berserk"],"picked":"Juggernaut","floor":16.0},{"not_picked":["Perfected Strike","Clothesline"],"picked":"Armaments+1","floor":18.0},{"not_picked":["Searing Blow","Battle Trance"],"picked":"Seeing Red","floor":21.0},{"not_picked":["Pommel Strike","Armaments"],"picked":"Sword Boomerang","floor":23.0},{"not_picked":["Rampage","Uppercut"],"picked":"Flex","floor":25}],"player_experience":2000168,"relics_obtained":[{"floor":6.0,"key":"Lizard Tail"},{"floor":8.0,"key":"Mango"},{"floor":9.0,"key":"Bronze Scales"},{"floor":22.0,"key":"Pocketwatch"},{"floor":23.0,"key":"Regal Pillow"},{"floor":26,"key":"Meat on the Bone"}],"event_choices":[{"damage_healed":0.0,"max_hp_gain":0.0,"max_hp_loss":6.0,"gold_gain":0.0,"event_name":"Golden Idol","player_choice":"Lose Max HP","floor":4.0,"gold_loss":0.0,"damage_taken":0.0,"relics_obtained":["Golden Idol"]},{"damage_healed":0.0,"max_hp_gain":0.0,"max_hp_loss":0.0,"gold_gain":0.0,"event_name":"Scrap Ooze","player_choice":"Success","floor":5.0,"gold_loss":0.0,"damage_taken":12.0,"relics_obtained":["Blue Candle"]},{"damage_healed":0.0,"max_hp_gain":0.0,"max_hp_loss":0.0,"gold_gain":175.0,"event_name":"Liars Game","player_choice":"AGREE","floor":11.0,"gold_loss":0.0,"damage_taken":0.0,"cards_obtained":["Doubt"]},{"damage_healed":0.0,"max_hp_gain":0.0,"max_hp_loss":0.0,"gold_gain":275.0,"event_name":"Golden Shrine","player_choice":"Desecrate","floor":12.0,"gold_loss":0.0,"damage_taken":0.0,"cards_obtained":["Regret"]},{"damage_healed":0.0,"max_hp_gain":0.0,"max_hp_loss":0.0,"gold_gain":75.0,"event_name":"World of Goop","player_choice":"Gather Gold","floor":14.0,"gold_loss":0.0,"damage_taken":11.0},{"damage_healed":0.0,"max_hp_gain":0.0,"max_hp_loss":0.0,"gold_gain":0.0,"event_name":"Drug Dealer","player_choice":"Inject Mutagens","floor":19.0,"gold_loss":0.0,"damage_taken":0.0,"relics_obtained":["MutagenicStrength"]}],"is_beta":false,"boss_relics":[{"not_picked":["Fusion Hammer","Empty Cage"],"picked":"SacredBark"}],"items_purged_floors":[20],"is_endless":false,"potions_floor_spawned":[8,10,16,21,23],"killed_by":"Chosen and Byrds","ascension_level":13}}