{"host":"esx1hwjnbftf3eqj","time":1608519320,"event":{"mods":["BaseMod","Colored Map","Minty Spire (QoL Compilation)","StSLib","The Jungle"],"gold_per_floor":[20,40,115,115,115,115,140,178,178,178,216,216,259,322,322,451,451,466,482,503,65,65,65,109,109,109,128,128,143,143,143,143,272,272,285,195,45,61,79,118,118,156,237,275,275,275,290,331,331,331],"floor_reached":51,"playtime":6279,"items_purged":["Strike_B"],"score":1284,"play_id":"2abc6295-72ad-4a75-befc-0959048e2857","local_time":"20201220185520","is_ascension_mode":true,"campfire_choices":[{"floor":6.0,"key":"REST"},{"data":"Dualcast","floor":10.0,"key":"SMITH"},{"data":"Doom and Gloom","floor":15.0,"key":"SMITH"},{"data":"Seek","floor":23.0,"key":"SMITH"},{"floor":25.0,"key":"REST"},{"data":"Zap","floor":28.0,"key":"SMITH"},{"data":"Reboot","floor":30.0,"key":"SMITH"},{"floor":32.0,"key":"REST"},{"floor":41,"key":"REST"},{"floor":45,"key":"REST"},{"floor":49,"key":"REST"}],"circlet_count":0,"master_deck":["Strike_B+1","Strike_B","Defend_B","Defend_B","Defend_B+1","Defend_B+1","Zap+1","Dualcast+1","Conserve Battery","Doom and Gloom+1","Defragment","Reboot+1","Seek+1","CurseOfTheBell","Auto Shields+1","Hologram+1","Redo+1","Genetic Algorithm+1","Necronomicurse","Genetic Algorithm+1","Redo+1","Darkness+1","Core Surge","Reinforced Body+1","Seek+1","Turbo+1","Turbo+1","Redo+1","White Noise+1","Loop+1","Machine Learning","Glacier+1","White Noise+1","Double Energy+1","Reboot+1"],"relics":["Cracked Core","Calipers","Golden Idol","HornCleat","Art of War","WingedGreaves","Blue Candle","Calling Bell","Happy Flower","Toxic Egg 2","Pocketwatch","Prayer Wheel","Necronomicon","Unceasing Top","Turnip","Fusion Hammer","DollysMirror","MealTicket","Ice Cream","Letter Opener","Smiling Mask","Darkstone Periapt","Du-Vu Doll"],"acts_visited":["Exordium","TheCity","TheBeyond"],"potions_floor_usage":[50],"damage_taken":[{"damage":7.0,"enemies":"Jaw Worm","floor":1.0,"turns":3.0},{"damage":1.0,"enemies":"2 Louse","floor":2.0,"turns":3.0},{"damage":10.0,"enemies":"Small Slimes","floor":7.0,"turns":2.0},{"damage":13.0,"enemies":"Gremlin Nob","floor":8.0,"turns":4.0},{"damage":5.0,"enemies":"3 Sentries","floor":11.0,"turns":5.0},{"damage":12.0,"enemies":"Lagavulin","floor":13.0,"turns":6.0},{"damage":0.0,"enemies":"Slime Boss","floor":16.0,"turns":4.0},{"damage":12.0,"enemies":"3 Byrds","floor":18.0,"turns":4.0},{"damage":1.0,"enemies":"Chosen","floor":19.0,"turns":4.0},{"damage":1.0,"enemies":"Snecko","floor":20.0,"turns":5.0},{"damage":9.0,"enemies":"Gremlin Leader","floor":24.0,"turns":4.0},{"damage":18.0,"enemies":"Cultist and Chosen","floor":27.0,"turns":6.0},{"damage":1.0,"enemies":"Centurion and Healer","floor":29.0,"turns":3.0},{"damage":37.0,"enemies":"Automaton","floor":33.0,"turns":7.0},{"damage":16,"enemies":"3 Darklings","floor":35,"turns":3},{"damage":0,"enemies":"Orb Walker","floor":38,"turns":2},{"damage":0,"enemies":"4 Shapes","floor":39,"turns":4},{"damage":0,"enemies":"Reptomancer","floor":40,"turns":4},{"damage":2,"enemies":"Giant Head","floor":42,"turns":6},{"damage":0,"enemies":"Reptomancer","floor":44,"turns":3},{"damage":8,"enemies":"Sphere and 2 Shapes","floor":47,"turns":1},{"damage":1,"enemies":"Nemesis","floor":48,"turns":9},{"damage":1,"enemies":"Donu and Deca","floor":50,"turns":6}],"seed_played":"2364264829424435940","potions_obtained":[{"floor":2.0,"key":"EntropicBrew"},{"floor":11.0,"key":"AttackPotion"},{"floor":16.0,"key":"AttackPotion"},{"floor":18.0,"key":"SneckoOil"},{"floor":19.0,"key":"SkillPotion"},{"floor":29.0,"key":"AttackPotion"},{"floor":40,"key":"Block Potion"},{"floor":42,"key":"LiquidMemories"}],"is_trial":false,"path_per_floor":["M","M","?","?","?","R","M","E","T","R","E","?","E","?","R","B",null,"M","M","M","$","?","R","E","R","T","M","R","M","R","?","R","B",null,"M","?","$","M","M","E","R","E","T","E","R","T","M","E","R","B",null],"character_chosen":"DEFECT","items_purchased":["Genetic Algorithm+1","Prayer Wheel","DollysMirror"],"campfire_rested":6,"item_purchase_floors":[21,21,37],"current_hp_per_floor":[61,60,49,31,16,38,28,15,15,15,10,35,23,23,23,23,62,50,49,48,48,32,32,23,45,45,27,27,26,26,26,48,11,59,43,43,43,43,43,43,65,63,63,63,75,75,67,66,75,74],"gold":331,"neow_bonus":"ONE_RARE_RELIC","is_daily":false,"chose_seed":false,"campfire_upgraded":5,"win_rate":0.0,"timestamp":1608519320,"path_taken":["M","M","?","?","?","R","?","E","T","R","E","?","E","?","R","BOSS","M","M","M","$","?","R","E","R","T","M","R","M","R","?","R","BOSS","M","?","$","?","M","E","R","E","T","E","R","?","M","E","R","BOSS"],"items_purchased_type":["Card","Relic","Relic"],"build_version":"2020-12-13","purchased_purges":1,"victory":true,"max_hp_per_floor":[75,75,75,75,75,75,75,75,75,75,75,75,75,75,75,75,75,75,75,75,75,75,75,75,75,75,75,75,75,75,75,75,75,75,75,75,75,75,75,75,75,75,75,75,75,75,75,75,75,75],"card_choices":[{"not_picked":["Gash","Steam"],"picked":"Conserve Battery","floor":1.0},{"not_picked":["Static Discharge","Stack"],"picked":"Doom and Gloom","floor":2.0},{"not_picked":["Stack","Conserve Battery"],"picked":"Defragment","floor":7.0},{"not_picked":["Stack","Beam Cell","Coolheaded"],"picked":"SKIP","floor":8.0},{"not_picked":["Loop","Double Energy"],"picked":"Reboot","floor":11.0},{"not_picked":["Recycle","Gash","Blizzard"],"picked":"SKIP","floor":13.0},{"not_picked":["Biased Cognition","Rainbow"],"picked":"Seek","floor":16.0},{"not_picked":["Conserve Battery+1","Hologram+1"],"picked":"Auto Shields+1","floor":18.0},{"not_picked":["Lockon","Skim+1"],"picked":"Hologram+1","floor":19.0},{"not_picked":["Hologram+1","Lockon"],"picked":"Redo+1","floor":20.0},{"not_picked":["Defragment","Turbo+1"],"picked":"Genetic Algorithm+1","floor":24.0},{"not_picked":["Ball Lightning","Go for the Eyes"],"picked":"Redo+1","floor":27.0},{"not_picked":["Fusion+1","Coolheaded+1","Gash"],"picked":"SKIP","floor":27.0},{"not_picked":["Leap+1","Go for the Eyes"],"picked":"Darkness+1","floor":29.0},{"not_picked":["Rainbow+1","Sunder","Scrape"],"picked":"SKIP","floor":29.0},{"not_picked":["Rainbow+1","Amplify+1"],"picked":"Core Surge","floor":33.0},{"not_picked":["Cold Snap","Chaos+1"],"picked":"Reinforced Body+1","floor":35},{"not_picked":["Barrage+1","Beam Cell","Reprogram+1"],"picked":"SKIP","floor":35},{"not_picked":["Compile Driver+1","Storm"],"picked":"Turbo+1","floor":38},{"not_picked":["Ball Lightning+1","Compile Driver+1"],"picked":"Turbo+1","floor":38},{"not_picked":["Gash","Barrage"],"picked":"Redo+1","floor":39},{"not_picked":["Cold Snap+1","Steam+1"],"picked":"White Noise+1","floor":39},{"not_picked":["Streamline","Turbo+1"],"picked":"Loop+1","floor":40},{"not_picked":["Rebound","Ball Lightning"],"picked":"Machine Learning","floor":42},{"not_picked":["FTL+1","Hyperbeam"],"picked":"Glacier+1","floor":44},{"not_picked":["Cold Snap","Coolheaded+1"],"picked":"White Noise+1","floor":47},{"not_picked":["Capacitor","Barrage"],"picked":"Double Energy+1","floor":47},{"not_picked":["Glacier+1","Doom and Gloom"],"picked":"Reboot+1","floor":48}],"player_experience":532843,"relics_obtained":[{"floor":8.0,"key":"HornCleat"},{"floor":9.0,"key":"Art of War"},{"floor":11.0,"key":"WingedGreaves"},{"floor":13.0,"key":"Blue Candle"},{"floor":17.0,"key":"Happy Flower"},{"floor":17.0,"key":"Toxic Egg 2"},{"floor":17.0,"key":"Pocketwatch"},{"floor":22.0,"key":"Necronomicon"},{"floor":24.0,"key":"Unceasing Top"},{"floor":26.0,"key":"Turnip"},{"floor":40,"key":"MealTicket"},{"floor":42,"key":"Ice Cream"},{"floor":43,"key":"Letter Opener"},{"floor":44,"key":"Smiling Mask"},{"floor":46,"key":"Darkstone Periapt"},{"floor":48,"key":"Du-Vu Doll"}],"event_choices":[{"damage_healed":0.0,"max_hp_gain":0.0,"max_hp_loss":0.0,"gold_gain":75.0,"event_name":"World of Goop","player_choice":"Gather Gold","floor":3.0,"gold_loss":0.0,"damage_taken":11.0},{"damage_healed":0.0,"max_hp_gain":0.0,"max_hp_loss":0.0,"gold_gain":0.0,"event_name":"Golden Idol","player_choice":"Take Damage","floor":4.0,"gold_loss":0.0,"damage_taken":18.0,"relics_obtained":["Golden Idol"]},{"damage_healed":0.0,"max_hp_gain":0.0,"max_hp_loss":0.0,"gold_gain":0.0,"event_name":"Shining Light","player_choice":"Entered Light","floor":5.0,"gold_loss":0.0,"damage_taken":15.0,"cards_upgraded":["Defend_B","Strike_B"]},{"damage_healed":25.0,"max_hp_gain":0.0,"max_hp_loss":0.0,"gold_gain":0.0,"event_name":"Big Fish","player_choice":"Banana","floor":12.0,"gold_loss":0.0,"damage_taken":0.0},{"damage_healed":0.0,"max_hp_gain":0.0,"max_hp_loss":0.0,"gold_gain":63.0,"event_name":"Golden Wing","player_choice":"Gained Gold","floor":14.0,"gold_loss":0.0,"damage_taken":0.0},{"damage_healed":0.0,"max_hp_gain":0.0,"max_hp_loss":0.0,"gold_gain":0.0,"event_name":"Cursed Tome","player_choice":"Obtained Book","floor":22.0,"gold_loss":0.0,"damage_taken":16.0},{"damage_healed":0.0,"max_hp_gain":0.0,"max_hp_loss":0.0,"gold_gain":0.0,"event_name":"Vampires","player_choice":"Ignored","floor":31.0,"gold_loss":0.0,"damage_taken":0.0},{"cards_removed":["Strike_B"],"damage_healed":0,"gold_gain":0,"player_choice":"Upgrade and Remove","damage_taken":0,"max_hp_gain":0,"max_hp_loss":0,"event_name":"Designer","floor":36,"gold_loss":90,"cards_upgraded":["Defend_B"]}],"is_beta":false,"boss_relics":[{"not_picked":["Sozu","Astrolabe"],"picked":"Calling Bell"},{"not_picked":["Velvet Choker","Black Star"],"picked":"Fusion Hammer"}],"items_purged_floors":[21],"is_endless":false,"potions_floor_spawned":[2,11,16,18,19,29,40,42],"ascension_level":6}}