{"host":"4nnhb5rglsgyie7t","time":1608549802,"event":{"mods":["Act Like it!","BaseMod","Challenge The Spire","Gensokyo","Koishi","KomeijiMod","Marisa（F雨　魔理沙）","Minty Spire (QoL Compilation)","Prisma Mod","Remilia（蕾米莉亚）","Shop Mod","StSLib","Td1madao Mod","The Servant 0.9.4","Youmu（魂魄妖梦）","Yuyuko","【东方二次创作】八云紫mod","【功能Mod】聪明的最终Boss","【角色mod】十八桐人"],"gold_per_floor":[117,117,117,137,137,137,169,169,250,264,264,264,277,154,154,154,154],"floor_reached":16,"playtime":1326,"items_purged":[],"score":123,"play_id":"aef99b5b-b570-434d-b048-7a5c566f57f3","local_time":"20201221192322","is_ascension_mode":false,"campfire_choices":[{"data":"Dash_Komeiji","floor":6.0,"key":"SMITH"},{"data":"NingyouSP+1","floor":8.0,"key":"SWEEP"},{"data":"AbyssNova","floor":11.0,"key":"SMITH"},{"floor":15,"key":"RECALL"}],"circlet_count":0,"master_deck":["Strike_Komeiji","Strike_Komeiji","Strike_Komeiji","Strike_Komeiji","Defend_Komeiji","Defend_Komeiji","Defend_Komeiji","Defend_Komeiji","Dash_Komeiji+1","Pain","SeekerDolls","NingyouSousou+1","DemonsDinnerFork","NingyouSP+1","AbyssNova+1","NingyouKisou+1"],"relics":["KomeijisEye","SpellCardsRule","MusicBox","NeowsBlessing","Gensokyo:Mercy","Gensokyo:LunaticRedEyes","CrystalOfMemory","Potion Belt","GoodDreamPillow"],"acts_visited":["Exordium"],"potions_floor_usage":[16],"damage_taken":[{"damage":0.0,"enemies":"Gensokyo:Python","floor":1.0,"turns":1.0},{"damage":0.0,"enemies":"Gensokyo:3_Fairies","floor":4.0,"turns":1.0},{"damage":0.0,"enemies":"Gensokyo:Aya","floor":7.0,"turns":1.0},{"damage":10.0,"enemies":"Gensokyo:Gryphon","floor":10.0,"turns":4.0},{"damage":2.0,"enemies":"Gensokyo:LivingMonolith","floor":13.0,"turns":4.0},{"damage":51,"enemies":"Gensokyo:Kokoro","floor":16,"turns":13}],"seed_played":"-5262199526603479087","potions_obtained":[{"floor":1.0,"key":"CalmPotion"},{"floor":4.0,"key":"Block Potion"}],"is_trial":false,"path_per_floor":["M","?","?","M","?","R","E","R","T","M","R","T","M","?","R","B"],"character_chosen":"KomeijiSatori","items_purchased":[],"campfire_rested":0,"item_purchase_floors":[],"current_hp_per_floor":[50,50,50,50,50,50,50,50,50,40,40,40,38,38,38,0,0],"gold":154,"neow_bonus":"THREE_ENEMY_KILL","is_daily":false,"chose_seed":false,"campfire_upgraded":2,"win_rate":0.0,"timestamp":1608549802,"path_taken":["M","?","?","M","?","R","E","R","T","?","R","?","M","?","R","BOSS"],"items_purchased_type":[],"build_version":"2020-12-13","purchased_purges":0,"victory":false,"max_hp_per_floor":[50,50,50,50,50,50,50,50,50,50,50,50,50,50,50,50,50],"card_choices":[{"not_picked":["MusuNoYume","OoedoNingyou+1"],"picked":"SeishiRoten+1","floor":1.0},{"not_picked":["HisouNoKen","DemonLordCradle"],"picked":"SeekerDolls","floor":4.0},{"not_picked":["KinbakuJin+1","NingyouShinki+1"],"picked":"SeekerWire+1","floor":5.0},{"not_picked":["NingyouFukuhei+1","KinbakuJin+1"],"picked":"NingyouSousou+1","floor":5.0},{"not_picked":["ShyakuBuku","NingyouShinki+1"],"picked":"DemonsDinnerFork","floor":7.0},{"not_picked":["NingyouSP+1","Mishyaguji+1"],"picked":"AbyssNova","floor":10.0},{"not_picked":["JyouchiJin+1","NarrowSpark"],"picked":"NingyouKisou+1","floor":13.0}],"player_experience":136214,"relics_obtained":[{"floor":7.0,"key":"CrystalOfMemory"},{"floor":12.0,"key":"Potion Belt"}],"event_choices":[],"is_beta":false,"boss_relics":[],"items_purged_floors":[],"is_endless":false,"potions_floor_spawned":[1,4],"killed_by":"Gensokyo:Kokoro","ascension_level":0}}