{"host":"363c1o4m0ew2jbar","time":1608531906,"event":{"mods":["AchievementEnabler","BaseMod","Better Note","Downfall","Hubris","Minty Spire (QoL Compilation)","StSLib"],"gold_per_floor":[99,15,27,46,46,77,77,77,107,107,107,17,2,21,31,127,127,127,127,127,127,127],"floor_reached":21,"playtime":849,"items_purged":["Slimebound:Tackle"],"score":239,"play_id":"fdad1764-0e82-4713-834d-d676dac87a11","local_time":"20201220202506","is_ascension_mode":true,"campfire_choices":[{"data":"expansioncontent:StudyTheSpire","floor":1,"key":"SMITH"},{"data":"Slimebound:FormOfPuddle","floor":10,"key":"SMITH"},{"data":"Slimebound:Darklings","floor":18,"key":"SMITH"},{"floor":20,"key":"RECALL"}],"circlet_count":0,"master_deck":["Slimebound:Strike_Slimebound","Slimebound:Strike_Slimebound","Slimebound:Strike_Slimebound","Slimebound:Defend_Slimebound","Slimebound:Defend_Slimebound","Slimebound:Defend_Slimebound","Slimebound:Defend_Slimebound","Slimebound:Split","expansioncontent:StudyTheSpire+1","Slimebound:FormOfPuddle+1","Slimebound:RainOfGoop","Slimebound:SlimeSpikes","Slimebound:SplitMire","Slimebound:PressTheAttack","Slimebound:RejuvenatingLick","Slimebound:MinionMaster+1","Slimebound:ItLooksTasty","Slimebound:Darklings+1","Writhe"],"relics":["Slimebound:AbsorbEndCombat","hubris:Towel","Frozen Egg 2","Blood Vial","Ornamental Fan","hubris:Backtick","Gremlin Horn","Bag of Marbles"],"acts_visited":["Exordium","TheCity"],"potions_floor_usage":[12,12],"damage_taken":[{"damage":14,"enemies":"downfall:FleeingMerchant","floor":2,"turns":4},{"damage":6,"enemies":"Cultist","floor":3,"turns":4},{"damage":17,"enemies":"Small Slimes","floor":4,"turns":3},{"damage":8,"enemies":"Lagavulin","floor":6,"turns":3},{"damage":17,"enemies":"3 Sentries","floor":9,"turns":3},{"damage":18,"enemies":"downfall:FleeingMerchant","floor":12,"turns":4},{"damage":23,"enemies":"downfall:FleeingMerchant","floor":13,"turns":4},{"damage":16,"enemies":"2 Louse","floor":14,"turns":3},{"damage":22,"enemies":"2 Fungi Beasts","floor":15,"turns":4},{"damage":35,"enemies":"downfall:Watcher","floor":16,"turns":7},{"damage":68,"enemies":"Slavers","floor":21,"turns":5}],"seed_played":"-321751273256633798","potions_obtained":[{"floor":3,"key":"champ:CounterPotion"},{"floor":4,"key":"sneckomod:MuddlingPotion"}],"is_trial":false,"path_per_floor":["R","$","M","M","?","E","T","?","E","R","?","$","$","M","M","B",null,"R","?","R","E"],"character_chosen":"SLIMEBOUND","items_purchased":["Slimebound:RainOfGoop"],"campfire_rested":0,"item_purchase_floors":[2],"current_hp_per_floor":[60,52,54,47,47,53,53,53,46,46,46,48,43,43,39,40,60,60,60,60,8,8],"gold":127,"neow_bonus":"RANDOM_COLORLESS_2","is_daily":false,"chose_seed":false,"campfire_upgraded":3,"win_rate":0.0,"timestamp":1608531906,"path_taken":["R","?","M","?","?","E","T","?","E","R","?","?","$","M","M","BOSS","R","?","R","E"],"items_purchased_type":["Card"],"build_version":"2020-12-13","purchased_purges":1,"victory":false,"max_hp_per_floor":[60,60,60,60,60,60,60,60,60,60,60,60,60,60,60,60,60,60,60,60,60,60],"card_choices":[{"not_picked":["The Bomb","HandOfGreed"],"picked":"expansioncontent:StudyTheSpire","floor":0},{"not_picked":["Slimebound:ViciousTackle","Slimebound:HungryTackle"],"picked":"Slimebound:FormOfPuddle","floor":2},{"not_picked":["Slimebound:SplitMire","Slimebound:Schlurp"],"picked":"Slimebound:SlimeSpikes","floor":3},{"not_picked":["Slimebound:ProtectTheBoss","Slimebound:GoopSpray"],"picked":"Slimebound:SplitMire","floor":4},{"not_picked":["Slimebound:FormOfPuddle","Slimebound:ComboTackle","Slimebound:RollThrough"],"picked":"SKIP","floor":6},{"not_picked":["Slimebound:RollThrough","Slimebound:LeechLife","Slimebound:ForwardTackle"],"picked":"SKIP","floor":9},{"not_picked":["Slimebound:SlimeSpikes","Slimebound:RollThrough"],"picked":"Slimebound:PressTheAttack","floor":12},{"not_picked":["Slimebound:LeechingTouch","Slimebound:RollThrough"],"picked":"Slimebound:RejuvenatingLick","floor":13},{"not_picked":["Slimebound:FinishingTackle","Slimebound:SamplingLick"],"picked":"Slimebound:MinionMaster+1","floor":14},{"not_picked":["Slimebound:SplitMire","Slimebound:LeechingTouch"],"picked":"Slimebound:ItLooksTasty","floor":15},{"not_picked":["Slimebound:PrepareCrush","Slimebound:DuplicatedForm+1"],"picked":"Slimebound:Darklings","floor":16}],"player_experience":1133586,"relics_obtained":[{"floor":6,"key":"Frozen Egg 2"},{"floor":7,"key":"Blood Vial"},{"floor":9,"key":"Ornamental Fan"}],"event_choices":[{"cards_removed":["Doubt"],"damage_healed":0,"gold_gain":0,"player_choice":"Forget","damage_taken":0,"max_hp_gain":0,"max_hp_loss":0,"event_name":"Living Wall","floor":8,"gold_loss":0},{"cards_removed":["Slimebound:CorrosiveSpit"],"damage_healed":0,"gold_gain":0,"player_choice":"Card Removal","damage_taken":0,"max_hp_gain":0,"max_hp_loss":0,"event_name":"The Cleric","floor":11,"gold_loss":0}],"is_beta":false,"boss_relics":[{"not_picked":["hubris:Stopwatch","Black Star"],"picked":"hubris:Backtick"}],"items_purged_floors":[12],"is_endless":false,"potions_floor_spawned":[3,4],"killed_by":"Slavers","ascension_level":3}}