{"host":"b5mzvg96njlg7ry9","time":1608545956,"event":{"mods":["AlwaysNeverKeys","Aspiration","BaseMod","Better Note","Better Third Choice","BetterRewards","Colored Map","Colored Powertips","Conspire","Downfall","Highlight Path","Hubris","Infinite Spire","Minty Spire (QoL Compilation)","Quick Restart","Relic Sorter","Replay The Spire","Shop Mod","StSLib","SuperFastMode","everything is the same but u backflip on backflip"],"gold_per_floor":[374,409,409,107,140,1,1,17,51,51,65,123,139,139,139,167,202,356,356,356,412,412,448,117,117,169,205,205,257,257,257,18,56,95,247,247,247,247,247,329,104,104,104,156,209,288,327,327,327,429,470,525,525,605,201,201,376],"floor_reached":58,"playtime":3446,"items_purged":["Slimebound:Strike_Slimebound","Slimebound:Defend_Slimebound","Slimebound:ItLooksTasty","Slimebound:Defend_Slimebound","Slimebound:Defend_Slimebound","Slimebound:SpikyOuterGoop","Slimebound:Defend_Slimebound","Slimebound:Tackle+1","Slimebound:HauntingLick+1"],"score":1750,"play_id":"32caea7b-92b2-4b46-92aa-c0f799f31a23","local_time":"20201221111916","is_ascension_mode":true,"campfire_choices":[{"data":"Slimebound:Split","floor":1.0,"key":"SMITH"},{"data":"Slimebound:CorrosiveSpit","floor":10.0,"key":"SMITH"},{"data":"hubris:DuctTapeCard","floor":20.0,"key":"SMITH"},{"data":"Slimebound:SelfFormingGoo","floor":28.0,"key":"SMITH"},{"data":"Slimebound:SpikyOuterGoop","floor":37,"key":"SMITH"},{"data":"Slimebound:WasteNot","floor":37,"key":"SMITH"},{"data":"Slimebound:HungryTackle","floor":39,"key":"SMITH"},{"data":"Slimebound:SlimeTap","floor":39,"key":"SMITH"},{"data":"Slimebound:Tackle","floor":42,"key":"SMITH"},{"floor":56,"key":"REST"}],"circlet_count":0,"master_deck":["Slimebound:Split+1","Slimebound:CorrosiveSpit+1","Slimebound:WasteNot+1","Slimebound:SlimeTap+1","Slimebound:GrowthPunch+1","Slimebound:HungryTackle+1","Slimebound:Replication+1","Slimebound:SelfFormingGoo+1","Pot Of Greed+1","hubris:DuctTapeCard","Slimebound:SpikyOuterGoop+1","CurseOfTheBell"],"relics":["Slimebound:AbsorbEndCombat","downfall:HeartsMalice","downfall:HeartBlessingRed","downfall:HeartBlessingGreen","downfall:HeartBlessingBlue","Replay:Bottled Steam","Blue Doll","Happy Flower","Replay:Bottled Snecko","Garlic","hubris:DuctTape","Replay:Bandana","Busted Crown","Juzu Bracelet","TheAbacus","Nunchaku","aspiration:TomeofQuesting","Calling Bell","Matryoshka","Replay:Arrowhead","ReplayTheSpireMod:TigerMarble","aspiration:SeaSaltIceCream","ReplayTheSpireMod:Shallot","infinitespire:PuzzleCube","Replay:Ringing Soul","Bottled Lightning","aspiration:Lifesprig","Slimebound:PotencyRelic","Sling"],"acts_visited":["Exordium","TheCity","TheBeyond","TheEnding"],"potions_floor_usage":[57],"damage_taken":[{"damage":0.0,"enemies":"conspire:MimicChest","floor":2.0,"turns":1.0},{"damage":0.0,"enemies":"2 Louse","floor":3.0,"turns":1.0},{"damage":0.0,"enemies":"downfall:FleeingMerchant","floor":4.0,"turns":1.0},{"damage":16.0,"enemies":"Replay:BlueRogue","floor":5.0,"turns":5.0},{"damage":26.0,"enemies":"downfall:FleeingMerchant","floor":6.0,"turns":4.0},{"damage":12.0,"enemies":"conspire:RoseBush","floor":8.0,"turns":2.0},{"damage":30.0,"enemies":"3 Sentries","floor":9.0,"turns":5.0},{"damage":5.0,"enemies":"Jaw Worm","floor":11.0,"turns":2.0},{"damage":17.0,"enemies":"downfall:FleeingMerchant","floor":12.0,"turns":4.0},{"damage":4.0,"enemies":"Exordium Wildlife","floor":13.0,"turns":3.0},{"damage":32.0,"enemies":"downfall:FleeingMerchant","floor":16.0,"turns":2.0},{"damage":16.0,"enemies":"Blue Slaver","floor":17.0,"turns":2.0},{"damage":20.0,"enemies":"downfall:Watcher","floor":18.0,"turns":4.0},{"damage":27.0,"enemies":"Replay:Snechameleon","floor":21.0,"turns":2.0},{"damage":11.0,"enemies":"Shell Parasite","floor":23.0,"turns":3.0},{"damage":16.0,"enemies":"Centurion and Healer","floor":27.0,"turns":1.0},{"damage":16.0,"enemies":"conspire:SneckoGhost","floor":29.0,"turns":2.0},{"damage":16,"enemies":"Sentry and Sphere","floor":33,"turns":2},{"damage":8,"enemies":"Snake Plant","floor":34,"turns":2},{"damage":24,"enemies":"downfall:Defect","floor":35,"turns":3},{"damage":14,"enemies":"R_Hoarder","floor":40,"turns":7},{"damage":16,"enemies":"Nemesis","floor":44,"turns":1},{"damage":16,"enemies":"3 Darklings","floor":45,"turns":1},{"damage":37,"enemies":"R_Hoarder","floor":46,"turns":4},{"damage":24,"enemies":"Orb Walker","floor":47,"turns":2},{"damage":32,"enemies":"Transient","floor":50,"turns":5},{"damage":8,"enemies":"Spire Growth","floor":51,"turns":1},{"damage":19,"enemies":"downfall:Ironclad","floor":52,"turns":2},{"damage":36,"enemies":"downfall:CharBossMerchant","floor":54,"turns":2},{"damage":132,"enemies":"downfall:NeowBoss","floor":57,"turns":8}],"seed_played":"-3668048036483258332","potions_obtained":[{"floor":2.0,"key":"Cursed Concoction"},{"floor":5.0,"key":"Guardian:BlockOnCardUsePotion"},{"floor":8.0,"key":"Adrenaline Potion"},{"floor":18.0,"key":"BlessingOfTheForge"},{"floor":27.0,"key":"Languid Potion"},{"floor":33,"key":"Elixir"},{"floor":46,"key":"DistilledChaos"}],"is_trial":false,"path_per_floor":["R","?","M","$","E","$","T","M","E","R","M","$","M","PTL","PTL","$","M","B",null,"R","E","?","M","$","?","T","M","R","E","?","?","$","M","M","B",null,"R","?","R","E","$","R","T","E","M","E","M","?","AVR","M","M","B",null,"E","$","R","B",null],"character_chosen":"SLIMEBOUND","items_purchased":["Blue Doll","Slimebound:Recollect","Slimebound:GrowthPunch+1","hubris:DuctTape","Slimebound:Replication+1","Replay:Bandana","TheAbacus","Slimebound:SpikyOuterGoop","Sling"],"campfire_rested":1,"item_purchase_floors":[4,4,6,12,12,16,24,32,55],"current_hp_per_floor":[70,70,70,70,70,70,70,70,70,70,70,70,70,70,70,70,70,70,70,70,70,70,70,70,70,70,70,70,70,70,70,70,70,70,70,70,70,70,70,70,70,70,70,73,73,73,73,73,73,73,73,73,73,73,73,73,73],"gold":376,"neow_bonus":"THREE_ENEMY_KILL","is_daily":false,"chose_seed":false,"campfire_upgraded":9,"win_rate":0.0,"timestamp":1608545956,"path_taken":["R","?","M","?","E","$","T","?","E","R","M","$","M","PTL","PTL","$","M","BOSS","R","E","?","M","$","?","T","M","R","E","?","?","$","M","M","BOSS","R","?","R","E","$","R","T","E","M","E","M","?","AVR","M","M","BOSS","E","$","R","BOSS"],"items_purchased_type":["Relic","Card","Card","Relic","Card","Relic","Relic","Card","Relic"],"build_version":"2020-12-13","purchased_purges":9,"victory":true,"max_hp_per_floor":[70,70,70,70,70,70,70,70,70,70,70,70,70,70,70,70,70,70,70,70,70,70,70,70,70,70,70,70,70,70,70,70,70,70,70,70,70,70,70,70,70,70,70,73,73,73,73,73,73,73,73,73,73,73,73,73,73],"card_choices":[{"not_picked":["Slimebound:FinishingTackle","Slimebound:ViciousTackle"],"picked":"Slimebound:RejuvenatingLick","floor":2.0},{"not_picked":["Slimebound:GoopSpray","Slimebound:SlimeSpikes"],"picked":"Slimebound:ItLooksTasty","floor":3.0},{"not_picked":["Slimebound:SlimeBrawl","Slimebound:LeechEnergy","Slimebound:FinishingTackle"],"picked":"SKIP","floor":4.0},{"not_picked":["Slimebound:PressTheAttack","Slimebound:GrowthPunch"],"picked":"Slimebound:WasteNot","floor":5.0},{"not_picked":["Slimebound:SplitLeeching","Slimebound:PrepareCrush"],"picked":"Slimebound:SlimeTap","floor":6.0},{"not_picked":["Slimebound:SplitBruiser","Slimebound:FinishingTackle"],"picked":"Slimebound:HungryTackle","floor":8.0},{"not_picked":["Slimebound:SlimeBarrage","Slimebound:Prepare"],"picked":"Slimebound:HauntingLick","floor":9.0},{"not_picked":["Slimebound:SamplingLick","Slimebound:Schlurp","Slimebound:GrowthPunch"],"picked":"SKIP","floor":11.0},{"not_picked":["Slimebound:GoopSpray","Slimebound:Gluttony","Slimebound:RejuvenatingLick"],"picked":"SKIP","floor":12.0},{"not_picked":["Slimebound:RainOfGoop","Slimebound:Grow","Slimebound:ComboTackle"],"picked":"SKIP","floor":13.0},{"not_picked":["Slimebound:ProtectTheBoss","Slimebound:Schlurp","Slimebound:Prepare"],"picked":"SKIP","floor":16.0},{"not_picked":["Slimebound:SlimeBarrage","Slimebound:Schlurp","Slimebound:TongueLash"],"picked":"SKIP","floor":17.0},{"not_picked":["Slimebound:DouseInSlime","Slimebound:RallyTheTroops"],"picked":"Slimebound:SelfFormingGoo","floor":18.0},{"not_picked":["Slimebound:ViciousTackle+1"],"picked":"SKIP","floor":21.0},{"not_picked":["Slimebound:RollThrough"],"picked":"SKIP","floor":23.0},{"not_picked":["Slimebound:TongueLash"],"picked":"SKIP","floor":27.0},{"not_picked":["Slimebound:TongueLash"],"picked":"SKIP","floor":27.0},{"not_picked":["Slimebound:GoopTackle"],"picked":"SKIP","floor":29.0},{"not_picked":["Slimebound:Equalize"],"picked":"SKIP","floor":33},{"not_picked":["Slimebound:Equalize+1"],"picked":"SKIP","floor":34},{"not_picked":["Slimebound:ForwardTackle+1"],"picked":"SKIP","floor":40},{"not_picked":[],"picked":"Slimebound:HauntingLick+1","floor":44},{"not_picked":["Slimebound:RainOfGoop"],"picked":"SKIP","floor":45},{"not_picked":["Slimebound:SlimeSlap"],"picked":"SKIP","floor":46},{"not_picked":["Slimebound:ProtectTheBoss+1"],"picked":"SKIP","floor":47},{"not_picked":["Slimebound:SamplingLick+1"],"picked":"SKIP","floor":50},{"not_picked":["Slimebound:FinishingTackle+1"],"picked":"SKIP","floor":51},{"not_picked":["Slimebound:DivideAndConquer"],"picked":"SKIP","floor":54}],"player_experience":799217,"relics_obtained":[{"floor":2.0,"key":"Replay:Bottled Steam"},{"floor":5.0,"key":"Happy Flower"},{"floor":7.0,"key":"Replay:Bottled Snecko"},{"floor":9.0,"key":"Garlic"},{"floor":21.0,"key":"Juzu Bracelet"},{"floor":26.0,"key":"Nunchaku"},{"floor":29.0,"key":"aspiration:TomeofQuesting"},{"floor":36,"key":"Matryoshka"},{"floor":36,"key":"Replay:Arrowhead"},{"floor":36,"key":"ReplayTheSpireMod:TigerMarble"},{"floor":40,"key":"aspiration:SeaSaltIceCream"},{"floor":43,"key":"infinitespire:PuzzleCube"},{"floor":43,"key":"Replay:Ringing Soul"},{"floor":44,"key":"Bottled Lightning"},{"floor":46,"key":"aspiration:Lifesprig"},{"floor":54,"key":"Slimebound:PotencyRelic"}],"event_choices":[{"cards_removed":["Slimebound:Strike_Slimebound"],"damage_healed":0.0,"max_hp_gain":0.0,"max_hp_loss":0.0,"gold_gain":0.0,"event_name":"Purifier","player_choice":"Purged","floor":22.0,"gold_loss":0.0,"damage_taken":0.0},{"cards_removed":["Slimebound:Replication"],"damage_healed":0.0,"max_hp_gain":0.0,"max_hp_loss":0.0,"gold_gain":0.0,"event_name":"betterNote:BetterNote","player_choice":"Take \u0026 Give","floor":25.0,"gold_loss":0.0,"damage_taken":0.0,"cards_obtained":["Pot Of Greed"]},{"cards_removed":["Slimebound:Strike_Slimebound"],"damage_healed":0.0,"max_hp_gain":0.0,"max_hp_loss":0.0,"gold_gain":0.0,"event_name":"Bonfire Elementals","player_choice":"Offered Basic","floor":30.0,"gold_loss":0.0,"damage_taken":0.0},{"cards_removed":["Slimebound:Recollect"],"damage_healed":0,"gold_gain":0,"player_choice":"Removed Skill","damage_taken":0,"max_hp_gain":0,"max_hp_loss":0,"event_name":"Falling","floor":38,"gold_loss":0},{"damage_healed":0,"gold_gain":0,"player_choice":"Ignored","damage_taken":0,"max_hp_gain":0,"max_hp_loss":0,"event_name":"Upgrade Shrine","floor":48,"gold_loss":0}],"is_beta":false,"boss_relics":[{"not_picked":["hubris:VirtuousBlindfold","Philosopher\u0027s Stone"],"picked":"Busted Crown"},{"not_picked":["Ring of Chaos","Pandora\u0027s Box"],"picked":"Calling Bell"}],"items_purged_floors":[4,6,12,16,24,32,41,49,55],"is_endless":false,"potions_floor_spawned":[2,5,8,9,18,27,33,46,50],"ascension_level":1}}