{"host":"mvlqq966zh3ccmv5","time":1608537879,"event":{"mods":["AchievementEnabler","BaseMod","DeckTracker","Minty Spire (QoL Compilation)","SuperFastMode"],"gold_per_floor":[361,361,137,155,155,190,190,204,204,204,216,216,241,251,251,351,351,363,363,288,213,224,260,260,302,337,356,356,356],"floor_reached":28,"playtime":892,"items_purged":["Strike_G"],"score":399,"play_id":"6ced6470-05a0-4bdf-9cf8-207b1c63596f","local_time":"20201221170439","is_ascension_mode":true,"campfire_choices":[{"data":"Tactician","floor":7.0,"key":"SMITH"},{"data":"Reflex","floor":10.0,"key":"SMITH"},{"data":"Blade Dance","floor":12.0,"key":"SMITH"},{"data":"Prepared","floor":15.0,"key":"SMITH"},{"floor":24.0,"key":"REST"}],"circlet_count":0,"master_deck":["AscendersBane","Strike_G","Strike_G","Strike_G","Defend_G","Defend_G","Defend_G","Defend_G","Defend_G","Survivor","Neutralize+1","Backflip","Tactician+1","Acrobatics","Eviscerate","All Out Attack","Underhanded Strike","Quick Slash","Neutralize","Reflex+1","Prepared+1","Blade Dance+1","Well Laid Plans","Burst","Escape Plan","Adrenaline","Doubt"],"relics":["Ring of the Snake","Orrery","Strawberry","HornCleat","Art of War","Cursed Key","CeramicFish","Blue Candle","Pen Nib"],"acts_visited":["Exordium","TheCity"],"potions_floor_usage":[28],"damage_taken":[{"damage":8.0,"enemies":"2 Louse","floor":1.0,"turns":3.0},{"damage":6.0,"enemies":"Cultist","floor":4.0,"turns":3.0},{"damage":7.0,"enemies":"Lagavulin","floor":6.0,"turns":5.0},{"damage":0.0,"enemies":"Small Slimes","floor":8.0,"turns":2.0},{"damage":4.0,"enemies":"Exordium Thugs","floor":11.0,"turns":4.0},{"damage":10.0,"enemies":"3 Sentries","floor":13.0,"turns":4.0},{"damage":0.0,"enemies":"Looter","floor":14.0,"turns":2.0},{"damage":13.0,"enemies":"Slime Boss","floor":16.0,"turns":10.0},{"damage":0.0,"enemies":"Shell Parasite","floor":18.0,"turns":3.0},{"damage":0.0,"enemies":"3 Byrds","floor":22.0,"turns":4.0},{"damage":29.0,"enemies":"Slavers","floor":23.0,"turns":6.0},{"damage":12.0,"enemies":"Book of Stabbing","floor":25.0,"turns":7.0},{"damage":42.0,"enemies":"Snake Plant","floor":27.0,"turns":5.0},{"damage":0,"enemies":"Centurion and Healer","floor":28,"turns":1}],"seed_played":"-1711536316518994101","potions_obtained":[{"floor":1.0,"key":"GamblersBrew"},{"floor":6.0,"key":"Poison Potion"},{"floor":11.0,"key":"Fire Potion"},{"floor":14.0,"key":"GhostInAJar"},{"floor":22.0,"key":"DuplicationPotion"},{"floor":25.0,"key":"Fruit Juice"}],"is_trial":false,"path_per_floor":["M","?","$","M","?","E","R","M","T","R","M","R","E","M","R","B",null,"M","?","?","$","M","E","R","E","T","M","M"],"character_chosen":"THE_SILENT","items_purchased":["Tactician","Orrery"],"campfire_rested":1,"item_purchase_floors":[3,3],"current_hp_per_floor":[55,55,55,49,49,49,49,49,49,49,45,45,35,35,35,22,58,58,58,58,58,58,29,50,43,43,1,1,1],"gold":356,"neow_bonus":"TWO_FIFTY_GOLD","is_daily":false,"chose_seed":false,"campfire_upgraded":4,"win_rate":0.0,"timestamp":1608537879,"path_taken":["M","?","$","?","?","E","R","M","T","R","M","R","E","M","R","BOSS","BOSS","M","?","?","$","M","E","R","E","T","M","M"],"items_purchased_type":["Card","Relic"],"build_version":"2020-12-13","purchased_purges":1,"victory":false,"max_hp_per_floor":[63,63,63,63,63,70,70,70,70,70,70,70,70,70,70,70,70,70,70,70,70,70,70,70,75,75,75,75,75],"card_choices":[{"not_picked":["Distraction","PiercingWail"],"picked":"Backflip","floor":1.0},{"not_picked":["Cloak And Dagger","Footwork"],"picked":"Acrobatics","floor":3.0},{"not_picked":["Sucker Punch","Bullet Time"],"picked":"Eviscerate","floor":3.0},{"not_picked":["Sucker Punch","Noxious Fumes"],"picked":"All Out Attack","floor":3.0},{"not_picked":["Infinite Blades","Poisoned Stab"],"picked":"Underhanded Strike","floor":3.0},{"not_picked":["Poisoned Stab","Heel Hook"],"picked":"Quick Slash","floor":3.0},{"not_picked":["Flying Knee","Sucker Punch","Cloak And Dagger"],"picked":"SKIP","floor":4.0},{"not_picked":["Blade Dance","Sucker Punch"],"picked":"Reflex","floor":6.0},{"not_picked":["Outmaneuver","Dagger Spray"],"picked":"Prepared","floor":8.0},{"not_picked":["Predator","Prepared"],"picked":"Blade Dance","floor":11.0},{"not_picked":["Well Laid Plans","Skewer","Sucker Punch"],"picked":"SKIP","floor":13.0},{"not_picked":["Skewer","Sucker Punch"],"picked":"Well Laid Plans","floor":13.0},{"not_picked":["Footwork","Backflip","Deflect"],"picked":"SKIP","floor":14.0},{"not_picked":["Doppelganger","Malaise"],"picked":"Burst","floor":16.0},{"not_picked":["Masterful Stab","Dagger Spray","Blur"],"picked":"SKIP","floor":18.0},{"not_picked":["Backflip","Dodge and Roll+1","Quick Slash"],"picked":"SKIP","floor":22.0},{"not_picked":["Well Laid Plans","Backflip"],"picked":"Escape Plan","floor":23.0},{"not_picked":["Poisoned Stab","Backstab+1"],"picked":"Adrenaline","floor":25.0},{"not_picked":["Bane","Dodge and Roll","Poisoned Stab"],"picked":"SKIP","floor":27.0}],"player_experience":218958,"relics_obtained":[{"floor":6.0,"key":"Strawberry"},{"floor":9.0,"key":"HornCleat"},{"floor":13.0,"key":"Art of War"},{"floor":23.0,"key":"CeramicFish"},{"floor":25.0,"key":"Blue Candle"},{"floor":26.0,"key":"Pen Nib"}],"event_choices":[{"damage_healed":0.0,"max_hp_gain":0.0,"max_hp_loss":0.0,"gold_gain":0.0,"event_name":"Upgrade Shrine","player_choice":"Upgraded","floor":2.0,"gold_loss":0.0,"damage_taken":0.0,"cards_upgraded":["Neutralize"]},{"damage_healed":0.0,"max_hp_gain":0.0,"max_hp_loss":0.0,"gold_gain":0.0,"event_name":"Match and Keep!","player_choice":"1 cards matched","floor":5.0,"gold_loss":0.0,"damage_taken":0.0,"cards_obtained":["Neutralize"]},{"damage_healed":0.0,"max_hp_gain":0.0,"max_hp_loss":0.0,"gold_gain":0.0,"event_name":"Vampires","player_choice":"Ignored","floor":19.0,"gold_loss":0.0,"damage_taken":0.0},{"cards_removed":["Strike_G"],"damage_healed":0.0,"max_hp_gain":0.0,"max_hp_loss":0.0,"gold_gain":0.0,"event_name":"Beggar","player_choice":"Gave Gold","floor":20.0,"gold_loss":75.0,"damage_taken":0.0}],"is_beta":false,"boss_relics":[{"not_picked":["Coffee Dripper","Philosopher\u0027s Stone"],"picked":"Cursed Key"}],"items_purged_floors":[21],"is_endless":false,"potions_floor_spawned":[1,6,11,14,22,25],"killed_by":"Centurion and Healer","ascension_level":10}}