{"host":"2l5k2wp87eek7qja","time":1608560488,"event":{"mods":["BaseMod","Colored Map","Minty Spire (QoL Compilation)","Relic Stats"],"gold_per_floor":[12,24,24,42,58,58,92,92,92,118,131,131,142,173,173,244,244,254,264,314,324,336,336,370,370,370,370,401,415,415,5,5,82,82,92,139,154,165,165,194,207,207,207,240,265,265,293,304,304,304,304,304,304,21,56,56,56],"floor_reached":56,"playtime":3325,"items_purged":["Strike_R","Strike_R"],"score":2094,"play_id":"eb9637c9-d45d-4e8a-a3ee-7e611ebb22ea","local_time":"20201221162127","is_ascension_mode":true,"campfire_choices":[{"data":"Blood for Blood","floor":6.0,"key":"SMITH"},{"data":"Battle Trance","floor":8.0,"key":"SMITH"},{"data":"Hemokinesis","floor":12.0,"key":"SMITH"},{"floor":15.0,"key":"REST"},{"floor":23.0,"key":"REST"},{"data":"RitualDagger","floor":27.0,"key":"SMITH"},{"data":"Bash","floor":32.0,"key":"SMITH"},{"floor":42.0,"key":"REST"},{"floor":46.0,"key":"RECALL"},{"floor":49.0,"key":"REST"},{"floor":53,"key":"REST"}],"circlet_count":0,"master_deck":["AscendersBane","Strike_R","Strike_R","Defend_R","Defend_R","Defend_R","Defend_R","Bash+1","Blood for Blood+1","Iron Wave","Heavy Blade","Battle Trance+1","Headbutt","Clothesline","Infernal Blade+1","Hemokinesis+1","Dual Wield+1","Offering+1","Double Tap+1","Flex+1","Shockwave+1","Spot Weakness+1","Flame Barrier+1","Havoc+1","RitualDagger+1","Infernal Blade+1","Disarm+1","Limit Break+1","Havoc+1","Fiend Fire","Inflame+1","Infernal Blade+1","Power Through+1","Disarm+1","Infernal Blade+1","PanicButton+1"],"relics":["Burning Blood","Magic Flower","Darkstone Periapt","Toxic Egg 2","MealTicket","Question Card","Runic Pyramid","Blood Vial","Shuriken","White Beast Statue","Nilry\u0027s Codex","Strange Spoon","Red Skull","Fusion Hammer","Lizard Tail","Singing Bowl","Ornamental Fan","Happy Flower","Ice Cream","Gremlin Horn","Kunai"],"acts_visited":["Exordium","TheCity","TheBeyond","TheEnding"],"potions_floor_usage":[51,55,56,56],"damage_taken":[{"damage":2.0,"enemies":"2 Louse","floor":1.0,"turns":3.0},{"damage":9.0,"enemies":"Jaw Worm","floor":2.0,"turns":4.0},{"damage":1.0,"enemies":"Cultist","floor":4.0,"turns":3.0},{"damage":19.0,"enemies":"Large Slime","floor":5.0,"turns":7.0},{"damage":34.0,"enemies":"Lagavulin","floor":7.0,"turns":8.0},{"damage":24.0,"enemies":"Gremlin Nob","floor":10.0,"turns":4.0},{"damage":1.0,"enemies":"Exordium Thugs","floor":11.0,"turns":3.0},{"damage":0.0,"enemies":"2 Fungi Beasts","floor":13.0,"turns":2.0},{"damage":12.0,"enemies":"Lagavulin","floor":14.0,"turns":5.0},{"damage":49.0,"enemies":"The Guardian","floor":16.0,"turns":8.0},{"damage":15.0,"enemies":"2 Thieves","floor":18.0,"turns":3.0},{"damage":17.0,"enemies":"Spheric Guardian","floor":19.0,"turns":4.0},{"damage":15.0,"enemies":"Cultist and Chosen","floor":21.0,"turns":5.0},{"damage":37.0,"enemies":"Shelled Parasite and Fungi","floor":22.0,"turns":5.0},{"damage":6.0,"enemies":"Gremlin Leader","floor":24.0,"turns":4.0},{"damage":16.0,"enemies":"Book of Stabbing","floor":28.0,"turns":2.0},{"damage":2.0,"enemies":"Sentry and Sphere","floor":29.0,"turns":3.0},{"damage":48.0,"enemies":"Champ","floor":33.0,"turns":10.0},{"damage":4.0,"enemies":"Orb Walker","floor":35.0,"turns":3.0},{"damage":3.0,"enemies":"2 Orb Walkers","floor":36.0,"turns":2.0},{"damage":21.0,"enemies":"3 Darklings","floor":37.0,"turns":2.0},{"damage":18.0,"enemies":"Maw","floor":38.0,"turns":4.0},{"damage":22.0,"enemies":"Reptomancer","floor":40.0,"turns":3.0},{"damage":29.0,"enemies":"Writhing Mass","floor":41.0,"turns":4.0},{"damage":12.0,"enemies":"Nemesis","floor":44.0,"turns":5.0},{"damage":0.0,"enemies":"Mind Bloom Boss Battle","floor":45.0,"turns":5.0},{"damage":10.0,"enemies":"Giant Head","floor":47.0,"turns":3.0},{"damage":20.0,"enemies":"4 Shapes","floor":48.0,"turns":4.0},{"damage":43.0,"enemies":"Awakened One","floor":50.0,"turns":9.0},{"damage":39,"enemies":"Donu and Deca","floor":51,"turns":5},{"damage":59,"enemies":"Shield and Spear","floor":55,"turns":5},{"damage":100,"enemies":"The Heart","floor":56,"turns":6}],"seed_played":"-7018304186788782997","potions_obtained":[{"floor":1.0,"key":"Strength Potion"},{"floor":4.0,"key":"PowerPotion"},{"floor":10.0,"key":"FearPotion"},{"floor":14.0,"key":"GamblersBrew"},{"floor":16.0,"key":"SteroidPotion"},{"floor":21.0,"key":"Regen Potion"},{"floor":28.0,"key":"Swift Potion"},{"floor":29.0,"key":"Block Potion"},{"floor":33.0,"key":"DistilledChaos"},{"floor":35.0,"key":"Strength Potion"},{"floor":36.0,"key":"Explosive Potion"},{"floor":37.0,"key":"HeartOfIron"},{"floor":38.0,"key":"Weak Potion"},{"floor":40.0,"key":"Fire Potion"},{"floor":44.0,"key":"FearPotion"},{"floor":45.0,"key":"EssenceOfSteel"},{"floor":47.0,"key":"DuplicationPotion"},{"floor":48.0,"key":"BlessingOfTheForge"},{"floor":55,"key":"Explosive Potion"}],"is_trial":false,"path_per_floor":["M","M","?","M","M","R","E","R","T","E","M","R","M","E","R","B",null,"M","M","?","M","M","R","E","?","T","R","E","M","?","$","R","B",null,"M","?","M","M","T","E","M","R","T","E","?","R","E","M","R","B","B",null,"R","$","E","B"],"character_chosen":"IRONCLAD","items_purchased":["Strange Spoon","Red Skull","PanicButton+1","Ancient Potion"],"campfire_rested":5,"item_purchase_floors":[31,31,54,54],"current_hp_per_floor":[75,75,75,75,65,65,40,40,40,25,33,33,42,39,61,21,62,56,48,41,35,29,51,54,48,48,48,44,54,33,48,48,12,59,67,75,63,57,57,47,30,52,52,52,66,66,68,60,77,43,16,62,77,77,29,0,0],"gold":56,"neow_bonus":"ONE_RARE_RELIC","is_daily":false,"chose_seed":false,"campfire_upgraded":5,"win_rate":0.0,"timestamp":1608560487,"path_taken":["M","M","?","M","M","R","E","R","T","E","M","R","M","E","R","BOSS","M","M","?","M","?","R","E","?","T","R","E","M","?","$","R","BOSS","M","?","M","M","?","E","M","R","T","E","?","R","E","M","R","BOSS","BOSS","R","$","E","BOSS"],"items_purchased_type":["Relic","Relic","Card","Potion"],"build_version":"2020-12-13","purchased_purges":2,"victory":false,"max_hp_per_floor":[75,75,75,75,75,75,75,75,75,75,75,75,75,75,75,75,75,75,75,75,75,75,75,75,75,75,75,75,75,75,75,75,75,75,75,75,75,75,75,75,75,75,75,75,77,77,77,77,77,77,77,77,77,77,79,79,79],"relic_stats":{"Darkstone Periapt":0,"Singing Bowl":4,"Happy Flower":[12],"Gremlin Horn":[8,8],"counters":[32,143],"Magic Flower":[131],"Question Card":20,"Burning Blood":270,"Blood Vial":42,"Strange Spoon":[58],"Lizard Tail":59,"Shuriken":[36],"Ornamental Fan":[72],"MealTicket":15,"Kunai":[4],"obtain_stats":[{"Darkstone Periapt":7,"Ice Cream":45,"Singing Bowl":40,"Happy Flower":44,"Gremlin Horn":47,"Nilry\u0027s Codex":30,"Magic Flower":0,"Question Card":14,"Burning Blood":0,"White Beast Statue":28,"Blood Vial":24,"Strange Spoon":31,"Lizard Tail":36,"Shuriken":26,"Ornamental Fan":43,"MealTicket":10,"Fusion Hammer":34,"Kunai":55,"Toxic Egg 2":9,"Red Skull":31,"Runic Pyramid":17},{"Darkstone Periapt":5,"Ice Cream":26,"Singing Bowl":23,"Happy Flower":25,"Gremlin Horn":27,"Nilry\u0027s Codex":17,"Magic Flower":0,"Question Card":9,"Burning Blood":0,"White Beast Statue":16,"Blood Vial":15,"Strange Spoon":17,"Lizard Tail":20,"Shuriken":15,"Ornamental Fan":24,"MealTicket":6,"Fusion Hammer":18,"Kunai":31,"Toxic Egg 2":5,"Red Skull":17,"Runic Pyramid":10},{"Darkstone Periapt":25,"Ice Cream":111,"Singing Bowl":97,"Happy Flower":106,"Gremlin Horn":114,"Nilry\u0027s Codex":73,"Magic Flower":0,"Question Card":39,"Burning Blood":0,"White Beast Statue":70,"Blood Vial":68,"Strange Spoon":73,"Lizard Tail":88,"Shuriken":68,"Ornamental Fan":101,"MealTicket":29,"Fusion Hammer":83,"Kunai":137,"Toxic Egg 2":25,"Red Skull":73,"Runic Pyramid":47}]},"card_choices":[{"not_picked":["Headbutt","Searing Blow"],"picked":"Blood for Blood","floor":1.0},{"not_picked":["Sword Boomerang","Flex"],"picked":"Iron Wave","floor":2.0},{"not_picked":["Flex","Thunderclap"],"picked":"Battle Trance","floor":4.0},{"not_picked":["Heavy Blade","Flex"],"picked":"Headbutt","floor":5.0},{"not_picked":["Sever Soul","Dropkick"],"picked":"Clothesline","floor":7.0},{"not_picked":["Thunderclap","Flex+1"],"picked":"Infernal Blade+1","floor":10.0},{"not_picked":["Hemokinesis","Immolate","Headbutt"],"picked":"SKIP","floor":11.0},{"not_picked":["Immolate","Headbutt"],"picked":"Hemokinesis","floor":11.0},{"not_picked":["Warcry+1","Twin Strike"],"picked":"Dual Wield+1","floor":13.0},{"not_picked":["Rampage","Headbutt"],"picked":"Offering+1","floor":14.0},{"not_picked":["Brutality","Immolate","Demon Form"],"picked":"Double Tap+1","floor":16.0},{"not_picked":["Body Slam","Heavy Blade","Headbutt"],"picked":"Flex+1","floor":18.0},{"not_picked":["Wild Strike","Shrug It Off+1","Feel No Pain"],"picked":"Shockwave+1","floor":19.0},{"not_picked":["Wild Strike+1","Clothesline","Reckless Charge"],"picked":"Spot Weakness+1","floor":21.0},{"not_picked":["Wild Strike","Intimidate+1","Armaments+1"],"picked":"Flame Barrier+1","floor":22.0},{"not_picked":["Sever Soul","Wild Strike","Rupture"],"picked":"Havoc+1","floor":24.0},{"not_picked":["Rupture","Clash","Burning Pact+1"],"picked":"Infernal Blade+1","floor":28.0},{"not_picked":["Evolve","Wild Strike","Intimidate+1"],"picked":"Disarm+1","floor":29.0},{"not_picked":["Juggernaut","Immolate","Feed"],"picked":"Limit Break+1","floor":33.0},{"not_picked":["Sword Boomerang","Iron Wave","Metallicize","Anger"],"picked":"SKIP","floor":35.0},{"not_picked":["Shrug It Off+1","Combust","Clothesline"],"picked":"Havoc+1","floor":37.0},{"not_picked":["Perfected Strike+1","Rage+1","Heavy Blade+1"],"picked":"Fiend Fire","floor":38.0},{"not_picked":["Feel No Pain","Fire Breathing","Wild Strike"],"picked":"Inflame+1","floor":40.0},{"not_picked":["Uppercut+1","Cleave","Entrench+1"],"picked":"Infernal Blade+1","floor":41.0},{"not_picked":["Intimidate+1","Rage+1","Fiend Fire"],"picked":"Power Through+1","floor":44.0},{"not_picked":["Headbutt+1","Uppercut","Wild Strike","Pommel Strike"],"picked":"Singing Bowl","floor":45.0},{"not_picked":["Burning Pact+1","Sever Soul","Rupture"],"picked":"Disarm+1","floor":47.0},{"not_picked":["Twin Strike","Perfected Strike","Intimidate+1"],"picked":"Infernal Blade+1","floor":48.0},{"not_picked":["Headbutt+1","Ghostly Armor+1","True Grit+1","Metallicize+1"],"picked":"Singing Bowl","floor":55}],"player_experience":786361,"relics_obtained":[{"floor":7.0,"key":"Darkstone Periapt"},{"floor":9.0,"key":"Toxic Egg 2"},{"floor":10.0,"key":"MealTicket"},{"floor":14.0,"key":"Question Card"},{"floor":24.0,"key":"Blood Vial"},{"floor":26.0,"key":"Shuriken"},{"floor":28.0,"key":"White Beast Statue"},{"floor":30.0,"key":"Nilry\u0027s Codex"},{"floor":36.0,"key":"Lizard Tail"},{"floor":40.0,"key":"Singing Bowl"},{"floor":43.0,"key":"Ornamental Fan"},{"floor":44.0,"key":"Happy Flower"},{"floor":45.0,"key":"Ice Cream"},{"floor":47.0,"key":"Gremlin Horn"},{"floor":55,"key":"Kunai"}],"event_choices":[{"damage_healed":0.0,"max_hp_gain":0.0,"max_hp_loss":0.0,"gold_gain":0.0,"cards_transformed":["Strike_R"],"event_name":"Living Wall","player_choice":"Change","floor":3.0,"gold_loss":0.0,"damage_taken":0.0,"cards_obtained":["Heavy Blade"]},{"damage_healed":0.0,"max_hp_gain":0.0,"max_hp_loss":0.0,"gold_gain":50.0,"event_name":"FaceTrader","player_choice":"Touch","floor":20.0,"gold_loss":0.0,"damage_taken":7.0},{"damage_healed":0.0,"max_hp_gain":0.0,"max_hp_loss":0.0,"gold_gain":0.0,"event_name":"Nest","player_choice":"Joined the Cult","floor":25.0,"gold_loss":0.0,"damage_taken":6.0,"cards_obtained":["RitualDagger"]},{"damage_healed":0.0,"max_hp_gain":0.0,"max_hp_loss":0.0,"gold_gain":0.0,"event_name":"Cursed Tome","player_choice":"Obtained Book","floor":30.0,"gold_loss":0.0,"damage_taken":21.0},{"damage_healed":0.0,"max_hp_gain":0.0,"max_hp_loss":0.0,"gold_gain":0.0,"event_name":"Mysterious Sphere","player_choice":"Fight","floor":36.0,"gold_loss":0.0,"damage_taken":0.0},{"damage_healed":0.0,"max_hp_gain":0.0,"max_hp_loss":0.0,"gold_gain":0.0,"event_name":"MindBloom","player_choice":"Fight","floor":45.0,"gold_loss":0.0,"damage_taken":0.0}],"is_beta":false,"boss_relics":[{"not_picked":["Snecko Eye","Philosopher\u0027s Stone"],"picked":"Runic Pyramid"},{"not_picked":["Velvet Choker","Calling Bell"],"picked":"Fusion Hammer"}],"items_purged_floors":[31,54],"is_endless":false,"potions_floor_spawned":[1,4,10,14,16,21,28,29,33,35,36,37,38,40,41,44,45,47,48,55],"killed_by":"The Heart","ascension_level":20}}