{"host":"2e3z4r48quhw80cc","time":1608570101,"event":{"mods":["BaseMod","Minty Spire (QoL Compilation)","Quick Restart","StSLib","SuperFastMode"],"gold_per_floor":[109,109,109,133,54,98,98,139,165,199,149,167,187,30,30,158,158,173,186,186,29,128,128,166,166,189,189,114,114,133,7,7,132,132,150,150,29,44,107,107,130,53,79,114,114,128,147,18,18,18],"floor_reached":51,"playtime":1840,"items_purged":["Strike_G","Defend_G","Strike_G"],"score":1093,"play_id":"8cf2b322-6e11-4980-86ee-652484b7d5fe","local_time":"20201222020141","is_ascension_mode":true,"campfire_choices":[{"data":"Blade Dance","floor":7.0,"key":"SMITH"},{"data":"Well Laid Plans","floor":15.0,"key":"SMITH"},{"data":"Malaise","floor":23.0,"key":"SMITH"},{"floor":25.0,"key":"REST"},{"floor":27.0,"key":"REST"},{"data":"Accuracy","floor":32.0,"key":"SMITH"},{"floor":40.0,"key":"REST"},{"floor":49,"key":"REST"}],"circlet_count":0,"master_deck":["Strike_G+1","Defend_G+1","Defend_G+1","Defend_G","Survivor","Neutralize","Blade Dance+1","Catalyst","Accuracy+1","Dagger Spray","Blur","Escape Plan","Well Laid Plans+1","Malaise+1","Poisoned Stab+1","Cloak And Dagger","Envenom","Crippling Poison+1","Catalyst"],"relics":["Ring of the Serpent","NeowsBlessing","Golden Idol","Vajra","War Paint","Strawberry","Singing Bowl","Gremlin Horn","Membership Card","Snake Skull","Oddly Smooth Stone","Nunchaku","WristBlade","InkBottle","TungstenRod","Toolbox","Whetstone","Smiling Mask","OrangePellets"],"acts_visited":["Exordium","TheCity","TheBeyond"],"potions_floor_usage":[41,50,50,50],"damage_taken":[{"damage":0.0,"enemies":"Jaw Worm","floor":1.0,"turns":1.0},{"damage":0.0,"enemies":"2 Louse","floor":4.0,"turns":1.0},{"damage":0.0,"enemies":"3 Sentries","floor":6.0,"turns":1.0},{"damage":16.0,"enemies":"Gremlin Nob","floor":8.0,"turns":4.0},{"damage":0.0,"enemies":"3 Sentries","floor":10.0,"turns":4.0},{"damage":0.0,"enemies":"Cultist","floor":12.0,"turns":2.0},{"damage":0.0,"enemies":"3 Louse","floor":13.0,"turns":2.0},{"damage":15.0,"enemies":"Hexaghost","floor":16.0,"turns":11.0},{"damage":4.0,"enemies":"Shell Parasite","floor":18.0,"turns":7.0},{"damage":4.0,"enemies":"Chosen","floor":19.0,"turns":8.0},{"damage":46.0,"enemies":"Slavers","floor":24.0,"turns":6.0},{"damage":3.0,"enemies":"Centurion and Healer","floor":30.0,"turns":8.0},{"damage":30.0,"enemies":"Collector","floor":33.0,"turns":11.0},{"damage":15.0,"enemies":"Orb Walker","floor":35.0,"turns":5.0},{"damage":7.0,"enemies":"3 Shapes","floor":38.0,"turns":2.0},{"damage":0.0,"enemies":"Mind Bloom Boss Battle","floor":39.0,"turns":5.0},{"damage":6,"enemies":"Transient","floor":41,"turns":5},{"damage":20,"enemies":"Reptomancer","floor":44,"turns":5},{"damage":10,"enemies":"Sphere and 2 Shapes","floor":46,"turns":4},{"damage":13,"enemies":"Jaw Worm Horde","floor":47,"turns":3},{"damage":22,"enemies":"Donu and Deca","floor":50,"turns":9}],"seed_played":"6999831343242150039","potions_obtained":[{"floor":1.0,"key":"SteroidPotion"},{"floor":6.0,"key":"Energy Potion"},{"floor":8.0,"key":"Block Potion"},{"floor":13.0,"key":"DistilledChaos"},{"floor":19.0,"key":"Poison Potion"},{"floor":24.0,"key":"GamblersBrew"},{"floor":33.0,"key":"SkillPotion"},{"floor":35.0,"key":"Block Potion"},{"floor":39.0,"key":"DistilledChaos"},{"floor":41,"key":"Dexterity Potion"},{"floor":44,"key":"EssenceOfSteel"}],"is_trial":false,"path_per_floor":["M","?","?","M","$","E","R","E","T","E","?","M","M","$","R","B",null,"M","M","?","$","?","R","E","R","T","R","?","?","M","$","R","B",null,"M","?","$","M","?","R","M","$","T","E","?","M","M","$","R","B",null],"character_chosen":"THE_SILENT","items_purchased":["Accuracy","Well Laid Plans","Membership Card","Nunchaku","InkBottle","Toolbox","OrangePellets"],"campfire_rested":4,"item_purchase_floors":[5,14,21,31,37,42,48],"current_hp_per_floor":[63,56,39,39,39,39,39,23,30,30,30,30,32,32,32,17,64,60,58,58,58,58,58,14,38,38,62,62,62,61,61,61,31,72,57,57,57,52,54,80,74,74,74,56,56,48,37,37,65,43],"gold":18,"neow_bonus":"THREE_ENEMY_KILL","is_daily":false,"chose_seed":false,"campfire_upgraded":4,"win_rate":0.0,"timestamp":1608570101,"path_taken":["M","?","?","?","?","E","R","E","T","E","?","M","M","?","R","BOSS","M","M","?","$","?","R","E","R","T","R","?","?","M","?","R","BOSS","M","?","$","M","?","R","M","$","T","E","?","?","M","?","R","BOSS"],"items_purchased_type":["Card","Card","Relic","Relic","Relic","Relic","Relic"],"build_version":"2020-12-13","purchased_purges":3,"victory":true,"max_hp_per_floor":[70,70,70,70,70,70,70,70,77,77,77,77,79,79,79,79,79,79,81,81,81,81,81,83,83,83,83,83,83,85,85,85,85,85,85,85,85,87,89,89,89,89,89,91,91,93,95,95,95,95],"card_choices":[{"not_picked":["Endless Agony","Deflect"],"picked":"Blade Dance","floor":1.0},{"not_picked":["Prepared","Dash"],"picked":"Catalyst","floor":4.0},{"not_picked":["Concentrate","PiercingWail","Dagger Throw"],"picked":"SKIP","floor":6.0},{"not_picked":["Underhanded Strike","Bane"],"picked":"Dagger Spray","floor":8.0},{"not_picked":["Slice","Poisoned Stab"],"picked":"Blur","floor":10.0},{"not_picked":["Acrobatics","Predator"],"picked":"Escape Plan","floor":12.0},{"not_picked":["Predator","Dash","Blade Dance"],"picked":"Singing Bowl","floor":13.0},{"not_picked":["Corpse Explosion","Doppelganger"],"picked":"Malaise","floor":16.0},{"not_picked":["Quick Slash","Outmaneuver"],"picked":"Poisoned Stab","floor":18.0},{"not_picked":["Deadly Poison","Dodge and Roll","Reflex"],"picked":"Singing Bowl","floor":19.0},{"not_picked":["Flying Knee+1","Infinite Blades","Caltrops"],"picked":"Singing Bowl","floor":24.0},{"not_picked":["Flying Knee","Backflip","Cloak And Dagger"],"picked":"Singing Bowl","floor":30.0},{"not_picked":["Malaise","Phantasmal Killer"],"picked":"Envenom","floor":33.0},{"not_picked":["Catalyst","Prepared+1"],"picked":"Crippling Poison+1","floor":35.0},{"not_picked":["Deadly Poison+1","Masterful Stab+1","PiercingWail"],"picked":"Singing Bowl","floor":38.0},{"not_picked":["Bane","Poisoned Stab+1","Sucker Punch"],"picked":"Singing Bowl","floor":39.0},{"not_picked":["Sucker Punch+1","Blur+1"],"picked":"Catalyst","floor":41},{"not_picked":["Skewer","Setup","Riddle With Holes"],"picked":"Singing Bowl","floor":44},{"not_picked":["Masterful Stab","Prepared+1","Dagger Spray+1"],"picked":"Singing Bowl","floor":46},{"not_picked":["Outmaneuver+1","Dodge and Roll","Calculated Gamble+1"],"picked":"Singing Bowl","floor":47}],"player_experience":79779,"relics_obtained":[{"floor":6.0,"key":"Vajra"},{"floor":8.0,"key":"War Paint"},{"floor":9.0,"key":"Strawberry"},{"floor":10.0,"key":"Singing Bowl"},{"floor":24.0,"key":"Snake Skull"},{"floor":26.0,"key":"Oddly Smooth Stone"},{"floor":39.0,"key":"TungstenRod"},{"floor":43,"key":"Whetstone"},{"floor":44,"key":"Smiling Mask"}],"event_choices":[{"cards_removed":["Strike_G"],"damage_healed":0.0,"max_hp_gain":0.0,"max_hp_loss":0.0,"gold_gain":0.0,"event_name":"Golden Wing","player_choice":"Card Removal","floor":2.0,"gold_loss":0.0,"damage_taken":7.0},{"damage_healed":0.0,"max_hp_gain":0.0,"max_hp_loss":0.0,"gold_gain":0.0,"event_name":"Golden Idol","player_choice":"Take Damage","floor":3.0,"gold_loss":0.0,"damage_taken":17.0,"relics_obtained":["Golden Idol"]},{"cards_removed":["Defend_G"],"damage_healed":0.0,"max_hp_gain":0.0,"max_hp_loss":0.0,"gold_gain":0.0,"event_name":"The Cleric","player_choice":"Card Removal","floor":11.0,"gold_loss":50.0,"damage_taken":0.0},{"damage_healed":0.0,"max_hp_gain":0.0,"max_hp_loss":0.0,"gold_gain":0.0,"event_name":"The Mausoleum","player_choice":"Opened","floor":20.0,"gold_loss":0.0,"damage_taken":0.0,"relics_obtained":["Gremlin Horn"],"cards_obtained":["Writhe"]},{"damage_healed":0.0,"max_hp_gain":0.0,"max_hp_loss":0.0,"gold_gain":99.0,"event_name":"Nest","player_choice":"Stole From Cult","floor":22.0,"gold_loss":0.0,"damage_taken":0.0},{"cards_removed":["Writhe"],"damage_healed":0.0,"max_hp_gain":0.0,"max_hp_loss":0.0,"gold_gain":0.0,"event_name":"Beggar","player_choice":"Gave Gold","floor":28.0,"gold_loss":75.0,"damage_taken":0.0},{"damage_healed":0.0,"max_hp_gain":0.0,"max_hp_loss":0.0,"gold_gain":0.0,"event_name":"The Library","player_choice":"Read","floor":29.0,"gold_loss":0.0,"damage_taken":0.0,"cards_obtained":["Cloak And Dagger"]},{"damage_healed":0.0,"max_hp_gain":0.0,"max_hp_loss":0.0,"gold_gain":0.0,"event_name":"Tomb of Lord Red Mask","player_choice":"Ignored","floor":36.0,"gold_loss":0.0,"damage_taken":0.0},{"damage_healed":0.0,"max_hp_gain":0.0,"max_hp_loss":0.0,"gold_gain":0.0,"event_name":"MindBloom","player_choice":"Fight","floor":39.0,"gold_loss":0.0,"damage_taken":0.0},{"cards_removed":["Strike_G"],"damage_healed":0,"gold_gain":0,"player_choice":"Purged","damage_taken":0,"max_hp_gain":0,"max_hp_loss":0,"event_name":"Purifier","floor":45,"gold_loss":0}],"is_beta":false,"boss_relics":[{"not_picked":["Empty Cage","Runic Dome"],"picked":"Ring of the Serpent"},{"not_picked":["Philosopher\u0027s Stone","Astrolabe"],"picked":"WristBlade"}],"items_purged_floors":[14,31,48],"is_endless":false,"potions_floor_spawned":[1,6,8,13,19,24,33,35,39,41,44,47],"ascension_level":8}}