{"host":"5j53u3d72gsce0fe","time":1608517325,"event":{"mods":["2.2 Compatiblity","AchievementEnabler","Aspiration","BaseMod","Beaked The Cultist","Better Altar","Better Match","Better Note","Better Sensory Stone","Better Skull","Better Third Choice","Better Vampires","Block Reminder","CCEM","Card Forge","Colored Map","Colored Powertips","Colorless Booster Pack","Conspire","Defuse TimeMaze Blight","Dio Mod","Dota2Spire","Downfall-Rebalance","Emptier Cage","Energized Spire","Friendly Minions","GifTheSpireLib","Hermit","HexUI Lib","Hubris","Humility","Infinite Spire","Marked Mod","Mimic Mod","Minty Spire (QoL Compilation)","Relic Filter","Replay The Spire","Retaliation","Shade Mod","Small Relic Pack","StSLib","Stuff the Spire","The Animator","The Bug Knight","Transform Curses","Unceasing Turn Reminder","???Mod??????Boss"],"gold_per_floor":[111,111,111,123,123,123,136,169,208,242,261,25,41,41,41,145,195,178,103,113,113,73,108,123,123,163,163,174,220,239,280,280,389,389,417,417,438,457,160,160,160,160,160],"floor_reached":42,"playtime":6071,"items_purged":[],"score":493,"play_id":"2021b311-0ffd-4509-a956-6fa6933dbde2","local_time":"20201220182205","is_ascension_mode":true,"campfire_choices":[{"floor":6.0,"key":"RECALL"},{"floor":15.0,"key":"REST"},{"floor":25.0,"key":"REST"},{"floor":27,"key":"REST"},{"floor":32,"key":"REST"},{"floor":40,"key":"REST"}],"circlet_count":0,"master_deck":["HollowMod:QuickDashStart+1","HollowMod:FocusHealStart+1","HollowMod:PogoStrike+1","Enlightenment+1","HollowMod:ChannelNail+1","HollowMod:CloakDash+1","HollowMod:BaldurShell+1","HollowMod:HornetsHelp+1","HollowMod:FastStrike+1","HollowMod:SoulShaman+1","HollowMod:SoulVessel+1","HollowMod:MantisMark+1","HollowMod:PureVessel+1","HollowMod:SoulVessel+1","HollowMod:SharpenedNail+1","HollowMod:HowlingWraiths+1","StuffTheSpire:Innocence+1","HollowMod:SoulEater+1","HollowMod:SiblingsSouls+1","HollowMod:SoulStrike+1","HollowMod:BaldurShell+1","HollowMod:CloakDash+1","HollowMod:CloakDash+1","HollowMod:SoulMaster+1","HollowMod:DungDefenderAura+1","HollowMod:SoulVessel+1"],"relics":["HollowMod:KingsSoulRelic","Hammer of Thor","Seething Fire","Anvil of the Gods","StuffTheSpire:EmeraldSignet","conspire:TopHat","Iron Hammer","relicPack:SpireResearchBook","relicPack:OneForAll","Tiny House","Pear","Strawberry","CeramicFish","Regal Pillow","StuffTheSpire:HeavyRock"],"acts_visited":["Exordium","TheCity","TheBeyond"],"potions_floor_usage":[29,33,33,33,38,42],"damage_taken":[{"damage":0.0,"enemies":"2 Louse","floor":1.0,"turns":3.0},{"damage":0.0,"enemies":"Small Slimes","floor":4.0,"turns":4.0},{"damage":0.0,"enemies":"Cultist","floor":7.0,"turns":3.0},{"damage":36.0,"enemies":"3 Sentries","floor":8.0,"turns":20.0},{"damage":0.0,"enemies":"Looter","floor":9.0,"turns":8.0},{"damage":33.0,"enemies":"Gremlin Nob","floor":10.0,"turns":5.0},{"damage":2.0,"enemies":"Looter","floor":11.0,"turns":3.0},{"damage":13.0,"enemies":"3 Louse","floor":13.0,"turns":5.0},{"damage":27.0,"enemies":"The Guardian","floor":16.0,"turns":10.0},{"damage":20.0,"enemies":"2 Thieves","floor":18.0,"turns":3.0},{"damage":11.0,"enemies":"conspire:FuzzyDice","floor":20.0,"turns":9.0},{"damage":43.0,"enemies":"conspire:Head Lice","floor":23.0,"turns":9.0},{"damage":51.0,"enemies":"Cultist and Chosen","floor":24.0,"turns":8.0},{"damage":0,"enemies":"Snecko","floor":26,"turns":10},{"damage":12,"enemies":"Snecko","floor":28,"turns":7},{"damage":60,"enemies":"conspire:MimicChest","floor":29,"turns":11},{"damage":0,"enemies":"Centurion and Healer","floor":30,"turns":6},{"damage":16,"enemies":"Replay:Snechameleon","floor":31,"turns":8},{"damage":18,"enemies":"HollowMod:NKGrimm","floor":33,"turns":10},{"damage":36,"enemies":"3 Darklings","floor":35,"turns":5},{"damage":14,"enemies":"Orb Walker","floor":37,"turns":5},{"damage":25,"enemies":"Transient","floor":38,"turns":6},{"damage":92,"enemies":"Nightmare","floor":42,"turns":9}],"seed_played":"4823289231286306844","potions_obtained":[{"floor":5.0,"key":"SpeedPotion"},{"floor":5.0,"key":"Cursed Concoction"},{"floor":5.0,"key":"SkillPotion"},{"floor":7.0,"key":"DDmod:CleansePotion"},{"floor":10.0,"key":"Swift Potion"},{"floor":11.0,"key":"SpeedPotion"},{"floor":16.0,"key":"Guardian:BlockOnCardUsePotion"},{"floor":17.0,"key":"SmokeBomb"},{"floor":24.0,"key":"FearPotion"},{"floor":28,"key":"Dota2Spire:Clarity"},{"floor":29,"key":"Toxic Potion"},{"floor":30,"key":"FearPotion"},{"floor":33,"key":"SteroidPotion"},{"floor":37,"key":"Adrenaline Potion"}],"is_trial":false,"path_per_floor":["M","?","?","M","?","R","M","E","MIM","E","M","$","M","?","R","B",null,"M","?","M","?","$","E","M","R","MIM","R","M","?","M","E","R","B",null,"M","?","M","M","$","R","?","NM"],"character_chosen":"THE_BUGKNIGHT","items_purchased":["relicPack:SpireResearchBook","HollowMod:SoulVessel","HollowMod:SoulEater","Regal Pillow","StuffTheSpire:HeavyRock"],"campfire_rested":5,"item_purchase_floors":[12,12,22,39,39],"current_hp_per_floor":[75,75,80,80,80,80,80,56,64,43,41,41,28,28,52,25,85,71,71,78,78,78,51,10,38,48,76,64,35,35,27,57,49,102,66,63,49,30,30,75,75,0,0],"gold":160,"neow_bonus":"RANDOM_COLORLESS","is_daily":false,"chose_seed":false,"campfire_upgraded":0,"win_rate":0.0,"timestamp":1608517325,"path_taken":["M","?","?","M","?","R","?","E","MIM","E","M","$","M","?","R","BOSS","M","?","M","?","$","E","M","R","MIM","R","M","?","M","E","R","BOSS","M","?","?","M","$","R","?","NM"],"items_purchased_type":["Relic","Card","Card","Relic","Relic"],"build_version":"2020-12-13","purchased_purges":0,"victory":false,"max_hp_per_floor":[75,75,80,80,80,80,80,80,80,80,80,80,80,80,80,80,85,85,85,85,85,85,95,95,95,95,95,95,102,102,102,102,102,102,102,102,102,102,102,102,102,102,102],"card_choices":[{"not_picked":["Swift Strike","Replay:Parry"],"picked":"Enlightenment","floor":0.0},{"not_picked":["HollowMod:SoulSplash","HollowMod:InfectionAssault"],"picked":"HollowMod:ChannelNail","floor":1.0},{"not_picked":["HollowMod:LifebloodCocoon","HollowMod:FastStrike"],"picked":"HollowMod:CloakDash","floor":4.0},{"not_picked":["HollowMod:CrystalDash","HollowMod:SharpenedShadows"],"picked":"HollowMod:DungDefenderAura","floor":7.0},{"not_picked":["HollowMod:CloakDash","HollowMod:SoulEater"],"picked":"HollowMod:BaldurShell","floor":8.0},{"not_picked":["HollowMod:WraithStrike","HollowMod:HeavyBlow"],"picked":"HollowMod:HornetsHelp","floor":9.0},{"not_picked":["HollowMod:GoodIntentions","HollowMod:NewJinnsSoul"],"picked":"HollowMod:FastStrike","floor":10.0},{"not_picked":["HollowMod:CornifersMapStart","HollowMod:AbyssShriek"],"picked":"HollowMod:SoulShaman","floor":11.0},{"not_picked":["HollowMod:NewLittleFool","HollowMod:DesolateDive"],"picked":"HollowMod:MantisMark","floor":13.0},{"not_picked":["HollowMod:HerrahsAnger","HollowMod:MidwifesHunger"],"picked":"HollowMod:PureVessel","floor":16.0},{"not_picked":["HollowMod:GoodIntentions","HollowMod:SharpenedShadows"],"picked":"HollowMod:SoulVessel","floor":17.0},{"not_picked":["HollowMod:DreamGate","HollowMod:TaintedHusks"],"picked":"HollowMod:SharpenedNail","floor":18.0},{"not_picked":["HollowMod:GoodIntentions","HollowMod:HeavyBlow+1"],"picked":"HollowMod:HowlingWraiths","floor":20.0},{"not_picked":["HollowMod:InfectionAssault","HollowMod:NewJinnsSoul"],"picked":"HollowMod:SiblingsSouls","floor":23.0},{"not_picked":["HollowMod:NewLittleFool","HollowMod:VengefulVoid"],"picked":"HollowMod:SoulStrike+1","floor":24.0},{"not_picked":["HollowMod:SoulSplash","HollowMod:CloakDash"],"picked":"HollowMod:BaldurShell","floor":28},{"not_picked":["HollowMod:InfectionAssault","HollowMod:ChannelNail"],"picked":"HollowMod:CloakDash","floor":29},{"not_picked":["HollowMod:InfectedAttack","HollowMod:BlackTendrils"],"picked":"HollowMod:CloakDash","floor":30},{"not_picked":["HollowMod:DescendingDark","HollowMod:QuirrelsAssistance"],"picked":"HollowMod:HeavyBlow","floor":31},{"not_picked":["HollowMod:Hiveblood","HollowMod:NewInfectedGuardian"],"picked":"HollowMod:SoulMaster","floor":33},{"not_picked":["HollowMod:SoulSplash+1","HollowMod:CycloneSlash"],"picked":"HollowMod:DungDefenderAura+1","floor":35},{"not_picked":["HollowMod:NewLittleFool+1","HollowMod:SoulStrike"],"picked":"HollowMod:SoulVessel+1","floor":37},{"not_picked":["HollowMod:HeavyBlow","HollowMod:VengefulVoid+1"],"picked":"HollowMod:LifebloodCocoon+1","floor":38}],"player_experience":1191346,"relics_obtained":[{"floor":8.0,"key":"StuffTheSpire:EmeraldSignet"},{"floor":9.0,"key":"conspire:TopHat"},{"floor":10.0,"key":"Iron Hammer"},{"floor":23.0,"key":"Pear"},{"floor":29,"key":"Strawberry"},{"floor":31,"key":"CeramicFish"}],"event_choices":[{"damage_healed":0.0,"max_hp_gain":0.0,"max_hp_loss":0.0,"gold_gain":0.0,"event_name":"Golden Wing","player_choice":"Ignored","floor":2.0,"gold_loss":0.0,"damage_taken":0.0},{"damage_healed":0.0,"max_hp_gain":5.0,"max_hp_loss":0.0,"gold_gain":0.0,"event_name":"Big Fish","player_choice":"Donut","floor":3.0,"gold_loss":0.0,"damage_taken":0.0},{"damage_healed":0.0,"max_hp_gain":0.0,"max_hp_loss":0.0,"gold_gain":0.0,"event_name":"Lab","player_choice":"Got Potions","floor":5.0,"gold_loss":0.0,"damage_taken":0.0},{"damage_healed":0.0,"max_hp_gain":0.0,"max_hp_loss":0.0,"gold_gain":0.0,"event_name":"betterMatch:BetterMatch","player_choice":"3","floor":19.0,"gold_loss":0.0,"damage_taken":0.0,"cards_obtained":[]},{"damage_healed":0,"gold_gain":0,"player_choice":"Punched","damage_taken":3,"max_hp_gain":0,"max_hp_loss":0,"event_name":"Designer","floor":36,"gold_loss":0},{"cards_removed":["HollowMod:DungDefenderAura"],"damage_healed":0,"gold_gain":0,"player_choice":"Removed Skill","damage_taken":0,"max_hp_gain":0,"max_hp_loss":0,"event_name":"Falling","floor":41,"gold_loss":0}],"is_beta":false,"boss_relics":[{"not_picked":["hubris:CrackedHourglass","Coffee Dripper"],"picked":"Tiny House"},{"not_picked":["Replay:Drink Me","aspiration:PoetsPen"],"picked":"HollowMod:KingsSoulRelic"}],"items_purged_floors":[],"is_endless":false,"potions_floor_spawned":[7,10,11,16,24,28,29,30,33,37],"killed_by":"Nightmare","ascension_level":1}}