{"host":"mi0eibewekhugwl1","time":1608548781,"event":{"mods":["AchievementEnabler","BaseMod","Colored Map","Colored Powertips","DeckTracker","Keyboard Shortcuts","Minty Spire (QoL Compilation)","Quick Restart","Rare Cards Sparkle","Relic Stats","StSLib","SuperFastMode","everything is the same but u backflip on backflip"],"gold_per_floor":[119,132,145,162,87,87,99,118,144,179,179,179,198,198,198,198,198],"floor_reached":16,"playtime":289,"items_purged":["Strike_R"],"score":208,"play_id":"2a13eb6f-2c13-492f-a25a-fdbfec34804b","local_time":"20201221200621","is_ascension_mode":true,"campfire_choices":[{"data":"Uppercut","floor":6,"key":"SMITH"},{"floor":11,"key":"REST"},{"data":"Armaments","floor":15,"key":"SMITH"}],"circlet_count":0,"master_deck":["AscendersBane","Strike_R","Strike_R","Strike_R","Strike_R","Defend_R","Defend_R","Defend_R","Defend_R","Bash+1","Clothesline","Uppercut+1","Cleave","Armaments+1","Rage"],"relics":["Burning Blood","Strawberry","Oddly Smooth Stone","Golden Idol"],"acts_visited":["Exordium"],"potions_floor_usage":[4,8,16],"damage_taken":[{"damage":8,"enemies":"Small Slimes","floor":1,"turns":3},{"damage":8,"enemies":"2 Louse","floor":2,"turns":3},{"damage":4,"enemies":"Jaw Worm","floor":3,"turns":3},{"damage":16,"enemies":"2 Fungi Beasts","floor":4,"turns":4},{"damage":9,"enemies":"Looter","floor":7,"turns":3},{"damage":0,"enemies":"Large Slime","floor":8,"turns":4},{"damage":60,"enemies":"3 Sentries","floor":10,"turns":13},{"damage":16,"enemies":"Lots of Slimes","floor":13,"turns":5},{"damage":38,"enemies":"The Guardian","floor":16,"turns":8}],"seed_played":"-2558322546519503811","potions_obtained":[{"floor":2,"key":"SkillPotion"},{"floor":3,"key":"Weak Potion"},{"floor":4,"key":"Energy Potion"},{"floor":13,"key":"Weak Potion"}],"is_trial":false,"path_per_floor":["M","M","M","M","$","R","M","M","T","E","R","?","M","?","R","B"],"character_chosen":"IRONCLAD","items_purchased":[],"campfire_rested":1,"item_purchase_floors":[],"current_hp_per_floor":[66,64,66,56,56,56,53,59,66,12,36,36,26,26,26,0,0],"gold":198,"neow_bonus":"UPGRADE_CARD","is_daily":false,"chose_seed":false,"campfire_upgraded":2,"win_rate":0.0,"timestamp":1608548781,"path_taken":["M","M","M","M","$","R","M","M","T","E","R","?","M","?","R","BOSS"],"items_purchased_type":[],"build_version":"2020-12-13","purchased_purges":1,"victory":false,"max_hp_per_floor":[75,75,75,75,75,75,75,75,82,82,82,74,74,74,74,74,74],"relic_stats":{"counters":[9,46],"Golden Idol":4,"obtain_stats":[{"Golden Idol":12,"Strawberry":9,"Oddly Smooth Stone":10,"Burning Blood":0},{"Golden Idol":7,"Strawberry":6,"Oddly Smooth Stone":7,"Burning Blood":0},{"Golden Idol":33,"Strawberry":20,"Oddly Smooth Stone":33,"Burning Blood":0}],"Burning Blood":48},"card_choices":[{"not_picked":["Sword Boomerang","Dark Embrace"],"picked":"Clothesline","floor":1},{"not_picked":["Evolve","Thunderclap","Body Slam"],"picked":"SKIP","floor":2},{"not_picked":["Reaper","Headbutt"],"picked":"Uppercut","floor":3},{"not_picked":["Uppercut","Wild Strike","Shockwave"],"picked":"SKIP","floor":4},{"not_picked":["Havoc","Shrug It Off"],"picked":"Cleave","floor":7},{"not_picked":["True Grit","Headbutt"],"picked":"Armaments","floor":8},{"not_picked":["Thunderclap","Dropkick"],"picked":"Rage","floor":10},{"not_picked":["Wild Strike","Brutality","Clothesline"],"picked":"SKIP","floor":13}],"player_experience":1695521,"relics_obtained":[{"floor":9,"key":"Strawberry"},{"floor":10,"key":"Oddly Smooth Stone"}],"event_choices":[{"damage_healed":0,"gold_gain":0,"player_choice":"Lose Max HP","damage_taken":0,"relics_obtained":["Golden Idol"],"max_hp_gain":0,"max_hp_loss":8,"event_name":"Golden Idol","floor":12,"gold_loss":0},{"damage_healed":0,"gold_gain":0,"player_choice":"Ignored","damage_taken":0,"max_hp_gain":0,"max_hp_loss":0,"event_name":"Shining Light","floor":14,"gold_loss":0}],"is_beta":false,"boss_relics":[],"items_purged_floors":[5],"is_endless":false,"potions_floor_spawned":[2,3,4,13],"killed_by":"The Guardian","ascension_level":20}}