{"host":"hc8xbdd8p6sd75vx","time":1608521768,"event":{"mods":["AchievementEnabler","AlwaysNeverKeys","BaseMod","Better Altar","Better Match","Better Sensory Stone","Better Skull","Better Third Choice","Colored Map","Hermit","Minty Spire (QoL Compilation)","Quick Restart","Shade Mod","Shop Mod","Spicy Shops","StSLib","The Servant 0.9.4"],"gold_per_floor":[115,115,80,99,99,125,125,139,139,167,167,167,183,203,203,333,333,301,216,216,25,41,76,100,119,188,188,188,188,188,213,213,213,213],"floor_reached":33,"playtime":1605,"items_purged":[],"score":358,"play_id":"95840880-c19f-4c49-b8d5-d107d3cdffab","local_time":"20201220193608","is_ascension_mode":true,"campfire_choices":[{"floor":7,"key":"REST"},{"data":"Cloak And Dagger","floor":11,"key":"SMITH"},{"data":"Dagger Spray","floor":15,"key":"SMITH"},{"floor":29,"key":"REST"},{"floor":32,"key":"REST"}],"circlet_count":0,"master_deck":["Strike_G","Strike_G","Strike_G","Defend_G","Defend_G","Defend_G","Defend_G","Defend_G","Survivor","Neutralize","Sucker Punch","Quick Slash","Deflect","Bane","Cloak And Dagger+1","Dagger Spray+1","After Image","Poisoned Stab+1","Slice","Corpse Explosion","Sucker Punch+1","Deflect","HandOfGreed","Flash of Steel","Deadly Poison"],"relics":["Vajra","PreservedInsect","Golden Idol","HoveringKite","Ornamental Fan","MerchantsRug","Membership Card","CaptainsWheel","Sundial","Pen Nib","Blue Candle"],"acts_visited":["Exordium","TheCity"],"potions_floor_usage":[6,16,16,16,16,16,18,22],"damage_taken":[{"damage":2,"enemies":"Small Slimes","floor":1,"turns":6},{"damage":8,"enemies":"2 Louse","floor":4,"turns":4},{"damage":31,"enemies":"Gremlin Nob","floor":6,"turns":6},{"damage":0,"enemies":"Jaw Worm","floor":8,"turns":4},{"damage":13,"enemies":"3 Sentries","floor":10,"turns":10},{"damage":0,"enemies":"Exordium Wildlife","floor":13,"turns":2},{"damage":0,"enemies":"Large Slime","floor":14,"turns":6},{"damage":0,"enemies":"Slime Boss","floor":16,"turns":3},{"damage":17,"enemies":"2 Thieves","floor":18,"turns":5},{"damage":7,"enemies":"Shell Parasite","floor":22,"turns":6},{"damage":30,"enemies":"Slavers","floor":23,"turns":5},{"damage":20,"enemies":"Shelled Parasite and Fungi","floor":24,"turns":8},{"damage":0,"enemies":"Cultist and Chosen","floor":25,"turns":5},{"damage":3,"enemies":"Snecko","floor":31,"turns":4},{"damage":68,"enemies":"Champ","floor":33,"turns":16}],"seed_played":"-5066928859152444549","potions_obtained":[{"floor":4,"key":"AttackPotion"},{"floor":8,"key":"SteroidPotion"},{"floor":13,"key":"PowerPotion"},{"floor":14,"key":"EntropicBrew"},{"floor":18,"key":"Regen Potion"}],"is_trial":false,"path_per_floor":["M","?","?","M","?","E","R","M","T","E","R","?","M","M","R","B",null,"M","?","?","$","M","E","M","M","T","?","?","R","T","M","R","B"],"character_chosen":"THE_SILENT","items_purchased":["MerchantsRug","Membership Card"],"campfire_rested":3,"item_purchase_floors":[21,21],"current_hp_per_floor":[68,61,70,62,62,31,58,58,68,55,64,64,64,64,73,73,74,57,57,57,57,64,34,14,14,14,14,14,36,36,33,55,0,0],"gold":213,"neow_bonus":"BOSS_RELIC","is_daily":false,"chose_seed":false,"campfire_upgraded":2,"win_rate":0.0,"timestamp":1608521768,"path_taken":["M","?","?","M","?","E","R","M","T","E","R","?","?","M","R","BOSS","M","?","?","$","?","E","M","M","T","?","?","R","?","M","R","BOSS"],"items_purchased_type":["Relic","Relic"],"build_version":"2020-12-13","purchased_purges":0,"victory":false,"max_hp_per_floor":[70,70,70,70,70,70,70,70,80,80,80,74,74,74,74,74,74,74,74,74,74,74,74,74,74,74,74,74,74,74,74,74,74,74],"card_choices":[{"not_picked":["Skewer","Setup"],"picked":"Sucker Punch","floor":1},{"not_picked":["Underhanded Strike","Setup"],"picked":"Quick Slash","floor":4},{"not_picked":["Dagger Throw","Blur"],"picked":"Deflect","floor":6},{"not_picked":["Sucker Punch","Quick Slash"],"picked":"Bane","floor":8},{"not_picked":["Dagger Throw","PiercingWail"],"picked":"Cloak And Dagger","floor":10},{"not_picked":["Dagger Throw","Acrobatics"],"picked":"Dagger Spray","floor":13},{"not_picked":["Acrobatics","PiercingWail","Wraith Form v2"],"picked":"SKIP","floor":14},{"not_picked":["Doppelganger","Corpse Explosion"],"picked":"After Image","floor":16},{"not_picked":["Distraction","Leg Sweep"],"picked":"Poisoned Stab+1","floor":18},{"not_picked":["Flying Knee","Acrobatics+1"],"picked":"Slice","floor":22},{"not_picked":["Outmaneuver","All Out Attack"],"picked":"Corpse Explosion","floor":23},{"not_picked":["Quick Slash+1","Prepared+1"],"picked":"Sucker Punch+1","floor":24},{"not_picked":["Deadly Poison","Flechettes"],"picked":"Deflect","floor":25},{"not_picked":["Purity","Deep Breath"],"picked":"HandOfGreed","floor":27},{"not_picked":["Thinking Ahead","Panacea"],"picked":"Flash of Steel","floor":27},{"not_picked":["Sucker Punch","Crippling Poison"],"picked":"Deadly Poison","floor":31}],"player_experience":224616,"relics_obtained":[{"floor":6,"key":"Vajra"},{"floor":9,"key":"Pear"},{"floor":10,"key":"PreservedInsect"},{"floor":23,"key":"CaptainsWheel"},{"floor":26,"key":"Sundial"},{"floor":30,"key":"Blue Candle"}],"event_choices":[{"damage_healed":0,"gold_gain":0,"player_choice":"Relic ","damage_taken":7,"max_hp_gain":0,"max_hp_loss":0,"event_name":"betterThird:BetterScrap","floor":2,"gold_loss":0,"cards_obtained":["Sever Soul"]},{"damage_healed":17,"gold_gain":0,"player_choice":"Healed","damage_taken":0,"max_hp_gain":0,"max_hp_loss":0,"event_name":"The Cleric","floor":3,"gold_loss":35},{"damage_healed":0,"gold_gain":0,"player_choice":"Ignored","damage_taken":0,"max_hp_gain":0,"max_hp_loss":0,"event_name":"Golden Wing","floor":5,"gold_loss":0},{"damage_healed":0,"gold_gain":0,"player_choice":"Lose Max HP","damage_taken":0,"relics_obtained":["Golden Idol"],"max_hp_gain":0,"max_hp_loss":6,"event_name":"Golden Idol","floor":12,"gold_loss":0},{"damage_healed":0,"gold_gain":0,"player_choice":"Obtained Relic","damage_taken":0,"relics_obtained":["Ornamental Fan"],"max_hp_gain":0,"max_hp_loss":0,"event_name":"Addict","floor":19,"gold_loss":85},{"damage_healed":0,"gold_gain":0,"player_choice":"Bought 0 Potions","damage_taken":0,"max_hp_gain":0,"max_hp_loss":0,"event_name":"The Woman in Blue","floor":20,"gold_loss":0},{"damage_healed":0,"gold_gain":2,"player_choice":"1","damage_taken":0,"max_hp_gain":0,"max_hp_loss":0,"event_name":"betterStone:BetterStone","floor":27,"gold_loss":0},{"damage_healed":0,"gold_gain":0,"player_choice":"Opened","damage_taken":0,"relics_obtained":["Pen Nib"],"max_hp_gain":0,"max_hp_loss":0,"event_name":"The Mausoleum","floor":28,"gold_loss":0}],"is_beta":false,"boss_relics":[{"not_picked":["Cursed Key","Snecko Eye"],"picked":"HoveringKite"}],"items_purged_floors":[],"is_endless":false,"potions_floor_spawned":[4,8,13,14,18],"killed_by":"Champ","ascension_level":2}}