{"host":"dcj2yvrgcvh5dl2s","time":1608594709,"event":{"mods":["BaseMod","Better Note","Block Reminder","Colored Powertips","DeckTracker","Minty Spire (QoL Compilation)","Quick Restart","Rare Cards Sparkle","Relic Stats","StSLib"],"gold_per_floor":[110,185,197,372,382,412,412,447,500,500,111,127,160,180,180,259,259,278,377,395,395,395,395,422,473,473,473,502,516,516,16,16,16,16],"floor_reached":33,"playtime":2205,"items_purged":["Doubt","Bash"],"score":563,"play_id":"0fe29b32-0295-4b3d-81c4-a2745af3ab0e","local_time":"20201222095149","is_ascension_mode":true,"campfire_choices":[{"floor":7,"key":"REST"},{"floor":10,"key":"REST"},{"floor":15,"key":"REST"},{"floor":23,"key":"REST"},{"data":"Perfected Strike","floor":27,"key":"SMITH"},{"data":"Body Slam","floor":30,"key":"SMITH"},{"floor":32,"key":"REST"}],"circlet_count":0,"master_deck":["AscendersBane","Strike_R+1","Strike_R+1","Strike_R+1","Strike_R+1","Strike_R+1","Defend_R+1","Defend_R+1","Defend_R+1","Defend_R+1","Feel No Pain","Perfected Strike+1","Shrug It Off","Thunderclap","Immolate","Sword Boomerang","Disarm","Reaper","CurseOfTheBell","Metallicize+1","Inflame","Seeing Red+1","Fire Breathing","Body Slam+1","Shrug It Off","Flash of Steel","Heavy Blade"],"relics":["Burning Blood","Matryoshka","Ancient Tea Set","StrikeDummy","PreservedInsect","Juzu Bracelet","Lantern","Calling Bell","Bronze Scales","Self Forming Clay","Ginger","Boot","Toy Ornithopter","Anchor","Vajra","Oddly Smooth Stone","Akabeko"],"acts_visited":["Exordium","TheCity"],"potions_floor_usage":[6,14,16,33,33],"damage_taken":[{"damage":3,"enemies":"Small Slimes","floor":1,"turns":4},{"damage":0,"enemies":"2 Louse","floor":3,"turns":4},{"damage":22,"enemies":"Cultist","floor":5,"turns":6},{"damage":47,"enemies":"Lagavulin","floor":6,"turns":8},{"damage":30,"enemies":"3 Sentries","floor":8,"turns":15},{"damage":6,"enemies":"3 Louse","floor":12,"turns":3},{"damage":13,"enemies":"Gremlin Nob","floor":13,"turns":3},{"damage":8,"enemies":"Large Slime","floor":14,"turns":5},{"damage":37,"enemies":"The Guardian","floor":16,"turns":13},{"damage":27,"enemies":"2 Thieves","floor":18,"turns":5},{"damage":17,"enemies":"Chosen","floor":20,"turns":6},{"damage":0,"enemies":"Slavers","floor":24,"turns":1},{"damage":25,"enemies":"Book of Stabbing","floor":28,"turns":4},{"damage":14,"enemies":"Centurion and Healer","floor":29,"turns":6},{"damage":112,"enemies":"Champ","floor":33,"turns":13}],"seed_played":"-6637764474625142325","potions_obtained":[{"floor":5,"key":"Strength Potion"},{"floor":12,"key":"HeartOfIron"},{"floor":13,"key":"Block Potion"},{"floor":29,"key":"Dexterity Potion"}],"is_trial":false,"path_per_floor":["M","?","M","?","M","E","R","E","T","R","$","M","E","M","R","B",null,"M","?","M","?","?","R","E","T","T","R","E","M","R","$","R","B"],"character_chosen":"IRONCLAD","items_purchased":["Juzu Bracelet","Immolate","Akabeko","Shrug It Off","Flash of Steel","Heavy Blade","Dexterity Potion"],"campfire_rested":5,"item_purchase_floors":[11,11,31,31,31,31,31],"current_hp_per_floor":[70,59,65,65,49,8,36,12,12,40,40,40,33,31,59,28,79,68,68,61,42,42,72,78,78,78,78,64,61,61,61,91,0,0],"gold":16,"neow_bonus":"TWENTY_PERCENT_HP_BONUS","is_daily":false,"chose_seed":false,"campfire_upgraded":2,"win_rate":0.0,"timestamp":1608594709,"path_taken":["M","?","M","?","M","E","R","E","T","R","$","M","E","M","R","BOSS","M","?","M","?","?","R","E","?","T","R","E","M","R","$","R","BOSS"],"items_purchased_type":["Relic","Card","Relic","Card","Card","Card","Potion"],"build_version":"2020-12-13","purchased_purges":2,"victory":false,"max_hp_per_floor":[96,96,96,96,96,96,96,96,96,96,96,96,96,96,96,96,96,96,96,96,101,101,101,101,101,101,101,101,101,101,101,101,101,101],"relic_stats":{"counters":[15,96],"Self Forming Clay":[45],"Bronze Scales":[60],"PreservedInsect":108,"Juzu Bracelet":0,"Ginger":[10],"Boot":[6],"obtain_stats":[{"Lantern":13,"Self Forming Clay":17,"Vajra":26,"Oddly Smooth Stone":28,"PreservedInsect":9,"Juzu Bracelet":11,"Ginger":17,"Ancient Tea Set":8,"Boot":24,"Burning Blood":0,"Akabeko":31,"Calling Bell":17,"Anchor":25,"Matryoshka":6,"Bronze Scales":17,"StrikeDummy":9,"Toy Ornithopter":25},{"Lantern":7,"Self Forming Clay":9,"Vajra":12,"Oddly Smooth Stone":13,"PreservedInsect":5,"Juzu Bracelet":5,"Ginger":9,"Ancient Tea Set":5,"Boot":12,"Burning Blood":0,"Akabeko":14,"Calling Bell":9,"Anchor":12,"Matryoshka":4,"Bronze Scales":9,"StrikeDummy":5,"Toy Ornithopter":12},{"Lantern":43,"Self Forming Clay":61,"Vajra":73,"Oddly Smooth Stone":77,"PreservedInsect":37,"Juzu Bracelet":37,"Ginger":61,"Ancient Tea Set":37,"Boot":73,"Burning Blood":0,"Akabeko":83,"Calling Bell":61,"Anchor":73,"Matryoshka":22,"Bronze Scales":61,"StrikeDummy":37,"Toy Ornithopter":73}],"Burning Blood":84,"Toy Ornithopter":10},"card_choices":[{"not_picked":["Pommel Strike","Sentinel"],"picked":"Feel No Pain","floor":1},{"not_picked":["Reckless Charge","Clothesline"],"picked":"Perfected Strike","floor":3},{"not_picked":["Iron Wave","Spot Weakness","Second Wind"],"picked":"SKIP","floor":5},{"not_picked":["Hemokinesis","Wild Strike"],"picked":"Shrug It Off","floor":6},{"not_picked":["Feel No Pain","Clothesline"],"picked":"Thunderclap","floor":8},{"not_picked":["Flame Barrier","True Grit"],"picked":"Sword Boomerang","floor":12},{"not_picked":["Sever Soul","Reckless Charge"],"picked":"Disarm","floor":13},{"not_picked":["Spot Weakness","Armaments","Clash"],"picked":"SKIP","floor":14},{"not_picked":["Exhume","Demon Form"],"picked":"Reaper","floor":16},{"not_picked":["Bloodletting+1","Warcry"],"picked":"Metallicize+1","floor":18},{"not_picked":["True Grit","Warcry"],"picked":"Inflame","floor":20},{"not_picked":["Wild Strike","Havoc"],"picked":"Seeing Red+1","floor":24},{"not_picked":["Uppercut","True Grit"],"picked":"Fire Breathing","floor":28},{"not_picked":["Headbutt","Warcry"],"picked":"Body Slam","floor":29}],"player_experience":2000168,"relics_obtained":[{"floor":6,"key":"Matryoshka"},{"floor":8,"key":"Ancient Tea Set"},{"floor":9,"key":"StrikeDummy"},{"floor":9,"key":"PreservedInsect"},{"floor":13,"key":"Lantern"},{"floor":17,"key":"Bronze Scales"},{"floor":17,"key":"Self Forming Clay"},{"floor":17,"key":"Ginger"},{"floor":24,"key":"Boot"},{"floor":25,"key":"Toy Ornithopter"},{"floor":25,"key":"Anchor"},{"floor":26,"key":"Vajra"},{"floor":28,"key":"Oddly Smooth Stone"}],"event_choices":[{"damage_healed":0,"gold_gain":75,"player_choice":"Gather Gold","damage_taken":11,"max_hp_gain":0,"max_hp_loss":0,"event_name":"World of Goop","floor":2,"gold_loss":0},{"damage_healed":0,"gold_gain":175,"player_choice":"AGREE","damage_taken":0,"max_hp_gain":0,"max_hp_loss":0,"event_name":"Liars Game","floor":4,"gold_loss":0,"cards_obtained":["Doubt"]},{"damage_healed":0,"gold_gain":99,"player_choice":"Stole From Cult","damage_taken":0,"max_hp_gain":0,"max_hp_loss":0,"event_name":"Nest","floor":19,"gold_loss":0},{"damage_healed":0,"gold_gain":0,"player_choice":"Shed Blood","damage_taken":24,"max_hp_gain":5,"max_hp_loss":0,"event_name":"Forgotten Altar","floor":21,"gold_loss":0},{"damage_healed":0,"gold_gain":0,"player_choice":"Simplicity","damage_taken":0,"max_hp_gain":0,"max_hp_loss":0,"event_name":"Back to Basics","floor":22,"gold_loss":0,"cards_upgraded":["Strike_R","Strike_R","Strike_R","Strike_R","Strike_R","Defend_R","Defend_R","Defend_R","Defend_R"]}],"is_beta":false,"boss_relics":[{"not_picked":["Runic Cube","Philosopher\u0027s Stone"],"picked":"Calling Bell"}],"items_purged_floors":[11,31],"is_endless":false,"potions_floor_spawned":[5,12,13,29],"killed_by":"Champ","ascension_level":13}}