{"host":"1sel7c3tkjnnhp3n","time":1608512916,"event":{"mods":["BaseMod","Infinite Spire","Minty Spire (QoL Compilation)","Quick Restart","Replay The Spire","StSLib","The Animator","The Bug Knight","The Cursed","The IronCluck","The Servant 0.9.4"],"gold_per_floor":[118,132,145,157,157,157,157,207,207,233,233,233,98,123,123,221,221,239,256,256,256,171,171,171,171],"floor_reached":24,"playtime":3324,"items_purged":["TheCursedMod:Strike_TheCursed"],"score":222,"play_id":"af0dc32c-15b7-499c-8e8a-e65b51fe0cbb","local_time":"20201220180836","is_ascension_mode":true,"campfire_choices":[{"data":"TheCursedMod:SpitefulPlan","floor":6.0,"key":"SMITH"},{"data":"TheCursedMod:CleanUpWorkshop","floor":23.0,"key":"SMITH"}],"circlet_count":0,"master_deck":["TheCursedMod:Strike_TheCursed+1","TheCursedMod:Strike_TheCursed","TheCursedMod:Strike_TheCursed+1","TheCursedMod:Defend_TheCursed","TheCursedMod:Defend_TheCursed","TheCursedMod:CursedWand","TheCursedMod:CleanUpWorkshop+1","TheCursedMod:Dregs","TheCursedMod:CursedAmulet","TheCursedMod:SpitefulPlan+1","TheCursedMod:TroublousMinions+1","TheCursedMod:FleshFromBone","Delirium","TheCursedMod:SoulReap","TheCursedMod:AbyssShockwave+1","Injury","TheCursedMod:DarkBarrier+1","Replay:Hysterical Blindness","Survivor","TheCursedMod:DemonicPact+1","infinitespire:Collect+1","Replay:Bootleg Shield Generator","TheCursedMod:BlessingInDisguise","TheCursedMod:RapidMovement"],"relics":["TheCursedMod:BlackMagic101","infinitespire:Eraser","Ring of Searing","Ring of Greed","MealTicket","Golden Egg","Juzu Bracelet","ReplayTheSpireMod:Lightbulb","Simple Rune","Potion Belt","ReplayTheSpireMod:SealedPack","Frozen Egg 2"],"acts_visited":["Exordium","TheCity"],"potions_floor_usage":[],"damage_taken":[{"damage":0.0,"enemies":"Cultist","floor":1.0,"turns":4.0},{"damage":0.0,"enemies":"Small Slimes","floor":2.0,"turns":4.0},{"damage":1.0,"enemies":"2 Louse","floor":3.0,"turns":3.0},{"damage":15.0,"enemies":"Large Slime","floor":4.0,"turns":13.0},{"damage":12.0,"enemies":"HollowMod:MossKnight","floor":10.0,"turns":10.0},{"damage":5.0,"enemies":"3 Sentries","floor":14.0,"turns":4.0},{"damage":38.0,"enemies":"Hexaghost","floor":16.0,"turns":10.0},{"damage":30.0,"enemies":"Spheric Guardian","floor":18.0,"turns":8.0},{"damage":17.0,"enemies":"3 Byrds","floor":19.0,"turns":6.0},{"damage":46,"enemies":"Slavers","floor":24,"turns":4}],"seed_played":"5590153371359408179","potions_obtained":[{"floor":2.0,"key":"Swift Potion"},{"floor":3.0,"key":"Block Potion"}],"is_trial":false,"path_per_floor":["M","M","M","M","?","R","?","?","T","E","?","T","$","E","R","B",null,"M","M","?","?","?","R","E"],"character_chosen":"THE_CURSED","items_purchased":["TheCursedMod:AbyssShockwave+1"],"campfire_rested":0,"item_purchase_floors":[13],"current_hp_per_floor":[82,82,81,66,59,59,59,59,59,47,47,47,62,60,82,49,82,52,37,37,37,37,37,0,0],"gold":171,"neow_bonus":"TEN_PERCENT_HP_BONUS","is_daily":false,"chose_seed":false,"campfire_upgraded":2,"win_rate":0.0,"timestamp":1608512916,"path_taken":["M","M","?","M","?","R","?","?","T","E","?","?","?","E","R","BOSS","M","M","?","?","?","R","E"],"items_purchased_type":["Card"],"build_version":"2020-12-13","purchased_purges":1,"victory":false,"max_hp_per_floor":[82,82,82,82,82,82,82,82,82,82,82,82,82,82,82,82,82,82,82,82,82,82,82,82,82],"card_choices":[{"not_picked":["TheCursedMod:FleshFromBone","TheCursedMod:SmokeScreen"],"picked":"TheCursedMod:CursedAmulet","floor":1.0},{"not_picked":["TheCursedMod:CircleOfFlame","TheCursedMod:CursedBlade"],"picked":"TheCursedMod:SpitefulPlan","floor":2.0},{"not_picked":["TheCursedMod:CircleOfAmplification","TheCursedMod:DoubleShield"],"picked":"TheCursedMod:TroublousMinions","floor":3.0},{"not_picked":["TheCursedMod:AntiAging","TheCursedMod:Stigma"],"picked":"TheCursedMod:FleshFromBone","floor":4.0},{"not_picked":["TheCursedMod:Torture","TheCursedMod:TacticalStrike"],"picked":"TheCursedMod:SoulReap","floor":10.0},{"not_picked":["TheCursedMod:SpitefulStrike","TheCursedMod:CursedAmulet","TheCursedMod:StingEye"],"picked":"SKIP","floor":14.0},{"not_picked":["TheCursedMod:Neurasthenia","TheCursedMod:OutForBlood"],"picked":"TheCursedMod:DarkBarrier","floor":16.0},{"not_picked":["TheCursedMod:CursedWand","Eruption"],"picked":"Survivor","floor":17.0},{"not_picked":["TheCursedMod:ForbiddenAlchemy","TheCursedMod:VoidForm"],"picked":"TheCursedMod:DemonicPact","floor":17.0},{"not_picked":["ReplayTheSpireMod:Chaos Vortex","infinitespire:DeathsTouch"],"picked":"infinitespire:Collect","floor":17.0},{"not_picked":["Swift Strike","Replay:Sssssssssstrike"],"picked":"Replay:Bootleg Shield Generator","floor":17.0},{"not_picked":["TheCursedMod:CircleOfFocus+1","TheCursedMod:FleshFromBone"],"picked":"TheCursedMod:BlessingInDisguise","floor":18.0},{"not_picked":["TheCursedMod:Stigma+1","TheCursedMod:CircleOfBlood"],"picked":"TheCursedMod:RapidMovement","floor":19.0}],"player_experience":110702,"relics_obtained":[{"floor":8.0,"key":"Ring of Searing"},{"floor":8.0,"key":"Ring of Greed"},{"floor":8.0,"key":"MealTicket"},{"floor":8.0,"key":"Golden Egg"},{"floor":9.0,"key":"Juzu Bracelet"},{"floor":10.0,"key":"ReplayTheSpireMod:Lightbulb"},{"floor":12.0,"key":"Simple Rune"},{"floor":14.0,"key":"Potion Belt"}],"event_choices":[{"damage_healed":0.0,"max_hp_gain":0.0,"max_hp_loss":0.0,"gold_gain":0.0,"event_name":"Scrap Ooze","player_choice":"Success","floor":5.0,"gold_loss":0.0,"damage_taken":7.0,"relics_obtained":["infinitespire:Eraser"]},{"damage_healed":0.0,"max_hp_gain":0.0,"max_hp_loss":0.0,"gold_gain":0.0,"event_name":"Upgrade Shrine","player_choice":"Upgraded","floor":20.0,"gold_loss":0.0,"damage_taken":0.0,"cards_upgraded":["infinitespire:Collect"]},{"damage_healed":0.0,"max_hp_gain":0.0,"max_hp_loss":0.0,"gold_gain":0.0,"event_name":"Addict","player_choice":"Obtained Relic","floor":22.0,"gold_loss":85.0,"damage_taken":0.0,"relics_obtained":["Frozen Egg 2"]}],"is_beta":false,"boss_relics":[{"not_picked":["Replay:Bronze Core","Painkiller Herb"],"picked":"ReplayTheSpireMod:SealedPack"}],"items_purged_floors":[13],"is_endless":false,"potions_floor_spawned":[2,3,10,16],"killed_by":"Slavers","ascension_level":2}}