{"host":"p7xnybcl7rtshmbr","time":1608576223,"event":{"mods":["AchievementEnabler","AlwaysNeverKeys","Aspiration","BaseMod","Hermit","Hubris","Minty Spire (QoL Compilation)","Replay The Spire","StSLib","The Hierophant","The Marked","The Poker Player","The Servant 0.9.4"],"gold_per_floor":[361,233,243,259,328,328,328,328,328,347,372,372,387,407,407,421,421,519,519,532,244,255,255,255],"floor_reached":23,"playtime":804,"items_purged":["Hallucinations"],"score":183,"play_id":"f729e5b2-45ad-4d0f-bcfd-06e27e6a012f","local_time":"20201221214343","is_ascension_mode":false,"campfire_choices":[{"data":"theMarked:EmpowerWeapon","floor":6,"key":"SMITH"},{"data":"theMarked:StartUp","floor":9,"key":"SMITH"},{"floor":15,"key":"REST"},{"data":"theMarked:ChannelForce","floor":17,"key":"SMITH"}],"circlet_count":0,"master_deck":["theMarked:Strike","theMarked:Strike","theMarked:Strike","theMarked:Strike","theMarked:Strike","theMarked:Defend","theMarked:Defend","theMarked:Defend","theMarked:Defend","theMarked:SoldierOfQuellstein","theMarked:StartUp+1","theMarked:EmpowerWeapon+1","theMarked:Aftermath","theMarked:ChainLightning","theMarked:EmpowerWeapon","theMarked:ChannelForce+1","theMarked:TwofoldDefense"],"relics":["theMarked:ArtifactOfAir","ReplayTheSpireMod:TigerMarble","aspiration:IroncladSkillbook","hubris:FunFungus"],"acts_visited":["Exordium","TheCity"],"potions_floor_usage":[20],"damage_taken":[{"damage":1,"enemies":"Cultist","floor":1,"turns":4},{"damage":5,"enemies":"Jaw Worm","floor":3,"turns":3},{"damage":2,"enemies":"Small Slimes","floor":4,"turns":3},{"damage":6,"enemies":"Looter","floor":10,"turns":3},{"damage":4,"enemies":"Blue Slaver","floor":13,"turns":3},{"damage":15,"enemies":"Exordium Thugs","floor":14,"turns":4},{"damage":9,"enemies":"2 Fungi Beasts","floor":16,"turns":2},{"damage":35,"enemies":"Hexaghost","floor":18,"turns":7},{"damage":23,"enemies":"Shell Parasite","floor":20,"turns":3},{"damage":25,"enemies":"Spheric Guardian","floor":22,"turns":5},{"damage":34,"enemies":"Shelled Parasite and Fungi","floor":23,"turns":3}],"seed_played":"131032681766463064","potions_obtained":[{"floor":1,"key":"Milkshake"},{"floor":3,"key":"BlessingOfTheForge"},{"floor":12,"key":"theMarked:SummonPotion"},{"floor":12,"key":"Ancient Potion"},{"floor":12,"key":"Languid Potion"},{"floor":14,"key":"Explosive Potion"},{"floor":22,"key":"Elixir"}],"is_trial":false,"path_per_floor":["M","$","M","M","?","R","PTL","PTL","R","M","T","?","M","M","R","M","R","B",null,"M","$","M","M"],"character_chosen":"THE_DEFAULT","items_purchased":["theMarked:EmpowerWeapon","hubris:FunFungus"],"campfire_rested":1,"item_purchase_floors":[2,21],"current_hp_per_floor":[69,69,64,62,62,62,62,62,62,56,56,56,52,37,58,49,49,14,70,51,51,30,0,0],"gold":255,"neow_bonus":"TWO_FIFTY_GOLD","is_daily":false,"chose_seed":false,"campfire_upgraded":3,"win_rate":0.0,"timestamp":1608576223,"path_taken":["M","$","?","M","?","R","PTL","PTL","R","M","T","?","M","?","R","M","R","BOSS","M","$","?","M"],"items_purchased_type":["Card","Relic"],"build_version":"2020-12-13","purchased_purges":1,"victory":false,"max_hp_per_floor":[70,70,70,70,70,70,70,70,70,70,70,70,70,70,70,70,70,70,70,70,70,70,70,70],"card_choices":[{"not_picked":["theMarked:CreepingChasm","theMarked:PowerFlow"],"picked":"theMarked:StartUp","floor":1},{"not_picked":["theMarked:WastefulAttack","theMarked:WardOff"],"picked":"theMarked:Aftermath","floor":3},{"not_picked":["theMarked:Parkour","theMarked:BanishingStrike"],"picked":"theMarked:ChainLightning","floor":4},{"not_picked":["theMarked:ResourceFulStrike","theMarked:Electrify"],"picked":"theMarked:EmpowerWeapon","floor":10},{"not_picked":["theMarked:ReduceFriction","theMarked:Static"],"picked":"theMarked:ChannelForce","floor":13},{"not_picked":["theMarked:Frustration","theMarked:Improvise"],"picked":"theMarked:TwofoldDefense","floor":14},{"not_picked":["theMarked:Parkour","theMarked:ChainLightning","theMarked:ResourceFulStrike"],"picked":"SKIP","floor":16},{"not_picked":["Twin Strike","theMarked:Improvise","Pommel Strike","Havoc"],"picked":"SKIP","floor":20},{"not_picked":["theMarked:ElectricStrings","Massacre","Abandon","Run Through"],"picked":"SKIP","floor":22}],"player_experience":319370,"relics_obtained":[{"floor":11,"key":"ReplayTheSpireMod:TigerMarble"}],"event_choices":[{"damage_healed":0,"gold_gain":69,"player_choice":"Gained Gold","damage_taken":0,"max_hp_gain":0,"max_hp_loss":0,"event_name":"Golden Wing","floor":5,"gold_loss":0},{"damage_healed":0,"gold_gain":0,"player_choice":"Got Potions","damage_taken":0,"max_hp_gain":0,"max_hp_loss":0,"event_name":"Lab","floor":12,"gold_loss":0}],"is_beta":false,"boss_relics":[{"not_picked":["hubris:HollowSoul","aspiration:RunicSpoon"],"picked":"aspiration:IroncladSkillbook"}],"items_purged_floors":[2],"is_endless":false,"potions_floor_spawned":[1,3,14,18,22],"killed_by":"Shelled Parasite and Fungi","ascension_level":0}}