{"host":"ky7z67tg8zpdk0g7","time":1608544788,"event":{"mods":["BaseMod","Beaked The Cultist","Better Third Choice","CapriCore","Displayed Cursed Tome","Energized Spire","Fireblade Mod","Hubris","Lobotomy","LobotomyExtend","Minty Spire (QoL Compilation)","Replay The Spire","SOS???????","Shop Mod","StSLib","Td1madao Mod","The Dragon Tamer","The Hierophant","The Immortal","The Marked","The Necromancer","TheBandit","TheWitcher"],"gold_per_floor":[118,171,171,171,48,79,79,5,5,15,15,15,15,45,45,150,150,168,188,188,198,198,198,232,142,142,155,188,203,103,138,138,240,240,260,260,260,286,125,225,225,240,263,296,95,111,111,140,140,140,140,140,140,66,91,91],"floor_reached":57,"playtime":3076,"items_purged":["theMarked:Strike","Parasite","Parasite","hubris:Lust"],"score":1395,"play_id":"c65e5d61-5ee6-42a3-9c8f-d9cbe7c3ee23","local_time":"20201221165948","is_ascension_mode":false,"campfire_choices":[{"data":"theMarked:SoldierOfQuellstein","floor":7,"key":"SMITH"},{"data":"theMarked:Static","floor":11,"key":"SMITH"},{"data":"theMarked:Aftermath","floor":13,"key":"SMITH"},{"data":"theMarked:ResourceFulStrike","floor":15,"key":"SMITH"},{"data":"theMarked:MaelstromOfLightning","floor":23,"key":"SMITH"},{"data":"theMarked:TwofoldDefense","floor":32,"key":"SMITH"},{"floor":41,"key":"RECALL"},{"data":"theMarked:SoldierForm","floor":47,"key":"SMITH"},{"data":"theMarked:GodGivenPower","floor":49,"key":"SMITH"},{"data":"theMarked:Defend","floor":53,"key":"SMITH"}],"circlet_count":0,"master_deck":["theMarked:Defend+1","theMarked:Defend","theMarked:Defend","theMarked:Defend","theMarked:SoldierOfQuellstein+1","theMarked:Convert+1","theMarked:Aftermath+1","theMarked:Static+1","theMarked:TwofoldDefense+1","theMarked:ResourceFulStrike+1","theMarked:Aftermath+1","Pain","theMarked:Static+1","theMarked:MaelstromOfLightning+1","theMarked:GodGivenPower+1","theMarked:GodGivenPower+1","theMarked:TurnInvisible","theMarked:WardOff+1","theMarked:SoldierForm+1","theMarked:RogueSparks"],"relics":["theMarked:ArtifactOfAir","LetterFromLob","Snack Pack","Replay:PocketPolymizer","hubris:DeckOfHolding","HonorFeather","ShedSkin_r","hubris:SlimyHat","energizedSpire:CursedPentagram","WarpedTongs","ReplayTheSpireMod:TigerMarble","Simple Rune","Replay:Kaleidoscope","Gremlin Horn","hubris:Backtick","Replay:WaspNest","Pet Ghost","Anchor","Orichalcum","Singing Bowl","hubris:PeanutButter"],"acts_visited":["Exordium","TheCity","TheBeyond","TheEnding"],"potions_floor_usage":[6,12,12,21,56],"damage_taken":[{"damage":4.0,"enemies":"Jaw Worm","floor":1.0,"turns":6.0},{"damage":0,"enemies":"Replay:BlueRogue","floor":6,"turns":8},{"damage":0,"enemies":"2 Louse","floor":10,"turns":2},{"damage":0,"enemies":"Small Slimes","floor":12,"turns":6},{"damage":33,"enemies":"Gremlin Nob","floor":14,"turns":5},{"damage":26,"enemies":"Hexaghost","floor":16,"turns":7},{"damage":0,"enemies":"Chosen","floor":18,"turns":3},{"damage":0,"enemies":"Spheric Guardian","floor":19,"turns":3},{"damage":9,"enemies":"Cultist and Chosen","floor":21,"turns":4},{"damage":18,"enemies":"Book of Stabbing","floor":24,"turns":5},{"damage":6,"enemies":"Snake Plant","floor":27,"turns":6},{"damage":7,"enemies":"Gremlin Leader","floor":28,"turns":2},{"damage":2,"enemies":"Centurion and Healer","floor":29,"turns":3},{"damage":5,"enemies":"Replay:Snechameleon","floor":31,"turns":3},{"damage":37,"enemies":"Collector","floor":33,"turns":4},{"damage":5,"enemies":"3 Shapes","floor":35,"turns":3},{"damage":8,"enemies":"3 Darklings","floor":42,"turns":4},{"damage":17,"enemies":"Giant Head","floor":44,"turns":4},{"damage":11,"enemies":"Writhing Mass","floor":46,"turns":4},{"damage":10,"enemies":"beaked:SuperParasite","floor":48,"turns":3},{"damage":25,"enemies":"hubris:GrandSnecko","floor":50,"turns":5},{"damage":0,"enemies":"Shield and Spear","floor":55,"turns":3},{"damage":35,"enemies":"The Heart","floor":56,"turns":8}],"seed_played":"-1901362988792480396","potions_obtained":[{"floor":2.0,"key":"Toxic Potion"},{"floor":6,"key":"Explosive Potion"},{"floor":10,"key":"PowerPotion"},{"floor":18,"key":"Block Potion"},{"floor":19,"key":"Weak Potion"},{"floor":28,"key":"GamblersBrew"},{"floor":29,"key":"theMarked:SummonPotion"},{"floor":48,"key":"Swift Potion"}],"is_trial":false,"path_per_floor":["M","?","?","?","$","E","R","$","T","M","R","M","R","E","R","B",null,"M","M","?","M","?","R","E","?","T","M","E","M","$","E","R","B",null,"M","?","?","T","$","?","R","M","T","E","$","M","R","E","R","B",null,null,"R","$","E","B",null],"character_chosen":"THE_DEFAULT","items_purchased":["Block Potion","Regen Potion","theMarked:GodGivenPower","PowerPotion","theMarked:RogueSparks"],"campfire_rested":0,"item_purchase_floors":[5,8,39,45,54],"current_hp_per_floor":[66,38,24,17,17,19,19,19,19,19,19,24,70,39,70,46,70,70,70,70,63,63,70,52,52,52,46,41,39,39,36,67,32,67,62,62,62,62,62,62,64,60,60,47,47,38,64,60,66,45,45,66,66,66,68,37],"gold":91,"neow_bonus":"TRANSFORM_CARD","is_daily":false,"chose_seed":false,"campfire_upgraded":9,"win_rate":0.0,"timestamp":1608544788,"path_taken":["M","?","?","?","?","E","R","$","T","M","R","?","R","E","R","BOSS","M","M","?","?","?","R","E","?","T","?","E","M","$","E","R","BOSS","M","?","?","?","$","?","R","?","T","E","$","M","R","E","R","BOSS","R","$","E","BOSS"],"items_purchased_type":["Potion","Potion","Card","Potion","Card"],"build_version":"2020-12-13","purchased_purges":4,"victory":true,"max_hp_per_floor":[70,70,70,70,70,70,70,70,70,70,70,70,70,70,70,70,70,70,70,70,70,70,70,70,70,70,70,70,70,67,67,67,67,67,67,67,67,67,64,64,64,64,64,64,64,64,64,66,66,66,66,66,66,66,68,68],"card_choices":[{"not_picked":["theMarked:RepellingDischarge","theMarked:Frustration"],"picked":"theMarked:Aftermath","floor":1.0},{"not_picked":["theMarked:ElectricStrings","theMarked:BanishingStrike"],"picked":"theMarked:Static","floor":6},{"not_picked":["theMarked:ElectricStrings","theMarked:WastefulAttack"],"picked":"theMarked:TwofoldDefense","floor":10},{"not_picked":["theMarked:Convert","theMarked:ElectricStrings","theMarked:EmpowerWeapon"],"picked":"SKIP","floor":14},{"not_picked":["theMarked:BanishingStrike","theMarked:ChainLightning"],"picked":"theMarked:Aftermath+1","floor":18},{"not_picked":["theMarked:Parkour+1","theMarked:BanishingStrike+1"],"picked":"theMarked:EnhanceMovement","floor":19},{"not_picked":["theMarked:ChainLightning","theMarked:Improvise"],"picked":"theMarked:Static+1","floor":21},{"not_picked":["theMarked:Indomitable","theMarked:BanishingStrike"],"picked":"theMarked:Convert+1","floor":24},{"not_picked":["theMarked:RogueSparks","theMarked:StartUp","theMarked:SwordAndMagic"],"picked":"SKIP","floor":27},{"not_picked":["theMarked:EmpowerWeapon","theMarked:HeightenedSenses","theMarked:ReduceFriction"],"picked":"SKIP","floor":28},{"not_picked":["theMarked:SwordAndMagic+1","theMarked:BanishingStrike","theMarked:ResourceFulStrike"],"picked":"SKIP","floor":29},{"not_picked":["theMarked:Challenge","theMarked:HeightenedSenses"],"picked":"theMarked:GodGivenPower+1","floor":31},{"not_picked":["theMarked:ResourceFulStrike","theMarked:EnhanceMovement+1","theMarked:SwordAndMagic+1"],"picked":"SKIP","floor":35},{"not_picked":["theMarked:ChainLightning+1","theMarked:WastefulAttack+1","theMarked:ResourceFulStrike"],"picked":"SKIP","floor":42},{"not_picked":["theMarked:Overthink+1","theMarked:Opportunist+1","theMarked:Generate"],"picked":"SKIP","floor":44},{"not_picked":["theMarked:BanishingStrike+1","theMarked:HeightenedSenses"],"picked":"theMarked:WardOff+1","floor":46},{"not_picked":["theMarked:FavorableWinds","theMarked:Opportunist","theMarked:ElectricStrings+1"],"picked":"Singing Bowl","floor":48},{"not_picked":["theMarked:EnhancedHearing+1","theMarked:Static","theMarked:Improvise"],"picked":"Singing Bowl","floor":55}],"player_experience":283908,"relics_obtained":[{"floor":1.0,"key":"LetterFromLob"},{"floor":2.0,"key":"Snack Pack"},{"floor":6,"key":"hubris:DeckOfHolding"},{"floor":14,"key":"hubris:SlimyHat"},{"floor":24,"key":"ReplayTheSpireMod:TigerMarble"},{"floor":26,"key":"Simple Rune"},{"floor":28,"key":"Replay:Kaleidoscope"},{"floor":31,"key":"Gremlin Horn"},{"floor":38,"key":"Pet Ghost"},{"floor":43,"key":"Anchor"},{"floor":44,"key":"Orichalcum"},{"floor":48,"key":"Singing Bowl"},{"floor":55,"key":"hubris:PeanutButter"}],"event_choices":[{"damage_healed":38,"gold_gain":0,"player_choice":"Upgrade","damage_taken":14,"max_hp_gain":0,"max_hp_loss":70,"event_name":"betterThird:BetterShining","floor":3,"gold_loss":0,"cards_upgraded":["theMarked:Convert","theMarked:Strike"]},{"damage_healed":0,"gold_gain":0,"player_choice":"Relic ","damage_taken":7,"max_hp_gain":0,"max_hp_loss":0,"event_name":"betterThird:BetterScrap","floor":4,"gold_loss":0,"cards_obtained":["Double Energy"]},{"damage_healed":0,"gold_gain":0,"player_choice":"Rummage","damage_taken":0,"relics_obtained":["WarpedTongs"],"max_hp_gain":0,"max_hp_loss":0,"event_name":"Accursed Blacksmith","floor":20,"gold_loss":0,"cards_obtained":["Pain"]},{"damage_healed":0,"gold_gain":0,"cards_transformed":["theMarked:Strike","theMarked:Strike"],"player_choice":"Became Test Subject","damage_taken":0,"max_hp_gain":0,"max_hp_loss":0,"event_name":"Drug Dealer","floor":22,"gold_loss":0,"cards_obtained":["theMarked:ParalyzingBlade","theMarked:UnarmedFury"]},{"cards_removed":["Shame"],"damage_healed":0,"gold_gain":0,"player_choice":"Upgrade and Remove","damage_taken":0,"max_hp_gain":0,"max_hp_loss":0,"event_name":"Designer","floor":25,"gold_loss":90,"cards_upgraded":["theMarked:UnarmedFury"]},{"cards_removed":["theMarked:Convert"],"damage_healed":0,"gold_gain":0,"player_choice":"Removed Skill","damage_taken":0,"max_hp_gain":0,"max_hp_loss":0,"event_name":"Falling","floor":36,"gold_loss":0},{"damage_healed":0,"gold_gain":100,"player_choice":"Pray","damage_taken":0,"max_hp_gain":0,"max_hp_loss":0,"event_name":"Golden Shrine","floor":40,"gold_loss":0}],"is_beta":false,"boss_relics":[{"not_picked":["energizedSpire:SpiderWeb","hubris:BlackHole"],"picked":"energizedSpire:CursedPentagram"},{"not_picked":["Calling Bell","Cursed Key"],"picked":"hubris:Backtick"}],"items_purged_floors":[5,30,39,45],"is_endless":false,"potions_floor_spawned":[6,10,18,19,28,29,33,44,48,55],"ascension_level":0}}