{"host":"h5golg54dem4i27y","time":1608518692,"event":{"mods":["BaseMod","Colored Map","Colored Powertips","Minty Spire (QoL Compilation)","Replay The Spire","StSLib","SuperFastMode"],"gold_per_floor":[118,118,135,148,148,148,183,183,234,234,309,309,309,322,356,356,356,356,356],"floor_reached":18,"playtime":384,"items_purged":[],"score":222,"play_id":"395eaa8b-e79a-4857-99cb-d788a73f8b37","local_time":"20201221114452","is_ascension_mode":true,"campfire_choices":[{"data":"Poisoned Stab","floor":6.0,"key":"SMITH"},{"floor":8.0,"key":"REST"},{"floor":17,"key":"REST"}],"circlet_count":0,"master_deck":["AscendersBane","Strike_G","Strike_G","Strike_G","Strike_G","Defend_G","Defend_G","Defend_G","Defend_G","Defend_G","Survivor","Neutralize","Underhanded Strike","Poisoned Stab+1","Dagger Throw","Masterful Stab","Crippling Poison","Backflip","Leg Sweep+1","Quick Slash"],"relics":["Ring of the Snake","NeowsBlessing","Dream Catcher","Potion Belt","Bag of Marbles","Blue Candle","Golden Egg"],"acts_visited":["Exordium"],"potions_floor_usage":[18,18],"damage_taken":[{"damage":0.0,"enemies":"Cultist","floor":1.0,"turns":1.0},{"damage":0.0,"enemies":"Jaw Worm","floor":3.0,"turns":1.0},{"damage":0.0,"enemies":"Small Slimes","floor":4.0,"turns":1.0},{"damage":13.0,"enemies":"Gremlin Nob","floor":7.0,"turns":3.0},{"damage":0.0,"enemies":"Gremlin Gang","floor":14.0,"turns":3.0},{"damage":0.0,"enemies":"3 Sentries","floor":15.0,"turns":7.0},{"damage":75,"enemies":"Fading Forest","floor":18,"turns":9}],"seed_played":"-1257744195701637096","potions_obtained":[{"floor":3.0,"key":"Poison Potion"},{"floor":4.0,"key":"Fire Potion"},{"floor":7.0,"key":"EntropicBrew"}],"is_trial":false,"path_per_floor":["M","T","M","M","?","R","E","R","T","T","?","PTL","PTL","M","E","?","R","B"],"character_chosen":"THE_SILENT","items_purchased":[],"campfire_rested":2,"item_purchase_floors":[],"current_hp_per_floor":[63,63,63,63,63,63,50,70,70,70,63,63,63,63,63,63,70,0,0],"gold":356,"neow_bonus":"THREE_ENEMY_KILL","is_daily":false,"chose_seed":false,"campfire_upgraded":1,"win_rate":0.0,"timestamp":1608518692,"path_taken":["M","?","M","M","?","R","E","R","T","?","?","PTL","PTL","?","E","?","R","BOSS"],"items_purchased_type":[],"build_version":"2020-12-13","purchased_purges":0,"victory":false,"max_hp_per_floor":[70,70,70,70,70,70,70,70,70,70,70,70,70,70,70,70,70,70,70],"card_choices":[{"not_picked":["Underhanded Strike","Deadly Poison","Finisher"],"picked":"SKIP","floor":1.0},{"not_picked":["Blade Dance","Sucker Punch"],"picked":"Underhanded Strike","floor":3.0},{"not_picked":["Endless Agony","Acrobatics"],"picked":"Poisoned Stab","floor":4.0},{"not_picked":["Underhanded Strike","Draining Mist"],"picked":"Dagger Throw","floor":7.0},{"not_picked":["Cloak And Dagger","Blade Dance"],"picked":"Masterful Stab","floor":8.0},{"not_picked":["Skewer","Dodge and Roll"],"picked":"Crippling Poison","floor":14.0},{"not_picked":["Endless Agony","Bane"],"picked":"Backflip","floor":15.0},{"not_picked":["Flying Knee","ReplayTheSpireMod:From All Sides"],"picked":"Quick Slash","floor":17}],"player_experience":618242,"relics_obtained":[{"floor":2.0,"key":"Dream Catcher"},{"floor":7.0,"key":"Potion Belt"},{"floor":9.0,"key":"Bag of Marbles"},{"floor":10.0,"key":"Blue Candle"},{"floor":15.0,"key":"Golden Egg"}],"event_choices":[{"damage_healed":0.0,"max_hp_gain":0.0,"max_hp_loss":0.0,"gold_gain":0.0,"event_name":"Liars Game","player_choice":"Ignored","floor":5.0,"gold_loss":0.0,"damage_taken":0.0},{"damage_healed":0.0,"max_hp_gain":0.0,"max_hp_loss":0.0,"gold_gain":75.0,"event_name":"FaceTrader","player_choice":"Touch","floor":11.0,"gold_loss":0.0,"damage_taken":7.0}],"is_beta":false,"boss_relics":[],"items_purged_floors":[],"is_endless":false,"potions_floor_spawned":[3,4,7,14],"killed_by":"Fading Forest","ascension_level":11}}