{"host":"pgs5p9zc3jxkskve","time":1608521598,"event":{"mods":["BaseMod","Colored Map","Colored Powertips","Googly Eyes","Minty Spire (QoL Compilation)","StSLib"],"gold_per_floor":[111,111,111,129,141,169,169,201,248,248,248],"floor_reached":10,"playtime":305,"items_purged":[],"score":106,"play_id":"e5ebea78-f1fb-4ee5-a4e9-5724697a65bc","local_time":"20201220223318","daily_mods":["SealedDeck","DeadlyEvents","Elite Swarm"],"is_ascension_mode":true,"campfire_choices":[{"floor":7,"key":"REST"}],"circlet_count":0,"master_deck":["Bane","Poisoned Stab","Deadly Poison","Deadly Poison","Acrobatics","Acrobatics","Bouncing Flask","Well Laid Plans","All Out Attack","All Out Attack","Pain","Slice","Envenom"],"relics":["Ring of the Snake","WarpedTongs","Letter Opener","Anchor","Ancient Tea Set"],"acts_visited":["Exordium"],"potions_floor_usage":[8,10],"damage_taken":[{"damage":0,"enemies":"Cultist","floor":1,"turns":2},{"damage":1,"enemies":"Small Slimes","floor":4,"turns":2},{"damage":7,"enemies":"2 Louse","floor":5,"turns":2},{"damage":45,"enemies":"Lagavulin","floor":6,"turns":4},{"damage":31,"enemies":"3 Sentries","floor":8,"turns":3},{"damage":17,"enemies":"Gremlin Nob","floor":10,"turns":2}],"seed_played":"-7945934923375073087","potions_obtained":[{"floor":6,"key":"ColorlessPotion"},{"floor":8,"key":"Swift Potion"}],"is_trial":true,"path_per_floor":["M","?","?","M","M","E","R","E","T","E"],"character_chosen":"THE_SILENT","items_purchased":[],"campfire_rested":1,"item_purchase_floors":[],"current_hp_per_floor":[63,68,68,67,60,15,37,6,6,0,0],"gold":248,"neow_bonus":"","is_daily":false,"chose_seed":false,"campfire_upgraded":0,"win_rate":0.0,"timestamp":1608521598,"path_taken":["M","?","?","M","?","E","R","E","T","E"],"items_purchased_type":[],"build_version":"2020-12-13","purchased_purges":0,"victory":false,"max_hp_per_floor":[70,75,75,75,75,75,75,75,75,75,75],"card_choices":[{"not_picked":["Finisher","Deadly Poison","Bane"],"picked":"SKIP","floor":1},{"not_picked":["Outmaneuver","Backflip"],"picked":"Slice","floor":4},{"not_picked":["Bouncing Flask","Footwork","Finisher"],"picked":"SKIP","floor":5},{"not_picked":["Doppelganger","Phantasmal Killer","A Thousand Cuts"],"picked":"SKIP","floor":6},{"not_picked":["Storm of Steel","A Thousand Cuts"],"picked":"Envenom","floor":8}],"player_experience":3200667,"relics_obtained":[{"floor":6,"key":"Letter Opener"},{"floor":8,"key":"Anchor"},{"floor":9,"key":"Ancient Tea Set"}],"event_choices":[{"damage_healed":0,"gold_gain":0,"player_choice":"Donut","damage_taken":0,"max_hp_gain":5,"max_hp_loss":0,"event_name":"Big Fish","floor":2,"gold_loss":0},{"damage_healed":0,"gold_gain":0,"player_choice":"Rummage","damage_taken":0,"relics_obtained":["WarpedTongs"],"max_hp_gain":0,"max_hp_loss":0,"event_name":"Accursed Blacksmith","floor":3,"gold_loss":0,"cards_obtained":["Pain"]}],"is_beta":false,"boss_relics":[],"items_purged_floors":[],"is_endless":false,"potions_floor_spawned":[6,8],"killed_by":"Gremlin Nob","ascension_level":8}}