{"host":"a1bw7lw6d0kskskg","time":1608512341,"event":{"mods":["AchievementEnabler","BaseMod","Better Note","Better Skull","Block Reminder","Colored Map","Colored Powertips","Koishi","Minty Spire (QoL Compilation)","Quick Restart","Rare Cards Sparkle","Relic Stats","StSLib","The IronCluck","Waifu the Spire","everything is the same but u backflip on backflip","slay the spire mod where everything is the same but ironclad has a cowboy hat"],"gold_per_floor":[119,119,119,46,60,96,111,111,159,194,206,233,271,304,316,328,328],"floor_reached":16,"playtime":642,"items_purged":[],"score":122,"play_id":"4d8eeca8-ab00-46f4-b114-bce2b88c2613","local_time":"20201221015901","is_ascension_mode":true,"campfire_choices":[{"data":"Blur","floor":8.0,"key":"SMITH"},{"data":"Calculated Gamble","floor":15.0,"key":"SMITH"}],"circlet_count":0,"master_deck":["Strike_G","Strike_G","Strike_G","Strike_G","Defend_G","Defend_G","Defend_G","Defend_G","Defend_G","Survivor","Neutralize","Blur+1","Infinite Blades","Backstab","Deflect","Expertise","Calculated Gamble+1","Prepared","Reflex"],"relics":["Ring of the Snake","Golden Idol","Vajra","MawBank","Odd Mushroom"],"acts_visited":["Exordium"],"potions_floor_usage":[],"damage_taken":[{"damage":0.0,"enemies":"2 Louse","floor":1.0,"turns":3.0},{"damage":0.0,"enemies":"Jaw Worm","floor":5.0,"turns":5.0},{"damage":45.0,"enemies":"3 Sentries","floor":6.0,"turns":11.0},{"damage":0.0,"enemies":"Small Slimes","floor":7.0,"turns":3.0},{"damage":0.0,"enemies":"Exordium Thugs","floor":10.0,"turns":4.0},{"damage":0.0,"enemies":"3 Louse","floor":12.0,"turns":4.0},{"damage":0.0,"enemies":"The Mushroom Lair","floor":13.0,"turns":3.0},{"damage":0.0,"enemies":"Exordium Wildlife","floor":14.0,"turns":4.0},{"damage":0,"enemies":"The Guardian","floor":16,"turns":1}],"seed_played":"232823119116621002","potions_obtained":[{"floor":1.0,"key":"Explosive Potion"},{"floor":7.0,"key":"Swift Potion"},{"floor":10.0,"key":"AttackPotion"},{"floor":12.0,"key":"SkillPotion"}],"is_trial":false,"path_per_floor":["M","?","?","$","M","E","M","R","T","M","?","M","?","M","R","B"],"character_chosen":"THE_SILENT","items_purchased":["Infinite Blades"],"campfire_rested":0,"item_purchase_floors":[4],"current_hp_per_floor":[77,71,71,71,71,26,26,26,26,26,19,19,19,19,19,19,19],"gold":328,"neow_bonus":"TEN_PERCENT_HP_BONUS","is_daily":false,"chose_seed":false,"campfire_upgraded":2,"win_rate":0.0,"timestamp":1608512341,"path_taken":["M","?","?","$","M","E","M","R","T","M","?","?","?","M","R","BOSS"],"items_purchased_type":["Card"],"build_version":"2020-12-13","purchased_purges":0,"victory":false,"max_hp_per_floor":[77,71,71,71,71,71,71,71,71,71,71,71,71,71,71,71,71],"relic_stats":{"counters":[9,38],"Golden Idol":30,"MawBank":84,"obtain_stats":[{"Golden Idol":2,"Vajra":6,"Odd Mushroom":13,"MawBank":9,"Ring of the Snake":0},{"Golden Idol":1,"Vajra":3,"Odd Mushroom":7,"MawBank":4,"Ring of the Snake":0},{"Golden Idol":3,"Vajra":19,"Odd Mushroom":33,"MawBank":22,"Ring of the Snake":0}],"Ring of the Snake":[9]},"card_choices":[{"not_picked":["Distraction","Sucker Punch"],"picked":"Blur","floor":1.0},{"not_picked":["Bane","Reflex","Distraction"],"picked":"SKIP","floor":5.0},{"not_picked":["Poisoned Stab","Bane"],"picked":"Backstab","floor":6.0},{"not_picked":["All Out Attack","Bane"],"picked":"Deflect","floor":7.0},{"not_picked":["Dagger Throw","Dagger Spray"],"picked":"Expertise","floor":10.0},{"not_picked":["Dagger Throw","Blade Dance"],"picked":"Calculated Gamble","floor":12.0},{"not_picked":["Leg Sweep","Envenom"],"picked":"Prepared","floor":13.0},{"not_picked":["Outmaneuver","Distraction"],"picked":"Reflex","floor":14.0}],"player_experience":184228,"relics_obtained":[{"floor":6.0,"key":"Vajra"},{"floor":9.0,"key":"MawBank"},{"floor":13.0,"key":"Odd Mushroom"}],"event_choices":[{"damage_healed":0.0,"max_hp_gain":0.0,"max_hp_loss":6.0,"gold_gain":0.0,"event_name":"Golden Idol","player_choice":"Lose Max HP","floor":2.0,"gold_loss":0.0,"damage_taken":0.0,"relics_obtained":["Golden Idol"]},{"damage_healed":0.0,"max_hp_gain":0.0,"max_hp_loss":0.0,"gold_gain":0.0,"event_name":"Liars Game","player_choice":"Ignored","floor":3.0,"gold_loss":0.0,"damage_taken":0.0},{"cards_removed":["Strike_G"],"damage_healed":0.0,"max_hp_gain":0.0,"max_hp_loss":0.0,"gold_gain":0.0,"event_name":"Golden Wing","player_choice":"Card Removal","floor":11.0,"gold_loss":0.0,"damage_taken":7.0},{"damage_healed":0.0,"max_hp_gain":0.0,"max_hp_loss":0.0,"gold_gain":0.0,"event_name":"Mushrooms","player_choice":"Fought Mushrooms","floor":13.0,"gold_loss":0.0,"damage_taken":0.0}],"is_beta":false,"boss_relics":[],"items_purged_floors":[],"is_endless":false,"potions_floor_spawned":[1,7,10,12],"killed_by":"The Guardian","ascension_level":4}}