{"host":"63rwe7p34ct1i0qu","time":1608569027,"event":{"mods":["BaseMod","Colored Map","DeckTracker","Minty Spire (QoL Compilation)","Permanent Neow","Quick Restart","StSLib"],"gold_per_floor":[113,113,78,91,91,91,116,126,126,142,142,159,159,169,169,273,273,292,308,231,251,176,176,195,212,287,302,302,335,335,349,349,444,444,459,459,459,469,469,469,486,486,486,486,20,20,48,65,65,65],"floor_reached":51,"playtime":2504,"items_purged":["Strike_B","Strike_B"],"score":1120,"play_id":"f33548a4-4a7d-4157-82fa-f99e951707c1","local_time":"20201222014347","is_ascension_mode":true,"campfire_choices":[{"data":"Zap","floor":6.0,"key":"SMITH"},{"data":"Dualcast","floor":11,"key":"SMITH"},{"data":"Blizzard","floor":15,"key":"SMITH"},{"data":"Double Energy","floor":23,"key":"SMITH"},{"floor":28,"key":"REST"},{"data":"Consume","floor":30,"key":"SMITH"},{"data":"Consume","floor":32,"key":"SMITH"},{"data":"Glacier","floor":40,"key":"SMITH"},{"floor":42,"key":"REST"},{"data":"Biased Cognition","floor":46,"key":"SMITH"},{"data":"Cold Snap","floor":49,"key":"SMITH"}],"circlet_count":0,"master_deck":["AscendersBane","Defend_B","Defend_B","Defend_B","Defend_B","Zap+1","Dualcast+1","Glacier+1","Consume+1","Cold Snap+1","Sweeping Beam","Blizzard+1","BootSequence","Electrodynamics","Core Surge","Double Energy+1","Self Repair","Recycle+1","Consume+1","Biased Cognition+1","CurseOfTheBell","Machine Learning","Cold Snap+1","Master of Strategy+1","Dark Shackles+1","Chill+1"],"relics":["Cracked Core","Pocketwatch","Meat on the Bone","Blue Candle","Inserter","Singing Bowl","Toxic Egg 2","Calling Bell","Strawberry","Gremlin Horn","Unceasing Top","Cables","Gambling Chip","DataDisk"],"acts_visited":["Exordium","TheCity","TheBeyond"],"potions_floor_usage":[27,27,27,33,41,50],"damage_taken":[{"damage":4.0,"enemies":"Jaw Worm","floor":1.0,"turns":4.0},{"damage":0.0,"enemies":"2 Louse","floor":4.0,"turns":4.0},{"damage":11.0,"enemies":"3 Sentries","floor":7.0,"turns":9.0},{"damage":5.0,"enemies":"Small Slimes","floor":8.0,"turns":2.0},{"damage":3,"enemies":"Red Slaver","floor":10,"turns":4},{"damage":0,"enemies":"2 Fungi Beasts","floor":12,"turns":3},{"damage":0,"enemies":"Large Slime","floor":14,"turns":4},{"damage":30,"enemies":"The Guardian","floor":16,"turns":12},{"damage":18,"enemies":"2 Thieves","floor":18,"turns":3},{"damage":0,"enemies":"Chosen","floor":19,"turns":6},{"damage":0,"enemies":"Snake Plant","floor":21,"turns":6},{"damage":6,"enemies":"Centurion and Healer","floor":24,"turns":7},{"damage":29,"enemies":"Chosen and Byrds","floor":25,"turns":7},{"damage":10,"enemies":"Snecko","floor":27,"turns":7},{"damage":8,"enemies":"Gremlin Leader","floor":29,"turns":7},{"damage":4,"enemies":"Snake Plant","floor":31,"turns":6},{"damage":61,"enemies":"Champ","floor":33,"turns":14},{"damage":7,"enemies":"Orb Walker","floor":35,"turns":5},{"damage":28,"enemies":"3 Shapes","floor":38,"turns":6},{"damage":18,"enemies":"Spire Growth","floor":41,"turns":7},{"damage":0,"enemies":"Giant Head","floor":47,"turns":12},{"damage":1,"enemies":"Sphere and 2 Shapes","floor":48,"turns":7},{"damage":23,"enemies":"Donu and Deca","floor":50,"turns":10}],"seed_played":"9190971133135171299","potions_obtained":[{"floor":1.0,"key":"GamblersBrew"},{"floor":7.0,"key":"DuplicationPotion"},{"floor":10,"key":"Energy Potion"},{"floor":21,"key":"EntropicBrew"},{"floor":31,"key":"ColorlessPotion"},{"floor":35,"key":"Weak Potion"}],"is_trial":false,"path_per_floor":["M","?","$","M","?","R","E","M","T","M","R","M","?","M","R","B",null,"M","M","$","M","$","R","M","M","T","M","R","E","R","M","R","B",null,"M","?","?","M","?","R","M","R","T","?","$","R","E","M","R","B",null],"character_chosen":"DEFECT","items_purchased":["Consume","Self Repair","Chill+1","Gambling Chip"],"campfire_rested":2,"item_purchase_floors":[3,20,45,45],"current_hp_per_floor":[64,69,69,69,69,69,58,53,53,50,50,50,50,50,50,32,63,45,45,45,45,45,45,46,36,36,45,66,67,67,72,72,30,72,74,74,74,53,53,53,56,81,81,73,73,73,82,90,90,74],"gold":65,"neow_bonus":"ONE_RARE_RELIC","is_daily":false,"chose_seed":false,"campfire_upgraded":9,"win_rate":0.0,"timestamp":1608569027,"path_taken":["M","?","$","M","?","R","E","?","T","M","R","M","?","M","R","BOSS","M","M","$","M","?","R","M","M","T","?","R","E","R","M","R","BOSS","M","?","?","?","?","R","M","R","T","?","$","R","E","M","R","BOSS"],"items_purchased_type":["Card","Card","Card","Relic"],"build_version":"2020-12-13","purchased_purges":2,"victory":true,"max_hp_per_floor":[68,73,73,73,73,73,73,73,73,73,73,73,73,73,73,73,73,73,73,73,73,73,73,73,73,73,73,73,75,75,77,77,77,84,86,82,82,82,82,82,84,84,84,86,86,86,88,90,90,90],"card_choices":[{"not_picked":["Beam Cell","Rebound"],"picked":"Glacier","floor":1.0},{"not_picked":["Reprogram","Barrage"],"picked":"Cold Snap","floor":4.0},{"not_picked":["Gash","Steam Power"],"picked":"Sweeping Beam","floor":7.0},{"not_picked":["Leap","Streamline"],"picked":"Blizzard","floor":8},{"not_picked":["Force Field","Leap"],"picked":"BootSequence","floor":10},{"not_picked":["Barrage","Turbo"],"picked":"Electrodynamics","floor":12},{"not_picked":["Scrape","Reprogram","Sweeping Beam"],"picked":"SKIP","floor":14},{"not_picked":["Multi-Cast","Electrodynamics"],"picked":"Core Surge","floor":16},{"not_picked":["Auto Shields","Go for the Eyes","Cold Snap"],"picked":"SKIP","floor":18},{"not_picked":["Hello World","Gash"],"picked":"Double Energy","floor":19},{"not_picked":["Scrape+1","Gash","Steam Power+1"],"picked":"SKIP","floor":21},{"not_picked":["Streamline","Gash"],"picked":"Recycle+1","floor":24},{"not_picked":["Sweeping Beam+1","Barrage","Conserve Battery"],"picked":"SKIP","floor":25},{"not_picked":["Genetic Algorithm","Steam"],"picked":"Consume","floor":27},{"not_picked":["Streamline","Steam Power+1","Barrage+1"],"picked":"Singing Bowl","floor":29},{"not_picked":["Compile Driver+1","Streamline+1","Lockon"],"picked":"Singing Bowl","floor":31},{"not_picked":["Meteor Strike","Hyperbeam"],"picked":"Biased Cognition","floor":33},{"not_picked":["Steam Power+1","Go for the Eyes+1","Redo+1"],"picked":"Singing Bowl","floor":35},{"not_picked":["Ball Lightning","Conserve Battery+1"],"picked":"Cold Snap+1","floor":38},{"not_picked":["Heatsinks","Cold Snap","Leap+1"],"picked":"Singing Bowl","floor":41},{"not_picked":["Panacea+1","Good Instincts+1"],"picked":"Master of Strategy+1","floor":44},{"not_picked":["Violence+1","Swift Strike"],"picked":"Dark Shackles+1","floor":44},{"not_picked":["Flash of Steel","Dramatic Entrance","Forethought+1"],"picked":"Singing Bowl","floor":44},{"not_picked":["Ball Lightning","Sweeping Beam","Turbo+1"],"picked":"Singing Bowl","floor":47},{"not_picked":["Beam Cell","Static Discharge+1","Melter"],"picked":"Singing Bowl","floor":48}],"player_experience":803491,"relics_obtained":[{"floor":7.0,"key":"Meat on the Bone"},{"floor":9,"key":"Blue Candle"},{"floor":26,"key":"Singing Bowl"},{"floor":29,"key":"Toxic Egg 2"},{"floor":34,"key":"Strawberry"},{"floor":34,"key":"Gremlin Horn"},{"floor":34,"key":"Unceasing Top"},{"floor":43,"key":"Cables"},{"floor":47,"key":"DataDisk"}],"event_choices":[{"damage_healed":0.0,"max_hp_gain":5.0,"max_hp_loss":0.0,"gold_gain":0.0,"event_name":"Big Fish","player_choice":"Donut","floor":2.0,"gold_loss":0.0,"damage_taken":0.0},{"damage_healed":0.0,"max_hp_gain":0.0,"max_hp_loss":0.0,"gold_gain":0.0,"event_name":"Liars Game","player_choice":"Ignored","floor":5.0,"gold_loss":0.0,"damage_taken":0.0},{"cards_removed":["Strike_B"],"damage_healed":0,"gold_gain":0,"player_choice":"Offered Basic","damage_taken":0,"max_hp_gain":0,"max_hp_loss":0,"event_name":"Bonfire Elementals","floor":13,"gold_loss":0},{"damage_healed":0,"gold_gain":0,"player_choice":"Max HP","damage_taken":0,"max_hp_gain":0,"max_hp_loss":4,"event_name":"Winding Halls","floor":36,"gold_loss":0},{"damage_healed":0,"gold_gain":0,"cards_transformed":["Strike_B"],"player_choice":"Transformed","damage_taken":0,"max_hp_gain":0,"max_hp_loss":0,"event_name":"Transmorgrifier","floor":37,"gold_loss":0,"cards_obtained":["Machine Learning"]},{"damage_healed":0,"gold_gain":0,"player_choice":"Ignored","damage_taken":0,"max_hp_gain":0,"max_hp_loss":0,"event_name":"Tomb of Lord Red Mask","floor":39,"gold_loss":0},{"damage_healed":0,"gold_gain":0,"player_choice":"Memory 3","damage_taken":10,"max_hp_gain":0,"max_hp_loss":0,"event_name":"SensoryStone","floor":44,"gold_loss":0}],"is_beta":false,"boss_relics":[{"not_picked":["Coffee Dripper","Astrolabe"],"picked":"Inserter"},{"not_picked":["Runic Dome","Busted Crown"],"picked":"Calling Bell"}],"items_purged_floors":[22,45],"is_endless":false,"potions_floor_spawned":[1,7,10,16,21,31,35],"ascension_level":11}}