{"host":"ssbj2e5691x5ub3h","time":1608593798,"event":{"mods":["BaseMod","Duelist Mod","Minty Spire (QoL Compilation)","StSLib"],"gold_per_floor":[143,159,159,234,252,277,277,306,306,306,316,316,331,343,343,446,446,459,477,493,513,525,525,525,525,580,607,607,225,359,376,376,471,471,484,500,517,534,534,534,560,560,560,560,573,590,604,617,617,617],"floor_reached":51,"playtime":2729,"items_purged":[],"score":865,"play_id":"20dbef4f-bc36-4dad-9bdf-882cdf8fded2","local_time":"20201221213638","is_ascension_mode":true,"campfire_choices":[{"data":"theDuelist:RareDragonMetronome","floor":7.0,"key":"SMITH"},{"data":"theDuelist:OrbMetronome","floor":10.0,"key":"SMITH"},{"data":"theDuelist:OrbMetronome","floor":15.0,"key":"SMITH"},{"floor":23.0,"key":"REST"},{"data":"theDuelist:OrbMetronome","floor":25.0,"key":"SMITH"},{"data":"theDuelist:OrbMetronome","floor":32.0,"key":"SMITH"},{"data":"theDuelist:RareDragonMetronome","floor":40.0,"key":"SMITH"},{"data":"theDuelist:UndeadMetronome","floor":42.0,"key":"SMITH"},{"data":"theDuelist:Metronome","floor":44.0,"key":"SMITH"},{"floor":49,"key":"REST"}],"circlet_count":0,"master_deck":["theDuelist:AttackMetronome","theDuelist:AttackMetronome","theDuelist:AttackMetronome","theDuelist:BlockMetronome","theDuelist:BlockMetronome","theDuelist:BlockMetronome","theDuelist:Metronome","theDuelist:Metronome+1","theDuelist:PowerMetronome","theDuelist:SkillMetronome","theDuelist:SkillMetronome","theDuelist:TrapMetronome","theDuelist:UncommonAttackMetronome","theDuelist:UndeadMetronome+1","theDuelist:MegatypeMetronome","theDuelist:RareSpireMetronome","theDuelist:RareDragonMetronome+1","theDuelist:OrbMetronome+1","theDuelist:OrbMetronome+1","theDuelist:OrbMetronome+1","theDuelist:UndeadMetronome","theDuelist:MegatypeMetronome","theDuelist:MonsterMetronome+1","theDuelist:ArcaneSpellMetronome+1","theDuelist:MegatypeMetronome+1","theDuelist:RareBlockMetronome","theDuelist:Metronome","theDuelist:RareMonsterMetronome","theDuelist:RareAttackMetronome+1","theDuelist:RareSkillMetronome","theDuelist:RareDragonMetronome+1","theDuelist:OrbMetronome+1","theDuelist:LegendBlueEyesMetronome+1","theDuelist:OrbMetronome+1","theDuelist:Metronome+1","theDuelist:Metronome+1","theDuelist:MachineMonsterMetronome","theDuelist:MachineMonsterMetronome+1","theDuelist:RareSpireMetronome+1","theDuelist:MegatypeMetronome"],"relics":["theDuelist:MillenniumPuzzle","theDuelist:CardPoolRelic","theDuelist:CardPoolBasicRelic","theDuelist:BoosterPackPoolRelic","theDuelist:CardPoolAddRelic","theDuelist:CardPoolMinusRelic","theDuelist:CardPoolSaveRelic","theDuelist:CardPoolOptionsRelic","Eternal Feather","theDuelist:ElectricBurst","theDuelist:SummonAnchorRare","SlaversCollar","Juzu Bracelet","Gremlin Horn","Toy Ornithopter","Letter Opener","theDuelist:MillenniumCoin","Velvet Choker","theDuelist:MetronomeRelicB","Mummified Hand","Frozen Eye"],"acts_visited":["Exordium","TheCity","TheBeyond"],"potions_floor_usage":[48,48,48],"damage_taken":[{"damage":10.0,"enemies":"Jaw Worm","floor":1.0,"turns":3.0},{"damage":0.0,"enemies":"Small Slimes","floor":2.0,"turns":3.0},{"damage":0.0,"enemies":"2 Louse","floor":5.0,"turns":3.0},{"damage":9.0,"enemies":"3 Sentries","floor":6.0,"turns":5.0},{"damage":1.0,"enemies":"Lagavulin","floor":8.0,"turns":4.0},{"damage":5.0,"enemies":"Exordium Wildlife","floor":11.0,"turns":3.0},{"damage":4.0,"enemies":"3 Louse","floor":13.0,"turns":3.0},{"damage":9.0,"enemies":"Red Slaver","floor":14.0,"turns":4.0},{"damage":3.0,"enemies":"The Guardian","floor":16.0,"turns":4.0},{"damage":10.0,"enemies":"Shell Parasite","floor":18.0,"turns":2.0},{"damage":0.0,"enemies":"2 Thieves","floor":19.0,"turns":3.0},{"damage":66.0,"enemies":"Snecko","floor":20.0,"turns":8.0},{"damage":11.0,"enemies":"Chosen and Byrds","floor":21.0,"turns":5.0},{"damage":0.0,"enemies":"Snake Plant","floor":22.0,"turns":2.0},{"damage":15.0,"enemies":"theDuelist:KaibaA2","floor":27.0,"turns":3.0},{"damage":0.0,"enemies":"Gremlin Leader","floor":30.0,"turns":4.0},{"damage":3.0,"enemies":"3 Cultists","floor":31.0,"turns":5.0},{"damage":25.0,"enemies":"Automaton","floor":33.0,"turns":7.0},{"damage":0.0,"enemies":"3 Shapes","floor":35.0,"turns":3.0},{"damage":15.0,"enemies":"3 Darklings","floor":36.0,"turns":4.0},{"damage":2.0,"enemies":"Maw","floor":37.0,"turns":6.0},{"damage":0.0,"enemies":"Transient","floor":38.0,"turns":5.0},{"damage":29.0,"enemies":"Writhing Mass","floor":45.0,"turns":4.0},{"damage":41,"enemies":"Spire Growth","floor":46,"turns":4},{"damage":24,"enemies":"Transient","floor":47,"turns":5},{"damage":0,"enemies":"Jaw Worm Horde","floor":48,"turns":3},{"damage":8,"enemies":"Awakened One","floor":50,"turns":10}],"seed_played":"-8119245452873580633","potions_obtained":[{"floor":2.0,"key":"DistilledChaos"},{"floor":8.0,"key":"DistilledChaos"},{"floor":13.0,"key":"theDuelist:BigOrbBottle"},{"floor":14.0,"key":"Explosive Potion"},{"floor":18.0,"key":"Dexterity Potion"},{"floor":20.0,"key":"theDuelist:GiftPotion"},{"floor":33.0,"key":"theDuelist:ElectricBrew"},{"floor":37.0,"key":"theDuelist:FreezingPotion"},{"floor":45.0,"key":"theDuelist:BurningPotion"},{"floor":47,"key":"BlessingOfTheForge"}],"is_trial":false,"path_per_floor":["M","M","?","?","M","E","R","E","T","R","M","?","M","M","R","B",null,"M","M","M","M","M","R","?","R","T","E","?","$","E","M","R","B",null,"M","M","M","M","$","R","T","R","T","R","M","M","M","M","R","B",null],"character_chosen":"THE_DUELIST","items_purchased":["Letter Opener","theDuelist:RareSkillMetronome"],"campfire_rested":2,"item_purchase_floors":[29,29],"current_hp_per_floor":[78,78,78,67,67,58,67,66,66,78,73,78,74,65,77,74,93,83,83,17,6,6,48,79,93,93,78,78,78,92,89,93,68,93,90,75,73,73,73,81,81,81,81,81,70,29,5,22,68,60],"gold":617,"neow_bonus":"TEN_PERCENT_HP_BONUS","is_daily":false,"chose_seed":false,"campfire_upgraded":8,"win_rate":0.0,"timestamp":1608593798,"path_taken":["M","M","?","?","?","E","R","E","T","R","M","?","M","M","R","BOSS","M","M","M","M","M","R","?","R","T","E","?","$","E","M","R","BOSS","M","M","M","M","$","R","?","R","T","R","M","M","M","M","R","BOSS"],"items_purchased_type":["Relic","Card"],"build_version":"2020-12-13","purchased_purges":0,"victory":true,"max_hp_per_floor":[88,88,88,88,88,88,88,88,88,88,88,93,93,93,93,93,93,93,93,93,93,93,93,93,93,93,93,93,93,93,93,93,93,93,90,87,84,81,81,81,81,81,81,81,78,75,72,74,74,74],"card_choices":[{"not_picked":["theDuelist:UncommonMonsterMetronome","theDuelist:PelagicMetronome","theDuelist:ArcaneSpellMetronome","theDuelist:OjamaMetronome"],"picked":"theDuelist:UndeadMetronome","floor":1.0},{"not_picked":["theDuelist:SuperheavyMetronome","theDuelist:SpellcasterMetronome","theDuelist:RareNatureMetronome","theDuelist:MachineMonsterMetronome"],"picked":"theDuelist:MegatypeMetronome","floor":2.0},{"not_picked":["theDuelist:RecklessMetronome","theDuelist:RareNatureMetronome","theDuelist:MayakashiMetronome","theDuelist:GemKnightMetronome"],"picked":"theDuelist:RareSpireMetronome","floor":5.0},{"not_picked":["theDuelist:ShiranuiMetronome","theDuelist:FiendMetronome","theDuelist:FieldMetronome","theDuelist:AquaMetronome"],"picked":"theDuelist:RareDragonMetronome","floor":6.0},{"not_picked":["theDuelist:SpellMetronome","theDuelist:ShiranuiMetronome","theDuelist:MegatypeMetronome","theDuelist:CommonSpireMetronome"],"picked":"theDuelist:OrbMetronome","floor":8.0},{"not_picked":["theDuelist:UndeadMetronome","theDuelist:RareAttackMetronome","theDuelist:InsectMetronome","theDuelist:ArcaneMetronome"],"picked":"theDuelist:OrbMetronome","floor":11.0},{"not_picked":["theDuelist:ZombieMetronome","theDuelist:ThalassicMetronome","theDuelist:MaliciousMetronome","theDuelist:DragonMetronome"],"picked":"theDuelist:OrbMetronome","floor":13.0},{"not_picked":["theDuelist:TidalMetronome","theDuelist:RarePowerMetronome","theDuelist:CyberMetronome","theDuelist:AttackTrapMetronome"],"picked":"theDuelist:UndeadMetronome","floor":14.0},{"not_picked":["theDuelist:TidalMetronome","theDuelist:MaliciousMetronome","theDuelist:AttackMetronome","theDuelist:OjamaMetronome"],"picked":"theDuelist:MegatypeMetronome","floor":16.0},{"not_picked":["theDuelist:RarePowerMetronome","theDuelist:PredaplantMetronome","theDuelist:MachineMetronome","theDuelist:FieldMetronome"],"picked":"theDuelist:ArcaneSpellMetronome+1","floor":18.0},{"not_picked":["theDuelist:PlantMetronome","theDuelist:CombatMetronome+1","theDuelist:AttackMetronome","theDuelist:AncientMetronome"],"picked":"theDuelist:MegatypeMetronome+1","floor":19.0},{"not_picked":["theDuelist:StartingDeckMetronome","theDuelist:MonsterMetronome","theDuelist:ArcaneSpellMetronome","theDuelist:OjamaMetronome"],"picked":"theDuelist:RareBlockMetronome","floor":20.0},{"not_picked":["theDuelist:StampedingMetronome","theDuelist:RarePowerMetronome","theDuelist:RareMonsterMetronome","theDuelist:MagnetMetronome+1"],"picked":"theDuelist:Metronome","floor":21.0},{"not_picked":["theDuelist:ZombieMetronome","theDuelist:RareNatureMetronome","theDuelist:PowerMetronome+1","theDuelist:FiendMetronome"],"picked":"theDuelist:RareMonsterMetronome","floor":22.0},{"not_picked":["theDuelist:UncommonMetronome","theDuelist:SkillMetronome","theDuelist:RareDragonMetronome+1","theDuelist:GemKnightMetronome"],"picked":"theDuelist:RareAttackMetronome+1","floor":27.0},{"not_picked":["theDuelist:RareBlockMetronome","theDuelist:LabyrinthNightmareMetronome","theDuelist:BlockMetronome","theDuelist:AttackMetronome+1"],"picked":"theDuelist:RareDragonMetronome","floor":30.0},{"not_picked":["theDuelist:ZombieMetronome","theDuelist:RecklessMetronome","theDuelist:DeskbotMetronome+1","theDuelist:AttackMetronome"],"picked":"theDuelist:OrbMetronome","floor":31.0},{"not_picked":["theDuelist:ThalassicMetronome","theDuelist:RareMonsterMetronome","theDuelist:PowerMetronome","theDuelist:BlockSpellMetronome"],"picked":"theDuelist:LegendBlueEyesMetronome+1","floor":33.0},{"not_picked":["theDuelist:VampireMetronome","theDuelist:UncommonSpireMetronome+1","theDuelist:ThalassicMetronome+1","theDuelist:MonsterMetronome","theDuelist:AttackMetronome"],"picked":"SKIP","floor":35.0},{"not_picked":["theDuelist:RecklessMetronome","theDuelist:MaliciousMetronome","theDuelist:MagnetMetronome+1","theDuelist:BlockSpellMetronome"],"picked":"theDuelist:OrbMetronome+1","floor":36.0},{"not_picked":["theDuelist:SkillMetronome+1","theDuelist:PelagicMetronome+1","theDuelist:MonsterMetronome+1","theDuelist:MagnetMetronome+1"],"picked":"theDuelist:Metronome+1","floor":37.0},{"not_picked":["theDuelist:PotMetronome","theDuelist:BlockSpellMetronome","theDuelist:ArcaneMonsterMetronome","theDuelist:AquaMetronome+1"],"picked":"theDuelist:Metronome+1","floor":38.0},{"not_picked":["theDuelist:RareSpireMetronome+1","theDuelist:MagnetMetronome+1","theDuelist:LegendBlueEyesMetronome+1","theDuelist:CombatMetronome"],"picked":"theDuelist:MachineMonsterMetronome","floor":45.0},{"not_picked":["theDuelist:MetalRaidersMetronome+1","theDuelist:MonsterMetronome","theDuelist:PlantMetronome","theDuelist:VampireMetronome+1"],"picked":"theDuelist:MachineMonsterMetronome+1","floor":46},{"not_picked":["theDuelist:AncientMetronome","theDuelist:SkillMetronome","theDuelist:SpiderMetronome","theDuelist:UncommonAttackMetronome"],"picked":"theDuelist:RareSpireMetronome+1","floor":47},{"not_picked":["theDuelist:DinosaurMetronome+1","theDuelist:MachineMonsterMetronome","theDuelist:SpellcasterMetronome+1","theDuelist:StampedingMetronome"],"picked":"theDuelist:MegatypeMetronome","floor":48}],"player_experience":184848,"relics_obtained":[{"floor":6.0,"key":"Eternal Feather"},{"floor":8.0,"key":"theDuelist:ElectricBurst"},{"floor":9.0,"key":"theDuelist:SummonAnchorRare"},{"floor":26.0,"key":"Juzu Bracelet"},{"floor":27.0,"key":"Gremlin Horn"},{"floor":30.0,"key":"theDuelist:MillenniumCoin"},{"floor":41.0,"key":"theDuelist:MetronomeRelicB"},{"floor":43.0,"key":"Mummified Hand"}],"event_choices":[{"damage_healed":0.0,"max_hp_gain":0.0,"max_hp_loss":0.0,"gold_gain":0.0,"event_name":"The Cleric","player_choice":"Leave","floor":3.0,"gold_loss":0.0,"damage_taken":0.0},{"damage_healed":0.0,"max_hp_gain":0.0,"max_hp_loss":0.0,"gold_gain":75.0,"event_name":"World of Goop","player_choice":"Gather Gold","floor":4.0,"gold_loss":0.0,"damage_taken":11.0},{"damage_healed":0.0,"max_hp_gain":5.0,"max_hp_loss":0.0,"gold_gain":0.0,"event_name":"Big Fish","player_choice":"Donut","floor":12.0,"gold_loss":0.0,"damage_taken":0.0},{"damage_healed":31.0,"max_hp_gain":0.0,"max_hp_loss":0.0,"gold_gain":0.0,"event_name":"The Library","player_choice":"Heal","floor":24.0,"gold_loss":0.0,"damage_taken":0.0},{"cards_removed":["theDuelist:AttackMetronome"],"damage_healed":0.0,"max_hp_gain":0.0,"max_hp_loss":0.0,"gold_gain":0.0,"event_name":"WeMeetAgain","player_choice":"Gave Card","floor":28.0,"gold_loss":0.0,"damage_taken":0.0,"relics_obtained":["Toy Ornithopter"]}],"is_beta":false,"boss_relics":[{"not_picked":["Runic Pyramid","SacredBark"],"picked":"SlaversCollar"},{"not_picked":["Tiny House","Runic Cube"],"picked":"Velvet Choker"}],"items_purged_floors":[],"is_endless":false,"potions_floor_spawned":[2,8,13,14,18,20,22,33,37,45,47],"ascension_level":1}}