{"host":"684z1xpuwaoqmmh1","time":1608549071,"event":{"mods":["BaseMod","Downfall","Hermit","Jorbs\u0027s Wanderer Trilogy","Marisa????????","Minty Spire (QoL Compilation)","StSLib","The Hierophant","The Mystic"],"gold_per_floor":[109,109,8,83,83,109,109,141,165,180,197,197,210,238,238,340,340,352,367,380,380,380,380,380,380],"floor_reached":24,"playtime":817,"items_purged":["hermit:Strike_Hermit"],"score":370,"play_id":"85af1070-73c0-4c38-881c-ad8dcf041c92","local_time":"20201221131111","is_ascension_mode":true,"campfire_choices":[{"data":"hermit:Dive","floor":7.0,"key":"SMITH"},{"data":"hermit:BigShot","floor":15.0,"key":"SMITH"},{"floor":23,"key":"DIG"}],"circlet_count":0,"master_deck":["hermit:Strike_Hermit+1","hermit:Strike_Hermit+1","hermit:Strike_Hermit+1","hermit:Defend_Hermit+1","hermit:Defend_Hermit+1","hermit:Defend_Hermit+1","hermit:Defend_Hermit+1","hermit:Snapshot","hermit:Covet","hermit:GoldenBullet","hermit:Headshot","expansioncontent:Sear","hermit:Dive+1","hermit:BigShot+1","hermit:Roughhouse","hermit:Enervate"],"relics":["hermit:Momento","NeowsBlessing","Regal Pillow","Smiling Mask","Omamori","Toy Ornithopter","Guardian:GemstoneGun","Calling Bell","MealTicket","White Beast Statue","Shovel","Pear"],"acts_visited":["Exordium","TheCity"],"potions_floor_usage":[20,24],"damage_taken":[{"damage":0.0,"enemies":"Small Slimes","floor":1.0,"turns":1.0},{"damage":0.0,"enemies":"Gremlin Nob","floor":6.0,"turns":2.0},{"damage":0.0,"enemies":"Lagavulin","floor":8.0,"turns":2.0},{"damage":7.0,"enemies":"Jaw Worm","floor":10.0,"turns":3.0},{"damage":8.0,"enemies":"Cultist","floor":11.0,"turns":4.0},{"damage":0.0,"enemies":"Exordium Thugs","floor":13.0,"turns":3.0},{"damage":1.0,"enemies":"Gremlin Nob","floor":14.0,"turns":3.0},{"damage":13.0,"enemies":"The Guardian","floor":16.0,"turns":15.0},{"damage":0.0,"enemies":"Chosen","floor":18.0,"turns":3.0},{"damage":12.0,"enemies":"Shell Parasite","floor":19.0,"turns":5.0},{"damage":10,"enemies":"Chosen and Byrds","floor":20,"turns":4},{"damage":83,"enemies":"Book of Stabbing","floor":24,"turns":5}],"seed_played":"3514715723482497054","potions_obtained":[{"floor":1.0,"key":"SpeedPotion"},{"floor":6.0,"key":"Regen Potion"},{"floor":10.0,"key":"hermit:Tonic"},{"floor":18.0,"key":"hermit:Tonic"},{"floor":19.0,"key":"LiquidBronze"},{"floor":20,"key":"SteroidPotion"}],"is_trial":false,"path_per_floor":["M","?","$","?","?","E","R","E","T","M","M","T","M","E","R","B",null,"M","M","M","?","?","R","E"],"character_chosen":"HERMIT","items_purchased":["hermit:Headshot"],"campfire_rested":0,"item_purchase_floors":[3],"current_hp_per_floor":[68,61,61,50,50,50,50,50,50,43,35,35,35,39,39,26,63,63,56,51,51,51,61,0,0],"gold":380,"neow_bonus":"THREE_ENEMY_KILL","is_daily":false,"chose_seed":false,"campfire_upgraded":2,"win_rate":0.0,"timestamp":1608549071,"path_taken":["M","?","$","?","?","E","R","E","T","?","M","?","M","E","R","BOSS","M","M","M","?","?","R","E"],"items_purchased_type":["Card"],"build_version":"2020-12-13","purchased_purges":1,"victory":false,"max_hp_per_floor":[75,75,75,75,75,75,75,75,75,75,75,75,75,75,75,75,75,75,75,75,75,75,85,85,85],"card_choices":[{"not_picked":["hermit:Showdown","hermit:Gestalt"],"picked":"hermit:GoldenBullet","floor":1.0},{"not_picked":["hermit:SprayPray","hermit:Malice"],"picked":"hermit:Dive","floor":6.0},{"not_picked":["hermit:CalledShot","hermit:Dive"],"picked":"hermit:BigShot","floor":8.0},{"not_picked":["hermit:Malice","hermit:Feint","hermit:Shortfuse"],"picked":"SKIP","floor":10.0},{"not_picked":["hermit:WideOpen","hermit:Cheat","hermit:TakeCover"],"picked":"SKIP","floor":11.0},{"not_picked":["hermit:CalledShot","hermit:TrackingShot","hermit:Roulette"],"picked":"SKIP","floor":13.0},{"not_picked":["hermit:HoleUp","hermit:NoHoldsBarred","hermit:Roulette"],"picked":"SKIP","floor":14.0},{"not_picked":["hermit:OverwhelmingPower","hermit:HeroicBravado"],"picked":"hermit:Roughhouse","floor":16.0},{"not_picked":["hermit:Vantage","hermit:Combo"],"picked":"hermit:Enervate","floor":18.0},{"not_picked":["hermit:Horror","hermit:Glare","hermit:Roulette+1"],"picked":"SKIP","floor":19.0},{"not_picked":["hermit:GoldenBullet","hermit:Maintenance","hermit:DeadMansHand"],"picked":"SKIP","floor":20}],"player_experience":2356700,"relics_obtained":[{"floor":6.0,"key":"Smiling Mask"},{"floor":8.0,"key":"Omamori"},{"floor":9.0,"key":"Toy Ornithopter"},{"floor":14.0,"key":"Guardian:GemstoneGun"},{"floor":17.0,"key":"MealTicket"},{"floor":17.0,"key":"White Beast Statue"},{"floor":17.0,"key":"Shovel"},{"floor":23,"key":"Pear"}],"event_choices":[{"damage_healed":0.0,"max_hp_gain":0.0,"max_hp_loss":0.0,"gold_gain":0.0,"event_name":"Scrap Ooze","player_choice":"Success","floor":2.0,"gold_loss":0.0,"damage_taken":7.0,"relics_obtained":["Regal Pillow"]},{"damage_healed":0.0,"max_hp_gain":0.0,"max_hp_loss":0.0,"gold_gain":75.0,"event_name":"World of Goop","player_choice":"Gather Gold","floor":4.0,"gold_loss":0.0,"damage_taken":11.0},{"damage_healed":0.0,"max_hp_gain":0.0,"max_hp_loss":0.0,"gold_gain":0.0,"event_name":"Match and Keep!","player_choice":"1 cards matched","floor":5.0,"gold_loss":0.0,"damage_taken":0.0,"cards_obtained":["expansioncontent:Sear"]},{"damage_healed":0,"gold_gain":0,"player_choice":"Simplicity","damage_taken":0,"max_hp_gain":0,"max_hp_loss":0,"event_name":"Back to Basics","floor":21,"gold_loss":0,"cards_upgraded":["hermit:Strike_Hermit","hermit:Strike_Hermit","hermit:Strike_Hermit","hermit:Defend_Hermit","hermit:Defend_Hermit","hermit:Defend_Hermit","hermit:Defend_Hermit"]},{"damage_healed":0,"gold_gain":0,"player_choice":"Ignored","damage_taken":0,"max_hp_gain":0,"max_hp_loss":0,"event_name":"Vampires","floor":22,"gold_loss":0}],"is_beta":false,"boss_relics":[{"not_picked":["Snecko Eye","Black Star"],"picked":"Calling Bell"}],"items_purged_floors":[3],"is_endless":false,"potions_floor_spawned":[1,6,10,18,19,20],"killed_by":"Book of Stabbing","ascension_level":8}}