{"host":"sav7uxregyirlf69","time":1608530448,"event":{"mods":["AchievementEnabler","BaseMod","Colored Map","DeckTracker","Keyboard Shortcuts","Minty Spire (QoL Compilation)","READ ME - Guardian Mod","StSLib","SuperFastMode"],"gold_per_floor":[110,128,53,53,70,70,80,80,105,125,25,60,60,131,131,131,131],"floor_reached":16,"playtime":241,"items_purged":["Strike_G","Strike_G"],"score":150,"play_id":"f630aa6d-eadf-45c3-9f44-25b7e9e36d2f","local_time":"20201221150048","is_ascension_mode":true,"campfire_choices":[{"data":"Crippling Poison","floor":6,"key":"SMITH"},{"data":"Setup","floor":8,"key":"SMITH"},{"data":"Neutralize","floor":15,"key":"SMITH"}],"circlet_count":0,"master_deck":["AscendersBane","Strike_G","Strike_G","Defend_G","Defend_G","Defend_G","Defend_G","Defend_G","Survivor+1","Neutralize+1","Crippling Poison+1","Poisoned Stab","Bouncing Flask","Setup+1","Acrobatics+1","Calculated Gamble"],"relics":["Ring of the Snake","NeowsBlessing","Toy Ornithopter","War Paint"],"acts_visited":["Exordium"],"potions_floor_usage":[12,12,16],"damage_taken":[{"damage":0,"enemies":"Jaw Worm","floor":1,"turns":1},{"damage":0,"enemies":"Cultist","floor":2,"turns":1},{"damage":0,"enemies":"Small Slimes","floor":5,"turns":1},{"damage":7,"enemies":"Blue Slaver","floor":7,"turns":4},{"damage":6,"enemies":"Looter","floor":10,"turns":3},{"damage":38,"enemies":"3 Sentries","floor":12,"turns":14},{"damage":31,"enemies":"Slime Boss","floor":16,"turns":8}],"seed_played":"6143217376738434373","potions_obtained":[{"floor":2,"key":"Poison Potion"},{"floor":7,"key":"Explosive Potion"},{"floor":10,"key":"Ancient Potion"}],"is_trial":false,"path_per_floor":["M","M","$","?","M","R","M","R","T","M","$","E","$","T","R","B"],"character_chosen":"THE_SILENT","items_purchased":[],"campfire_rested":0,"item_purchase_floors":[],"current_hp_per_floor":[63,63,63,63,63,63,56,56,56,50,50,22,22,22,22,0,0],"gold":131,"neow_bonus":"THREE_ENEMY_KILL","is_daily":false,"chose_seed":false,"campfire_upgraded":3,"win_rate":0.0,"timestamp":1608530448,"path_taken":["M","M","$","?","?","R","M","R","T","M","?","E","?","?","R","BOSS"],"items_purchased_type":[],"build_version":"2020-12-13","purchased_purges":2,"victory":false,"max_hp_per_floor":[70,70,70,70,70,70,70,70,70,70,70,70,70,70,70,70,70],"card_choices":[{"not_picked":["Dagger Throw","Dagger Spray"],"picked":"Crippling Poison","floor":1},{"not_picked":["Flying Knee","Caltrops"],"picked":"Poisoned Stab","floor":2},{"not_picked":["Choke","Poisoned Stab"],"picked":"Bouncing Flask","floor":5},{"not_picked":["Cloak And Dagger","Dagger Spray"],"picked":"Setup","floor":7},{"not_picked":["Masterful Stab","A Thousand Cuts"],"picked":"Acrobatics","floor":10},{"not_picked":["Cloak And Dagger","Caltrops"],"picked":"Calculated Gamble","floor":12}],"player_experience":973093,"relics_obtained":[{"floor":9,"key":"Toy Ornithopter"},{"floor":12,"key":"War Paint"}],"event_choices":[{"cards_removed":["Strike_G"],"damage_healed":0,"gold_gain":0,"player_choice":"Purged","damage_taken":0,"max_hp_gain":0,"max_hp_loss":0,"event_name":"Purifier","floor":4,"gold_loss":0}],"is_beta":false,"boss_relics":[],"items_purged_floors":[3,11],"is_endless":false,"potions_floor_spawned":[2,7,10],"killed_by":"Slime Boss","ascension_level":10}}