{"host":"hjw1ay65n7jm40lc","time":1608564562,"event":{"mods":["AchievementEnabler","BaseMod","Block Reminder","Colored Map","Colored Powertips","Downfall","Googly Eyes","Highlight Path","Minty Spire (QoL Compilation)","Quick Restart","Relic Stats","StSLib"],"gold_per_floor":[99,131,144,144,158,187,187,93,93,124,138,413,16,30,47,148,148,148,161,161,261,271,297,297,331,331,359,378,494,494,509,528,628,628,628,646,1645,1316,1349,1274,1274,1306,1231,1262,1262,1412,1429,1443,1454,1454],"floor_reached":51,"playtime":7374,"items_purged":["Regret","Guardian:SentryBeam"],"score":1456,"play_id":"1da7a9be-8a9f-47a5-ac68-2079f54e118f","local_time":"20201221102922","is_ascension_mode":true,"campfire_choices":[{"data":"Guardian:TwinSlam","floor":1.0,"key":"SMITH"},{"data":"Guardian:CompilePackage","floor":4.0,"key":"SMITH"},{"data":"Guardian:FuturePlans","floor":9.0,"key":"SMITH"},{"data":"Guardian:Orbwalk","floor":18.0,"key":"SMITH"},{"data":"Guardian:CurlUp","floor":20.0,"key":"SMITH"},{"data":"Guardian:FierceBash","floor":26.0,"key":"SMITH"},{"floor":35,"key":"RECALL"},{"floor":40,"key":"REST"},{"floor":43,"key":"REST"}],"circlet_count":0,"master_deck":["Guardian:CurlUp+1","Guardian:TwinSlam+1","Guardian:ShieldCharger","Guardian:Emergency+1","Guardian:RevengeProtocol","Guardian:BronzeOrb","Guardian:GemFinder","Guardian:SphericShield","Guardian:CompilePackage+1","Guardian:PiercingHide","Guardian:Orbwalk+1","Guardian:Clone","Guardian:FuturePlans+1","Guardian:WalkerClaw","Guardian:Clone+1","Guardian:FierceBash+1","Guardian:Incinerate","Guardian:GemFire","Guardian:FastForward","Guardian:Planning+1","Guardian:EvasiveProtocol+1","Guardian:WalkerClaw+1","Guardian:TimeBomb+1","Guardian:StasisStrike","Guardian:Orbwalk+1","expansioncontent:Hexaburn","expansioncontent:TimeRipple","Guardian:PolyBeam+1"],"relics":["Pandora\u0027s Box","Darkstone Periapt","HornCleat","Bottled Lightning","Frozen Egg 2","Membership Card","Singing Bowl","Busted Crown","downfall:GremlinWheel","Bottled Tornado","Eternal Feather","Vajra","Guardian:StasisCodex","Strange Spoon","Letter Opener","Fusion Hammer","Sling","Art of War","War Paint","Bag of Preparation","downfall:HeartBlessingRed","Question Card","Pantograph","downfall:HeartBlessingGreen","Mercury Hourglass"],"acts_visited":["Exordium","TheCity","TheBeyond"],"potions_floor_usage":[27,29,33,36,42,50],"damage_taken":[{"damage":0.0,"enemies":"Lagavulin","floor":2.0,"turns":7.0},{"damage":0.0,"enemies":"2 Louse","floor":3.0,"turns":2.0},{"damage":0.0,"enemies":"Cultist","floor":5.0,"turns":3.0},{"damage":0.0,"enemies":"Gremlin Nob","floor":6.0,"turns":3.0},{"damage":0.0,"enemies":"downfall:FleeingMerchant","floor":8.0,"turns":4.0},{"damage":3.0,"enemies":"3 Sentries","floor":10.0,"turns":3.0},{"damage":7.0,"enemies":"Jaw Worm","floor":11.0,"turns":3.0},{"damage":2.0,"enemies":"downfall:FleeingMerchant","floor":13.0,"turns":4.0},{"damage":0.0,"enemies":"Gremlin Gang","floor":14.0,"turns":3.0},{"damage":0.0,"enemies":"Red Slaver","floor":15.0,"turns":3.0},{"damage":0.0,"enemies":"downfall:Defect","floor":16.0,"turns":4.0},{"damage":0.0,"enemies":"3 Byrds","floor":19.0,"turns":3.0},{"damage":0.0,"enemies":"3 Byrds","floor":21.0,"turns":3.0},{"damage":0.0,"enemies":"Snake Plant","floor":22.0,"turns":4.0},{"damage":6.0,"enemies":"Book of Stabbing","floor":23.0,"turns":4.0},{"damage":15.0,"enemies":"Slavers","floor":25.0,"turns":4.0},{"damage":0,"enemies":"Gremlin Leader","floor":27,"turns":4},{"damage":0,"enemies":"Centurion and Healer","floor":28,"turns":3},{"damage":0,"enemies":"downfall:FleeingMerchant","floor":29,"turns":4},{"damage":0,"enemies":"Snecko","floor":31,"turns":4},{"damage":0,"enemies":"Snake Plant","floor":32,"turns":1},{"damage":0,"enemies":"downfall:Watcher","floor":33,"turns":6},{"damage":5,"enemies":"3 Shapes","floor":36,"turns":4},{"damage":0,"enemies":"Reptomancer","floor":39,"turns":4},{"damage":7,"enemies":"Nemesis","floor":42,"turns":5},{"damage":7,"enemies":"Giant Head","floor":44,"turns":4},{"damage":0,"enemies":"Orb Walker","floor":47,"turns":2},{"damage":0,"enemies":"Sphere and 2 Shapes","floor":48,"turns":2},{"damage":17,"enemies":"Transient","floor":49,"turns":5},{"damage":0,"enemies":"downfall:Ironclad","floor":50,"turns":5}],"seed_played":"1498446406455755151","potions_obtained":[{"floor":6.0,"key":"champ:CounterPotion"},{"floor":10.0,"key":"Swift Potion"},{"floor":11.0,"key":"Guardian:AcceleratePotion"},{"floor":14.0,"key":"SteroidPotion"},{"floor":21.0,"key":"LiquidMemories"},{"floor":22.0,"key":"EssenceOfSteel"},{"floor":25.0,"key":"CultistPotion"},{"floor":27,"key":"AttackPotion"},{"floor":31,"key":"AttackPotion"},{"floor":33,"key":"Swift Potion"},{"floor":36,"key":"EntropicBrew"},{"floor":42,"key":"Fire Potion"},{"floor":44,"key":"Guardian:AcceleratePotion"}],"is_trial":false,"path_per_floor":["R","E","M","R","M","E","T","$","R","E","M","?","$","M","M","B",null,"R","M","R","?","M","E","T","E","R","E","M","$","T","M","M","B",null,"R","M","?","$","E","R","T","E","R","E","?","?","M","M","M","B",null],"character_chosen":"GUARDIAN","items_purchased":["Guardian:FuturePlans","Guardian:WalkerClaw","Membership Card","Singing Bowl","Guardian:Gem_Blue","Guardian:Incinerate","Guardian:Gem_Orange","Guardian:EvasiveProtocol+1","Strange Spoon","Guardian:StasisStrike","Guardian:Orbwalk+1","Sling","Art of War","War Paint"],"campfire_rested":2,"item_purchase_floors":[8,8,13,13,13,13,29,29,29,38,38,38,38,38],"current_hp_per_floor":[80,80,80,80,80,80,80,80,80,77,70,76,74,74,76,78,90,90,94,94,94,96,94,94,83,95,99,99,101,101,103,103,107,116,116,115,115,115,119,124,124,121,128,125,117,117,119,123,110,135],"gold":1454,"neow_bonus":"BOSS_RELIC","is_daily":false,"chose_seed":false,"campfire_upgraded":6,"win_rate":0.0,"timestamp":1608564562,"path_taken":["R","E","M","R","M","E","T","$","R","E","M","?","$","?","M","BOSS","R","M","R","?","?","E","T","E","R","E","M","$","?","M","M","BOSS","R","M","?","$","E","R","T","E","R","E","?","?","M","?","M","BOSS"],"items_purchased_type":["Card","Card","Relic","Relic","Card","Card","Card","Card","Relic","Card","Card","Relic","Relic","Relic"],"build_version":"2020-12-13","purchased_purges":2,"victory":true,"max_hp_per_floor":[80,80,80,80,80,80,80,80,80,80,80,86,86,86,88,90,90,90,94,94,94,96,100,100,104,104,108,108,110,110,112,112,116,116,116,120,120,120,124,124,124,128,128,132,134,134,136,140,144,144],"relic_stats":{"Darkstone Periapt":6,"Singing Bowl":58,"counters":[30,110],"Eternal Feather":24,"Bag of Preparation":[12],"Letter Opener":[177],"War Paint":["Guardian:Emergency","Guardian:Clone"],"Question Card":16,"Mercury Hourglass":[30],"Strange Spoon":[48],"Busted Crown":74,"Pantograph":25,"Pandora\u0027s Box":["Guardian:ShieldCharger","Guardian:Gem_Cyan","Guardian:Emergency","Guardian:SentryBeam","Guardian:RevengeProtocol","Guardian:BronzeOrb","Guardian:GemFinder","Guardian:SphericShield"],"Art of War":[1],"obtain_stats":[{"Darkstone Periapt":2,"Singing Bowl":13,"Vajra":25,"Guardian:StasisCodex":27,"downfall:HeartBlessingGreen":43,"Bag of Preparation":39,"Bottled Tornado":23,"Sling":38,"HornCleat":6,"downfall:GremlinWheel":21,"Pantograph":42,"Fusion Hammer":34,"downfall:HeartBlessingRed":40,"Guardian:ModeShifter":0,"Eternal Feather":24,"Omamori":35,"Letter Opener":30,"Frozen Egg 2":10,"War Paint":38,"Question Card":41,"Mercury Hourglass":44,"Strange Spoon":29,"Busted Crown":17,"Pandora\u0027s Box":0,"Art of War":38,"Bottled Lightning":7,"Membership Card":13},{"Darkstone Periapt":1,"Singing Bowl":8,"Vajra":16,"Guardian:StasisCodex":17,"downfall:HeartBlessingGreen":25,"Bag of Preparation":24,"Bottled Tornado":15,"Sling":23,"HornCleat":4,"downfall:GremlinWheel":13,"Pantograph":25,"Fusion Hammer":22,"downfall:HeartBlessingRed":24,"Guardian:ModeShifter":0,"Eternal Feather":15,"Omamori":22,"Letter Opener":19,"Frozen Egg 2":6,"War Paint":23,"Question Card":24,"Mercury Hourglass":26,"Strange Spoon":19,"Busted Crown":11,"Pandora\u0027s Box":0,"Art of War":23,"Bottled Lightning":4,"Membership Card":8},{"Darkstone Periapt":7,"Singing Bowl":29,"Vajra":57,"Guardian:StasisCodex":61,"downfall:HeartBlessingGreen":92,"Bag of Preparation":87,"Bottled Tornado":53,"Sling":83,"HornCleat":15,"downfall:GremlinWheel":45,"Pantograph":92,"Fusion Hammer":79,"downfall:HeartBlessingRed":87,"Guardian:ModeShifter":0,"Eternal Feather":53,"Omamori":79,"Letter Opener":68,"Frozen Egg 2":22,"War Paint":83,"Question Card":87,"Mercury Hourglass":96,"Strange Spoon":68,"Busted Crown":39,"Pandora\u0027s Box":0,"Art of War":83,"Bottled Lightning":15,"Membership Card":29}]},"card_choices":[{"not_picked":["Guardian:Gem_Green","Guardian:Gem_Lightblue"],"picked":"Guardian:Gem_Cyan","floor":2.0},{"not_picked":["Guardian:Reroute","Guardian:Recover"],"picked":"Guardian:CompilePackage","floor":2.0},{"not_picked":["Guardian:CrystalBeam","Guardian:BronzeArmor"],"picked":"Guardian:PiercingHide","floor":3.0},{"not_picked":["Guardian:Gem_Lightblue","Guardian:Gem_Cyan"],"picked":"Guardian:Gem_Red","floor":5.0},{"not_picked":["Guardian:Planning","Guardian:Gem_Lightblue"],"picked":"Guardian:Orbwalk","floor":5.0},{"not_picked":["Guardian:Gem_Green","Guardian:Gem_Lightblue"],"picked":"Guardian:Gem_Cyan","floor":6.0},{"not_picked":["Guardian:Gem_Red","Guardian:Gem_Green"],"picked":"Guardian:Clone","floor":6.0},{"not_picked":["Guardian:Orbwalk","Guardian:CrystalBeam"],"picked":"Guardian:Gem_Purple","floor":8.0},{"not_picked":["Guardian:RollAttack","Guardian:Reroute"],"picked":"Guardian:Clone","floor":10.0},{"not_picked":["Guardian:TemporalShield","Guardian:FuturePlans+1"],"picked":"Guardian:FierceBash","floor":11.0},{"not_picked":["Guardian:Recover","Guardian:Gem_Green","Guardian:Gem_Red"],"picked":"SKIP","floor":13.0},{"not_picked":["Guardian:WalkerClaw","Guardian:Reroute"],"picked":"Guardian:Gem_Yellow","floor":14.0},{"not_picked":["Guardian:Gem_Lightblue","Guardian:Gem_Red","Guardian:Gem_Green"],"picked":"Singing Bowl","floor":15.0},{"not_picked":["Guardian:Incinerate","Guardian:ArmoredProtocol+1"],"picked":"Guardian:GemFire","floor":15.0},{"not_picked":["Guardian:Gem_Lightblue","Guardian:Gem_Cyan","Guardian:Gem_Green"],"picked":"Singing Bowl","floor":16.0},{"not_picked":["Guardian:GemFinder+1","Guardian:SphericShield"],"picked":"Guardian:FastForward","floor":16.0},{"not_picked":["Guardian:Gem_Red","Guardian:Gem_Cyan","Guardian:Gem_Lightblue"],"picked":"Singing Bowl","floor":19.0},{"not_picked":["Guardian:Incinerate"],"picked":"Singing Bowl","floor":19.0},{"not_picked":["Guardian:Gem_Red","Guardian:Gem_Cyan","Guardian:Gem_Green"],"picked":"Singing Bowl","floor":22.0},{"not_picked":[],"picked":"Guardian:Gem_Purple","floor":22.0},{"not_picked":["Guardian:Gem_Lightblue","Guardian:Gem_Red","Guardian:Gem_Cyan"],"picked":"Singing Bowl","floor":23.0},{"not_picked":["Guardian:Clone"],"picked":"Singing Bowl","floor":23.0},{"not_picked":["Guardian:Gem_Red","Guardian:Gem_Lightblue","Guardian:Gem_Green"],"picked":"Singing Bowl","floor":25.0},{"not_picked":["Guardian:Gem_Red"],"picked":"Singing Bowl","floor":25.0},{"not_picked":["Guardian:Gem_Lightblue","Guardian:Gem_Red","Guardian:Gem_Green"],"picked":"Singing Bowl","floor":27},{"not_picked":["Guardian:TemporalStrike+1"],"picked":"Singing Bowl","floor":27},{"not_picked":[],"picked":"Guardian:Planning+1","floor":28},{"not_picked":["Guardian:Emergency"],"picked":"Singing Bowl","floor":29},{"not_picked":["Guardian:Gem_Red","Guardian:Gem_Cyan","Guardian:Gem_Lightblue"],"picked":"Singing Bowl","floor":31},{"not_picked":[],"picked":"Guardian:WalkerClaw+1","floor":31},{"not_picked":[],"picked":"Guardian:TimeBomb+1","floor":32},{"not_picked":["Guardian:Gem_Green","Guardian:Gem_Cyan","Guardian:Gem_Red"],"picked":"Singing Bowl","floor":33},{"not_picked":["Guardian:FierceBash"],"picked":"Singing Bowl","floor":33},{"not_picked":["Guardian:Gem_Lightblue","Guardian:Gem_Red","Guardian:Gem_Green"],"picked":"Singing Bowl","floor":36},{"not_picked":["Guardian:TemporalShield+1"],"picked":"Singing Bowl","floor":36},{"not_picked":["Guardian:Gem_Cyan","Guardian:Gem_Lightblue","Guardian:Gem_Green"],"picked":"Singing Bowl","floor":39},{"not_picked":["Guardian:StasisField"],"picked":"Singing Bowl","floor":39},{"not_picked":["Guardian:Gem_Cyan","Guardian:Gem_Lightblue","Guardian:Gem_Red"],"picked":"Singing Bowl","floor":42},{"not_picked":["Guardian:Planning","Guardian:Gem_Red"],"picked":"Singing Bowl","floor":42},{"not_picked":["Guardian:Gem_Cyan","Guardian:Gem_Lightblue","Guardian:Gem_Red"],"picked":"Singing Bowl","floor":44},{"not_picked":["Guardian:ChargeCore","Guardian:StasisStrike"],"picked":"Singing Bowl","floor":44},{"not_picked":["expansioncontent:Collect+1"],"picked":"expansioncontent:Hexaburn","floor":45},{"not_picked":["expansioncontent:DarkVoid"],"picked":"expansioncontent:TimeRipple","floor":45},{"not_picked":["expansioncontent:DarkVoid","expansioncontent:BronzeBeam"],"picked":"Singing Bowl","floor":45},{"not_picked":["Guardian:Gem_Cyan","Guardian:Gem_Lightblue","Guardian:Gem_Green"],"picked":"Singing Bowl","floor":47},{"not_picked":["Guardian:VentSteam+1"],"picked":"Guardian:PolyBeam+1","floor":47},{"not_picked":["Guardian:Gem_Green","Guardian:Gem_Red","Guardian:Gem_Cyan"],"picked":"Singing Bowl","floor":48},{"not_picked":["Guardian:Incinerate","Guardian:SentryBeam"],"picked":"Singing Bowl","floor":48},{"not_picked":["Guardian:Gem_Lightblue","Guardian:Gem_Green","Guardian:Gem_Cyan"],"picked":"Singing Bowl","floor":49},{"not_picked":["Guardian:Gem_Purple","Guardian:CrystalBeam+1"],"picked":"Singing Bowl","floor":49}],"player_experience":438592,"relics_obtained":[{"floor":2.0,"key":"Darkstone Periapt"},{"floor":6.0,"key":"HornCleat"},{"floor":7.0,"key":"Bottled Lightning"},{"floor":10.0,"key":"Frozen Egg 2"},{"floor":21.0,"key":"downfall:GremlinWheel"},{"floor":23.0,"key":"Bottled Tornado"},{"floor":24.0,"key":"Eternal Feather"},{"floor":25.0,"key":"Vajra"},{"floor":27,"key":"Guardian:StasisCodex"},{"floor":30,"key":"Letter Opener"},{"floor":35,"key":"Omamori"},{"floor":39,"key":"Bag of Preparation"},{"floor":41,"key":"Question Card"},{"floor":42,"key":"Pantograph"},{"floor":44,"key":"Mercury Hourglass"}],"event_choices":[{"damage_healed":0,"gold_gain":0,"player_choice":"Relic","damage_taken":0,"max_hp_gain":0,"max_hp_loss":0,"event_name":"Wheel of Change","floor":35,"gold_loss":0}],"is_beta":false,"boss_relics":[{"not_picked":["Guardian:StasisSlotReductionRelic","Calling Bell"],"picked":"Busted Crown"},{"not_picked":["Snecko Eye","SlaversCollar"],"picked":"Fusion Hammer"}],"items_purged_floors":[13,29],"is_endless":false,"potions_floor_spawned":[6,10,11,14,15,21,22,25,27,31,33,36,42,44,49],"ascension_level":4}}