{"host":"fuszjwm6fqgjjp4d","time":1608540177,"event":{"mods":["BaseMod","Bestiary","Colored Map","DeckTracker","Minty Spire (QoL Compilation)","Permanent Neow","Relic Sorter","Relic Stats","StSLib"],"gold_per_floor":[118,132,149,149,167,167,192,192,274,274,287,287,362,362,362,362,362],"floor_reached":16,"playtime":419,"items_purged":[],"score":200,"play_id":"25842f62-b2c2-4570-9235-88972bd1a4e2","local_time":"20201221024257","is_ascension_mode":true,"campfire_choices":[{"data":"Storm of Steel","floor":6,"key":"SMITH"},{"data":"Poisoned Stab","floor":10,"key":"SMITH"},{"data":"Poisoned Stab","floor":12,"key":"SMITH"},{"data":"Neutralize","floor":15,"key":"SMITH"}],"circlet_count":0,"master_deck":["AscendersBane","Strike_G","Strike_G","Strike_G","Strike_G","Strike_G","Defend_G","Defend_G","Defend_G","Defend_G","Defend_G","Survivor","Neutralize+1","Storm of Steel+1","Expertise","Cloak And Dagger+1","Poisoned Stab+1","Skewer","Neutralize","Sucker Punch","PiercingWail","Poisoned Stab+1"],"relics":["Ring of the Snake","CaptainsWheel","Bottled Flame"],"acts_visited":["Exordium"],"potions_floor_usage":[11,16],"damage_taken":[{"damage":4,"enemies":"Jaw Worm","floor":1,"turns":6},{"damage":1,"enemies":"Cultist","floor":2,"turns":5},{"damage":6,"enemies":"2 Louse","floor":3,"turns":4},{"damage":12,"enemies":"Large Slime","floor":5,"turns":7},{"damage":34,"enemies":"3 Sentries","floor":7,"turns":12},{"damage":0,"enemies":"3 Louse","floor":11,"turns":3},{"damage":14,"enemies":"Hexaghost","floor":16,"turns":9}],"seed_played":"-7377161740814892428","potions_obtained":[{"floor":2,"key":"FearPotion"},{"floor":5,"key":"Block Potion"},{"floor":11,"key":"Weak Potion"}],"is_trial":false,"path_per_floor":["M","M","M","?","M","R","E","?","T","R","M","R","?","?","R","B"],"character_chosen":"THE_SILENT","items_purchased":[],"campfire_rested":0,"item_purchase_floors":[],"current_hp_per_floor":[55,54,48,48,36,36,2,22,22,22,22,22,11,11,11,0,0],"gold":362,"neow_bonus":"THREE_RARE_CARDS","is_daily":false,"chose_seed":false,"campfire_upgraded":4,"win_rate":0.0,"timestamp":1608540177,"path_taken":["M","M","M","?","?","R","E","?","T","R","M","R","?","?","R","BOSS"],"items_purchased_type":[],"build_version":"2020-12-13","purchased_purges":0,"victory":false,"max_hp_per_floor":[60,60,60,60,60,60,60,60,60,60,60,60,60,60,60,60,60],"relic_stats":{"counters":[7,46],"obtain_stats":[{"CaptainsWheel":7,"Bottled Flame":9,"Ring of the Snake":0},{"CaptainsWheel":5,"Bottled Flame":5,"Ring of the Snake":0},{"CaptainsWheel":34,"Bottled Flame":34,"Ring of the Snake":0}],"Ring of the Snake":[14]},"card_choices":[{"not_picked":["A Thousand Cuts","Grand Finale"],"picked":"Storm of Steel","floor":0},{"not_picked":["Dagger Spray","Distraction"],"picked":"Expertise","floor":1},{"not_picked":["Riddle With Holes","Prepared"],"picked":"Cloak And Dagger","floor":2},{"not_picked":["Eviscerate","Bane"],"picked":"Poisoned Stab","floor":3},{"not_picked":["Crippling Poison","Prepared"],"picked":"Sucker Punch","floor":5},{"not_picked":["Calculated Gamble","Slice"],"picked":"PiercingWail","floor":7},{"not_picked":["Slice","Quick Slash"],"picked":"Poisoned Stab","floor":11}],"player_experience":1193308,"relics_obtained":[{"floor":7,"key":"CaptainsWheel"},{"floor":9,"key":"Bottled Flame"}],"event_choices":[{"damage_healed":0,"gold_gain":0,"player_choice":"2 cards matched","damage_taken":0,"max_hp_gain":0,"max_hp_loss":0,"event_name":"Match and Keep!","floor":4,"gold_loss":0,"cards_obtained":["Skewer","Neutralize"]},{"damage_healed":20,"gold_gain":0,"player_choice":"Banana","damage_taken":0,"max_hp_gain":0,"max_hp_loss":0,"event_name":"Big Fish","floor":8,"gold_loss":0},{"damage_healed":0,"gold_gain":75,"player_choice":"Gather Gold","damage_taken":11,"max_hp_gain":0,"max_hp_loss":0,"event_name":"World of Goop","floor":13,"gold_loss":0},{"damage_healed":0,"gold_gain":0,"player_choice":"Grow","damage_taken":0,"max_hp_gain":0,"max_hp_loss":0,"event_name":"Living Wall","floor":14,"gold_loss":0,"cards_upgraded":["Cloak And Dagger"]}],"is_beta":false,"boss_relics":[],"items_purged_floors":[],"is_endless":false,"potions_floor_spawned":[2,5,11],"killed_by":"Hexaghost","ascension_level":20}}