{"host":"78zdngn0u28jm0pp","time":1608536819,"event":{"mods":["BaseMod","Jorbs\u0027s Wanderer Trilogy","Minty Spire (QoL Compilation)","Permanent Neow","Quick Restart","Relic Stats","StSLib","Unceasing Turn Reminder"],"gold_per_floor":[116,127,147,69,84,84,84,115,162,162,180,180,203,203,203,296,296,310,335,348,131,131,131,46,46,73,73,89,124,124,139,139,234,234,255,530,257,257,281,325,325,356,380,380,380],"floor_reached":44,"playtime":2288,"items_purged":["Strike_G","Regret"],"score":972,"play_id":"ec761b29-cde3-4435-ac0f-5dab722337a7","local_time":"20201221004659","is_ascension_mode":true,"campfire_choices":[{"data":"Crippling Poison","floor":6,"key":"SMITH"},{"floor":12,"key":"REST"},{"data":"Neutralize","floor":15,"key":"SMITH"},{"data":"Phantasmal Killer","floor":23,"key":"SMITH"},{"floor":27,"key":"REST"},{"floor":32,"key":"REST"},{"data":"Bouncing Flask","floor":41,"key":"SMITH"}],"circlet_count":0,"master_deck":["AscendersBane","Strike_G","Defend_G+1","Defend_G","Defend_G+1","Defend_G","Defend_G","Survivor","Neutralize+1","Dagger Throw","Dagger Throw","Crippling Poison+1","Slice","After Image","Acrobatics","Slice","Phantasmal Killer+1","PiercingWail","Tactician+1","Cloak And Dagger+1","Unload","Deflect","Bouncing Flask+1","Reflex","After Image","Well Laid Plans+1","Venomology+1","Escape Plan+1","Backflip","After Image","Eviscerate+1"],"relics":["Runic Pyramid","Bottled Flame","Blood Vial","Golden Idol","Philosopher\u0027s Stone","Anchor","Juzu Bracelet","Bag of Marbles","Astrolabe","DollysMirror","Vajra","Shuriken","MealTicket"],"acts_visited":["Exordium","TheCity","TheBeyond"],"potions_floor_usage":[8,8,13,16,18,28,29,29,40,40,42,42,42,44],"damage_taken":[{"damage":0,"enemies":"Jaw Worm","floor":1,"turns":5},{"damage":0,"enemies":"2 Louse","floor":2,"turns":3},{"damage":0,"enemies":"Cultist","floor":3,"turns":4},{"damage":10,"enemies":"Blue Slaver","floor":5,"turns":4},{"damage":7,"enemies":"3 Sentries","floor":8,"turns":9},{"damage":0,"enemies":"Large Slime","floor":11,"turns":5},{"damage":4,"enemies":"Red Slaver","floor":13,"turns":5},{"damage":4,"enemies":"The Guardian","floor":16,"turns":10},{"damage":21,"enemies":"3 Byrds","floor":18,"turns":5},{"damage":0,"enemies":"Chosen","floor":19,"turns":5},{"damage":10,"enemies":"Snake Plant","floor":20,"turns":3},{"damage":28,"enemies":"Cultist and Chosen","floor":28,"turns":7},{"damage":15,"enemies":"Gremlin Leader","floor":29,"turns":7},{"damage":12,"enemies":"Sentry and Sphere","floor":31,"turns":7},{"damage":25,"enemies":"Automaton","floor":33,"turns":12},{"damage":0,"enemies":"3 Shapes","floor":35,"turns":5},{"damage":4,"enemies":"Orb Walker","floor":39,"turns":5},{"damage":2,"enemies":"Nemesis","floor":40,"turns":7},{"damage":46,"enemies":"Reptomancer","floor":42,"turns":8},{"damage":9,"enemies":"Jaw Worm Horde","floor":44,"turns":2}],"seed_played":"-7797743825908359928","potions_obtained":[{"floor":2,"key":"Energy Potion"},{"floor":3,"key":"PowerPotion"},{"floor":11,"key":"Block Potion"},{"floor":14,"key":"SkillPotion"},{"floor":14,"key":"SneckoOil"},{"floor":19,"key":"PowerPotion"},{"floor":20,"key":"SteroidPotion"},{"floor":28,"key":"SkillPotion"},{"floor":40,"key":"Weak Potion"}],"is_trial":false,"path_per_floor":["M","M","M","$","M","R","?","E","T","?","M","R","M","?","R","B",null,"M","M","M","$","T","R","?","?","T","R","M","E","?","M","R","B",null,"M","?","$","?","M","E","R","E","T","M"],"character_chosen":"THE_SILENT","items_purchased":["Crippling Poison","Unload","Deflect","DollysMirror"],"campfire_rested":3,"item_purchase_floors":[4,21,21,37],"current_hp_per_floor":[59,59,59,59,49,49,29,22,22,22,24,42,40,40,40,38,55,36,38,30,30,30,30,30,30,30,48,22,9,21,11,29,6,47,49,49,49,49,47,47,47,3,3,0,0],"gold":380,"neow_bonus":"BOSS_RELIC","is_daily":false,"chose_seed":false,"campfire_upgraded":4,"win_rate":0.0,"timestamp":1608536819,"path_taken":["M","M","M","$","M","R","?","E","T","?","?","R","M","?","R","BOSS","M","M","M","$","?","R","?","?","T","R","M","E","?","M","R","BOSS","M","?","$","?","M","E","R","E","T","M"],"items_purchased_type":["Card","Card","Card","Relic"],"build_version":"2020-12-13","purchased_purges":2,"victory":false,"max_hp_per_floor":[66,66,66,66,66,66,66,66,66,60,60,60,60,60,60,60,60,60,60,60,60,60,60,60,60,60,60,60,60,60,60,60,60,60,60,60,60,57,57,57,57,57,57,57,57],"relic_stats":{"Blood Vial":30,"counters":[20,118],"Golden Idol":95,"Shuriken":[0],"Astrolabe":["Well Laid Plans","Venomology","Escape Plan"],"MealTicket":0,"Juzu Bracelet":2,"obtain_stats":[{"Golden Idol":10,"Astrolabe":34,"Vajra":40,"Juzu Bracelet":26,"Blood Vial":9,"Bottled Flame":8,"Anchor":24,"DollysMirror":37,"Shuriken":42,"Philosopher\u0027s Stone":17,"MealTicket":43,"Bag of Marbles":29,"Ring of the Snake":0,"Runic Pyramid":0},{"Golden Idol":5,"Astrolabe":15,"Vajra":18,"Juzu Bracelet":11,"Blood Vial":5,"Bottled Flame":5,"Anchor":11,"DollysMirror":16,"Shuriken":19,"Philosopher\u0027s Stone":8,"MealTicket":19,"Bag of Marbles":13,"Ring of the Snake":0,"Runic Pyramid":0},{"Golden Idol":25,"Astrolabe":91,"Vajra":108,"Juzu Bracelet":58,"Blood Vial":25,"Bottled Flame":25,"Anchor":58,"DollysMirror":96,"Shuriken":116,"Philosopher\u0027s Stone":45,"MealTicket":116,"Bag of Marbles":72,"Ring of the Snake":0,"Runic Pyramid":0}]},"card_choices":[{"not_picked":["Bane","Expertise"],"picked":"Dagger Throw","floor":1},{"not_picked":["Backflip","Blur"],"picked":"Dagger Throw","floor":2},{"not_picked":["Well Laid Plans","Flying Knee","Sucker Punch"],"picked":"SKIP","floor":3},{"not_picked":["Endless Agony","Underhanded Strike"],"picked":"Slice","floor":5},{"not_picked":["Escape Plan","Eviscerate"],"picked":"After Image","floor":8},{"not_picked":["Choke","Flechettes"],"picked":"Acrobatics","floor":11},{"not_picked":["Prepared","Dagger Spray"],"picked":"Slice","floor":13},{"not_picked":["Envenom","Night Terror"],"picked":"Phantasmal Killer","floor":16},{"not_picked":["Predator","Backflip"],"picked":"PiercingWail","floor":18},{"not_picked":["Well Laid Plans","Backflip"],"picked":"Tactician","floor":19},{"not_picked":["Backstab","Expertise"],"picked":"Cloak And Dagger+1","floor":20},{"not_picked":["Heel Hook","Dodge and Roll","Expertise"],"picked":"SKIP","floor":28},{"not_picked":["Slice","Bane"],"picked":"Bouncing Flask","floor":29},{"not_picked":["Well Laid Plans+1","Deflect+1"],"picked":"Reflex","floor":31},{"not_picked":["Unload","Corpse Explosion"],"picked":"After Image","floor":33},{"not_picked":["Distraction","Slice"],"picked":"Backflip","floor":35},{"not_picked":["Dodge and Roll","Distraction+1","Bouncing Flask"],"picked":"SKIP","floor":39},{"not_picked":["Prepared","Adrenaline"],"picked":"Eviscerate+1","floor":40},{"not_picked":["Infinite Blades","Dagger Throw","Expertise"],"picked":"SKIP","floor":42}],"player_experience":660567,"relics_obtained":[{"floor":8,"key":"Bottled Flame"},{"floor":9,"key":"Blood Vial"},{"floor":26,"key":"Juzu Bracelet"},{"floor":29,"key":"Bag of Marbles"},{"floor":40,"key":"Vajra"},{"floor":42,"key":"Shuriken"},{"floor":43,"key":"MealTicket"}],"event_choices":[{"damage_healed":0,"gold_gain":0,"player_choice":"Entered Light","damage_taken":20,"max_hp_gain":0,"max_hp_loss":0,"event_name":"Shining Light","floor":7,"gold_loss":0,"cards_upgraded":["Defend_G","Defend_G"]},{"damage_healed":0,"gold_gain":0,"player_choice":"Lose Max HP","damage_taken":0,"relics_obtained":["Golden Idol"],"max_hp_gain":0,"max_hp_loss":6,"event_name":"Golden Idol","floor":10,"gold_loss":0},{"damage_healed":0,"gold_gain":0,"player_choice":"Got Potions","damage_taken":0,"max_hp_gain":0,"max_hp_loss":0,"event_name":"Lab","floor":14,"gold_loss":0},{"damage_healed":0,"gold_gain":0,"player_choice":"Obtained Relic","damage_taken":0,"relics_obtained":["Anchor"],"max_hp_gain":0,"max_hp_loss":0,"event_name":"Addict","floor":24,"gold_loss":85},{"damage_healed":0,"gold_gain":0,"player_choice":"Forge","damage_taken":0,"max_hp_gain":0,"max_hp_loss":0,"event_name":"Accursed Blacksmith","floor":25,"gold_loss":0,"cards_upgraded":["Tactician"]},{"damage_healed":12,"gold_gain":0,"player_choice":"Heal","damage_taken":0,"max_hp_gain":0,"max_hp_loss":0,"event_name":"The Library","floor":30,"gold_loss":0},{"damage_healed":0,"gold_gain":275,"player_choice":"Desecrate","damage_taken":0,"max_hp_gain":0,"max_hp_loss":0,"event_name":"Golden Shrine","floor":36,"gold_loss":0,"cards_obtained":["Regret"]},{"damage_healed":0,"gold_gain":0,"player_choice":"Max HP","damage_taken":0,"max_hp_gain":0,"max_hp_loss":3,"event_name":"Winding Halls","floor":38,"gold_loss":0}],"is_beta":false,"boss_relics":[{"not_picked":["Pandora\u0027s Box","Sozu"],"picked":"Philosopher\u0027s Stone"},{"not_picked":["Snecko Eye","Black Star"],"picked":"Astrolabe"}],"items_purged_floors":[21,37],"is_endless":false,"potions_floor_spawned":[2,3,11,19,20,28,40],"killed_by":"Jaw Worm Horde","ascension_level":20}}