{"host":"f14d6hm2349s9jse","time":1608525552,"event":{"mods":["2.2 Compatiblity","BaseMod","Marisa（霧雨　魔理沙）","Minty Spire (QoL Compilation)","StSLib"],"gold_per_floor":[159,159,195,195,195,195,236,267,294,294,365,365,399,470,470,624,624,677,677,184,239,239,239],"floor_reached":22,"playtime":1416,"items_purged":[],"score":217,"play_id":"936afb3e-b71e-4a53-b5c5-fa8a8c3befe2","local_time":"20201220233912","is_ascension_mode":false,"campfire_choices":[{"floor":6,"key":"REST"},{"floor":12,"key":"REST"},{"data":"WitchOfGreed","floor":15,"key":"SMITH"}],"circlet_count":0,"master_deck":["Strike_MRS","Strike_MRS","Strike_MRS","Strike_MRS","Defend_MRS","Defend_MRS","Defend_MRS","Defend_MRS+1","MasterSpark","UpSweep","RefractionSpark","WitchOfGreed+1","MysteriousBeam","Orbital","PulseMagic","DarkMatter","GrandCross","MillisecondPulsars+1","RefractionSpark","Magnetism","Parasite","Parasite","DeepEcoloBomb"],"relics":["Tiny House","Golden Idol","Juzu Bracelet","Strawberry","Bottled Flame","Ancient Tea Set","HandmadeGrimoire","Black Star","Happy Flower","ShroomBag"],"acts_visited":["Exordium","TheCity"],"potions_floor_usage":[1,8,11,13,16,21],"damage_taken":[{"damage":0,"enemies":"Small Slimes","floor":1,"turns":3},{"damage":7,"enemies":"Jaw Worm","floor":3,"turns":5},{"damage":1,"enemies":"2 Louse","floor":7,"turns":3},{"damage":4,"enemies":"Gremlin Gang","floor":8,"turns":5},{"damage":27,"enemies":"3 Sentries","floor":11,"turns":7},{"damage":0,"enemies":"Gremlin Nob","floor":13,"turns":2},{"damage":21,"enemies":"Slime Boss","floor":16,"turns":10},{"damage":42,"enemies":"Spheric Guardian","floor":18,"turns":8},{"damage":55,"enemies":"Chosen","floor":21,"turns":8},{"damage":0,"enemies":"Snecko","floor":22,"turns":1}],"seed_played":"-6326212750597054157","potions_obtained":[{"floor":0,"key":"FearPotion"},{"floor":1,"key":"FearPotion"},{"floor":7,"key":"Energy Potion"},{"floor":8,"key":"ColorlessPotion"},{"floor":8,"key":"FearPotion"},{"floor":11,"key":"FearPotion"},{"floor":16,"key":"Ancient Potion"},{"floor":18,"key":"Regen Potion"},{"floor":21,"key":"BottledSpark"}],"is_trial":false,"path_per_floor":["M","?","M","?","?","R","M","M","T","?","E","R","E","T","R","B",null,"M","?","$","M","M"],"character_chosen":"MARISA","items_purchased":["Magnetism","Happy Flower","ShroomBag"],"campfire_rested":2,"item_purchase_floors":[20,20,20],"current_hp_per_floor":[80,60,53,53,46,70,69,65,72,72,45,71,71,71,71,50,87,45,45,45,9,9,9],"gold":239,"neow_bonus":"BOSS_RELIC","is_daily":false,"chose_seed":false,"campfire_upgraded":1,"win_rate":0.0,"timestamp":1608525552,"path_taken":["M","?","M","?","?","R","M","M","T","?","E","R","E","?","R","BOSS","M","?","?","M","M"],"items_purchased_type":["Card","Relic","Relic"],"build_version":"2020-12-13","purchased_purges":0,"victory":false,"max_hp_per_floor":[80,80,80,80,80,80,80,80,87,87,87,87,87,87,87,87,87,87,87,87,87,87,87],"card_choices":[{"not_picked":["EarthLightRay","LuminesStrike"],"picked":"RefractionSpark","floor":0},{"not_picked":["IllusionStar","SprinkleStarSeal"],"picked":"WitchOfGreed","floor":1},{"not_picked":["ShootingEcho","LuminesStrike"],"picked":"MysteriousBeam","floor":3},{"not_picked":["DC","LuminesStrike"],"picked":"Orbital","floor":7},{"not_picked":["WitchLeyline","Acceleration"],"picked":"PulseMagic","floor":8},{"not_picked":["Acceleration","MilkyWay"],"picked":"DarkMatter","floor":11},{"not_picked":["BigCrunch","GalacticHalo"],"picked":"GrandCross","floor":13},{"not_picked":["ManaRampage","BlazingStar"],"picked":"MillisecondPulsars","floor":16},{"not_picked":["ShootingEcho","SuperPerseids"],"picked":"RefractionSpark","floor":18},{"not_picked":["EnergyRecoil","SprinkleStarSeal+1"],"picked":"DeepEcoloBomb","floor":21}],"player_experience":2465905,"relics_obtained":[{"floor":9,"key":"Strawberry"},{"floor":11,"key":"Bottled Flame"},{"floor":13,"key":"Ancient Tea Set"},{"floor":14,"key":"HandmadeGrimoire"}],"event_choices":[{"damage_healed":0,"gold_gain":0,"player_choice":"Take Damage","damage_taken":20,"relics_obtained":["Golden Idol"],"max_hp_gain":0,"max_hp_loss":0,"event_name":"Golden Idol","floor":2,"gold_loss":0},{"damage_healed":0,"gold_gain":0,"player_choice":"Box","damage_taken":0,"relics_obtained":["Juzu Bracelet"],"max_hp_gain":0,"max_hp_loss":0,"event_name":"Big Fish","floor":4,"gold_loss":0,"cards_obtained":["Regret"]},{"cards_removed":["Regret"],"damage_healed":0,"gold_gain":0,"player_choice":"Card Removal","damage_taken":7,"max_hp_gain":0,"max_hp_loss":0,"event_name":"Golden Wing","floor":5,"gold_loss":0},{"damage_healed":0,"gold_gain":0,"player_choice":"Leave","damage_taken":0,"max_hp_gain":0,"max_hp_loss":0,"event_name":"The Cleric","floor":10,"gold_loss":0},{"damage_healed":0,"gold_gain":0,"player_choice":"Forge","damage_taken":0,"max_hp_gain":0,"max_hp_loss":0,"event_name":"Accursed Blacksmith","floor":19,"gold_loss":0,"cards_upgraded":["MillisecondPulsars"]}],"is_beta":false,"boss_relics":[{"not_picked":["Busted Crown","Calling Bell"],"picked":"Black Star"}],"items_purged_floors":[],"is_endless":false,"potions_floor_spawned":[1,7,8,21],"killed_by":"Snecko","ascension_level":0}}