{"host":"4kbqeuw4a1wt9r2z","time":1608539550,"event":{"mods":["Act Like it!","BaseMod","Downfall","GifTheSpireLib","Googly Eyes","Minty Spire (QoL Compilation)","StSLib"],"gold_per_floor":[99,10,10,45,45,77,77,97,89,14,32,32,57,157,172,172,172,172],"floor_reached":16,"playtime":792,"items_purged":[],"score":133,"play_id":"a2463cd1-db1d-4c7b-b9a4-3eb89490e641","local_time":"20201221113230","is_ascension_mode":false,"campfire_choices":[{"data":"hexamod:Sear","floor":1,"key":"SMITH"},{"data":"expansioncontent:CaCaw","floor":3,"key":"SMITH"},{"floor":10,"key":"RECALL"}],"circlet_count":0,"master_deck":["hexamod:Strike","hexamod:Strike","hexamod:Strike","hexamod:Defend","hexamod:Defend","hexamod:Defend","hexamod:Sear+1","hexamod:Float","hexamod:ChargedBarrage","expansioncontent:CaCaw+1","hexamod:Hexaguard","hexamod:Incineration","hexamod:SoulSteal+1","hexamod:DynamicBlow","hexamod:SecondSeal","hexamod:HeatMetal","hexamod:BurningTouch","hexamod:StepThrough","hexamod:Hexaguard","hexamod:FirstSeal"],"relics":["hexamod:SpiritBrand","downfall:HeartsMalice","Bag of Preparation","Dream Catcher","hexamod:SoulConsumer","downfall:HeartBlessingGreen"],"acts_visited":["Exordium"],"potions_floor_usage":[14,16],"damage_taken":[{"damage":0,"enemies":"downfall:FleeingMerchant","floor":2,"turns":1},{"damage":0,"enemies":"Lagavulin","floor":4,"turns":1},{"damage":0,"enemies":"downfall:FleeingMerchant","floor":5,"turns":1},{"damage":36,"enemies":"3 Sentries","floor":6,"turns":10},{"damage":0,"enemies":"Cultist","floor":8,"turns":3},{"damage":0,"enemies":"2 Louse","floor":11,"turns":3},{"damage":0,"enemies":"Small Slimes","floor":13,"turns":4},{"damage":14,"enemies":"downfall:Heads","floor":14,"turns":5},{"damage":12,"enemies":"Exordium Thugs","floor":15,"turns":3},{"damage":11,"enemies":"downfall:Ironclad","floor":16,"turns":2}],"seed_played":"1683098928896049828","potions_obtained":[{"floor":8,"key":"PowerPotion"},{"floor":15,"key":"LiquidBronze"}],"is_trial":false,"path_per_floor":["R","$","R","E","$","E","T","M","?","R","M","?","M","?","M","B"],"character_chosen":"THE_SPIRIT","items_purchased":["expansioncontent:CaCaw"],"campfire_rested":0,"item_purchase_floors":[2],"current_hp_per_floor":[70,70,70,70,70,34,34,34,34,34,34,34,34,20,8,0,0,0],"gold":172,"neow_bonus":"THREE_ENEMY_KILL","is_daily":false,"chose_seed":false,"campfire_upgraded":2,"win_rate":0.0,"timestamp":1608539550,"path_taken":["R","?","R","E","$","E","T","M","?","R","M","?","?","?","M","BOSS"],"items_purchased_type":["Card"],"build_version":"2020-12-13","purchased_purges":0,"victory":false,"max_hp_per_floor":[70,70,70,70,70,70,70,70,70,70,70,70,70,70,70,70,70,70],"card_choices":[{"not_picked":["hexamod:ShieldOfDarkness","hexamod:CrushingStance"],"picked":"hexamod:ChargedBarrage","floor":2},{"not_picked":["hexamod:NightmareStrike","hexamod:NightmareGuise"],"picked":"hexamod:Hexaguard","floor":4},{"not_picked":["hexamod:RecurringNightmare","hexamod:Rewind"],"picked":"hexamod:Incineration","floor":5},{"not_picked":["hexamod:Haunt","hexamod:Firestarter"],"picked":"hexamod:SoulSteal","floor":6},{"not_picked":["hexamod:SoulSteal","hexamod:NightmareGuise"],"picked":"hexamod:DynamicBlow","floor":8},{"not_picked":["hexamod:NecessarySacrifice","hexamod:GhostLash"],"picked":"hexamod:HeatMetal","floor":11},{"not_picked":["hexamod:ShieldOfDarkness","hexamod:NightmareStrike"],"picked":"hexamod:BurningTouch","floor":13},{"not_picked":["hexamod:ThermalTransfer","hexamod:FastForward"],"picked":"hexamod:Hexaguard","floor":14},{"not_picked":["hexamod:StepThrough","hexamod:BurningTouch"],"picked":"hexamod:FirstSeal","floor":15}],"player_experience":465791,"relics_obtained":[{"floor":4,"key":"Bag of Preparation"},{"floor":6,"key":"Dream Catcher"},{"floor":7,"key":"hexamod:SoulConsumer"}],"event_choices":[{"damage_healed":0,"gold_gain":0,"player_choice":"Ignored","damage_taken":0,"max_hp_gain":0,"max_hp_loss":0,"event_name":"NoteForYourself","floor":12,"gold_loss":0}],"is_beta":false,"boss_relics":[],"items_purged_floors":[],"is_endless":false,"potions_floor_spawned":[8,15],"killed_by":"downfall:Ironclad","ascension_level":0}}