{"host":"wha9hktbkslqvblg","time":1608528989,"event":{"mods":["BaseMod","Colored Map","Minty Spire (QoL Compilation)","Relic Stats","SuperFastMode","everything is the same but u backflip on backflip"],"gold_per_floor":[119,119,194,194,194,230,230,255,279,279,204,229,245,261,261,355,355,355,355],"floor_reached":18,"playtime":322,"items_purged":["Strike_R"],"score":370,"play_id":"d1764746-1d6b-401a-aea3-7a38539cfd7e","local_time":"20201221143629","is_ascension_mode":true,"campfire_choices":[{"data":"Entrench","floor":7.0,"key":"SMITH"},{"data":"Hemokinesis","floor":10.0,"key":"SMITH"},{"data":"Barricade","floor":15.0,"key":"SMITH"}],"circlet_count":0,"master_deck":["AscendersBane","Bash","Entrench+1","Evolve","Hemokinesis+1","Barricade+1","Fiend Fire","Exhume","Iron Wave","Carnage","Barricade","Dark Embrace","Shrug It Off"],"relics":["Burning Blood","NeowsBlessing","Golden Idol","Letter Opener","War Paint","Pandora\u0027s Box"],"acts_visited":["Exordium","TheCity"],"potions_floor_usage":[],"damage_taken":[{"damage":0.0,"enemies":"2 Louse","floor":1.0,"turns":1.0},{"damage":0.0,"enemies":"3 Sentries","floor":6.0,"turns":2.0},{"damage":0.0,"enemies":"Jaw Worm","floor":8.0,"turns":1.0},{"damage":8.0,"enemies":"Cultist","floor":12.0,"turns":4.0},{"damage":13.0,"enemies":"Looter","floor":13.0,"turns":2.0},{"damage":19.0,"enemies":"Large Slime","floor":14.0,"turns":4.0},{"damage":26.0,"enemies":"Slime Boss","floor":16.0,"turns":14.0},{"damage":57,"enemies":"Shell Parasite","floor":18,"turns":8}],"seed_played":"8921366113352222747","potions_obtained":[{"floor":6.0,"key":"PowerPotion"},{"floor":8.0,"key":"Fire Potion"},{"floor":14.0,"key":"PowerPotion"}],"is_trial":false,"path_per_floor":["M","?","?","?","?","E","R","M","T","R","$","M","M","M","R","B",null,"M"],"character_chosen":"IRONCLAD","items_purchased":[],"campfire_rested":0,"item_purchase_floors":[],"current_hp_per_floor":[74,68,57,57,50,56,56,62,62,62,62,60,53,40,40,20,56,0,0],"gold":355,"neow_bonus":"THREE_ENEMY_KILL","is_daily":false,"chose_seed":false,"campfire_upgraded":3,"win_rate":0.0,"timestamp":1608528989,"path_taken":["M","?","?","?","?","E","R","M","T","R","?","M","?","M","R","BOSS","M"],"items_purchased_type":[],"build_version":"2020-12-13","purchased_purges":1,"victory":false,"max_hp_per_floor":[75,68,68,68,68,68,68,68,68,68,68,68,68,68,68,68,68,68,68],"relic_stats":{"counters":[8,36],"Golden Idol":42,"Pandora\u0027s Box":["Fiend Fire","Exhume","Iron Wave","Carnage","Barricade","Dark Embrace","Shrug It Off"],"Letter Opener":[35],"War Paint":["Defend_R","Defend_R"],"obtain_stats":[{"NeowsBlessing":0,"Golden Idol":2,"Pandora\u0027s Box":17,"Letter Opener":6,"War Paint":9,"Burning Blood":0},{"NeowsBlessing":0,"Golden Idol":1,"Pandora\u0027s Box":7,"Letter Opener":2,"War Paint":3,"Burning Blood":0},{"NeowsBlessing":0,"Golden Idol":1,"Pandora\u0027s Box":28,"Letter Opener":3,"War Paint":4,"Burning Blood":0}],"Burning Blood":42},"card_choices":[{"not_picked":["Flex","Clothesline"],"picked":"Entrench","floor":1.0},{"not_picked":["Burning Pact","Dual Wield"],"picked":"Evolve","floor":6.0},{"not_picked":["Sentinel","Shrug It Off"],"picked":"Hemokinesis","floor":8.0},{"not_picked":["Shockwave","Second Wind"],"picked":"Barricade","floor":12.0},{"not_picked":["True Grit","Pommel Strike","Cleave"],"picked":"SKIP","floor":13.0},{"not_picked":["Pommel Strike","Infernal Blade","Headbutt"],"picked":"SKIP","floor":14.0}],"player_experience":878845,"relics_obtained":[{"floor":6.0,"key":"Letter Opener"},{"floor":9.0,"key":"War Paint"}],"event_choices":[{"damage_healed":0.0,"max_hp_gain":0.0,"max_hp_loss":7.0,"gold_gain":0.0,"event_name":"Golden Idol","player_choice":"Lose Max HP","floor":2.0,"gold_loss":0.0,"damage_taken":0.0,"relics_obtained":["Golden Idol"]},{"damage_healed":0.0,"max_hp_gain":0.0,"max_hp_loss":0.0,"gold_gain":75.0,"event_name":"World of Goop","player_choice":"Gather Gold","floor":3.0,"gold_loss":0.0,"damage_taken":11.0},{"damage_healed":0.0,"max_hp_gain":0.0,"max_hp_loss":0.0,"gold_gain":0.0,"event_name":"Liars Game","player_choice":"Ignored","floor":4.0,"gold_loss":0.0,"damage_taken":0.0},{"cards_removed":["Strike_R"],"damage_healed":0.0,"max_hp_gain":0.0,"max_hp_loss":0.0,"gold_gain":0.0,"event_name":"Golden Wing","player_choice":"Card Removal","floor":5.0,"gold_loss":0.0,"damage_taken":7.0}],"is_beta":false,"boss_relics":[{"not_picked":["Snecko Eye","Velvet Choker"],"picked":"Pandora\u0027s Box"}],"items_purged_floors":[11],"is_endless":false,"potions_floor_spawned":[6,8,12,14],"killed_by":"Shell Parasite","ascension_level":20}}