{"host":"63rwe7p34ct1i0qu","time":1608569971,"event":{"mods":["BaseMod","Colored Map","DeckTracker","Minty Spire (QoL Compilation)","Permanent Neow","Quick Restart","StSLib"],"gold_per_floor":[112,42,42,58,68,68,84,84,107,118,118,118,118,136,136,231,231,246,263,263,274,274,274,274],"floor_reached":23,"playtime":783,"items_purged":[],"score":293,"play_id":"b6860f42-e9f4-41a2-879e-68c270246231","local_time":"20201222015931","is_ascension_mode":true,"campfire_choices":[{"floor":6,"key":"REST"},{"data":"White Noise","floor":8,"key":"SMITH"},{"data":"Zap","floor":11,"key":"SMITH"},{"data":"Dualcast","floor":13,"key":"SMITH"},{"floor":15,"key":"REST"}],"circlet_count":0,"master_deck":["AscendersBane","Strike_B","Strike_B","Strike_B","Defend_B+1","Defend_B","Defend_B","Defend_B","Zap+1","Dualcast+1","Apotheosis+1","Coolheaded","Creative AI","Coolheaded+1","Capacitor","White Noise+1","Loop","Electrodynamics","Consume","Self Repair"],"relics":["FrozenCore","War Paint"],"acts_visited":["Exordium","TheCity"],"potions_floor_usage":[14,23,23],"damage_taken":[{"damage":2,"enemies":"Cultist","floor":1,"turns":4},{"damage":0,"enemies":"2 Louse","floor":4,"turns":1},{"damage":0,"enemies":"Jaw Worm","floor":5,"turns":3},{"damage":8,"enemies":"Looter","floor":7,"turns":4},{"damage":5,"enemies":"Exordium Thugs","floor":10,"turns":5},{"damage":23,"enemies":"Gremlin Gang","floor":14,"turns":3},{"damage":30,"enemies":"Slime Boss","floor":16,"turns":5},{"damage":17,"enemies":"3 Byrds","floor":18,"turns":3},{"damage":6,"enemies":"Chosen","floor":19,"turns":6},{"damage":28,"enemies":"Snake Plant","floor":21,"turns":6},{"damage":20,"enemies":"Book of Stabbing","floor":23,"turns":6}],"seed_played":"-6547407375872096271","potions_obtained":[{"floor":4,"key":"Dexterity Potion"},{"floor":10,"key":"Regen Potion"},{"floor":14,"key":"EssenceOfSteel"}],"is_trial":false,"path_per_floor":["M","$","?","M","M","R","M","R","T","M","R","?","R","M","R","B",null,"M","M","$","M","?","E"],"character_chosen":"DEFECT","items_purchased":["Creative AI"],"campfire_rested":2,"item_purchase_floors":[2],"current_hp_per_floor":[48,48,48,48,48,70,62,62,62,57,57,57,57,43,65,35,65,48,42,42,14,14,0,0],"gold":274,"neow_bonus":"RANDOM_COLORLESS_2","is_daily":false,"chose_seed":false,"campfire_upgraded":3,"win_rate":0.0,"timestamp":1608569971,"path_taken":["M","?","?","?","M","R","M","R","T","M","R","?","R","M","R","BOSS","M","M","$","M","?","E"],"items_purchased_type":["Card"],"build_version":"2020-12-13","purchased_purges":0,"victory":false,"max_hp_per_floor":[75,75,75,75,75,75,75,75,75,75,75,75,75,75,75,75,75,75,75,75,75,75,75,75],"card_choices":[{"not_picked":["Panache","Magnetism"],"picked":"Apotheosis","floor":0},{"not_picked":["Rebound","Steam"],"picked":"Coolheaded","floor":1},{"not_picked":["Darkness","Stack"],"picked":"Coolheaded","floor":4},{"not_picked":["BootSequence","Defragment"],"picked":"Capacitor","floor":5},{"not_picked":["Scrape","Genetic Algorithm"],"picked":"White Noise","floor":7},{"not_picked":["Reprogram","Storm","Redo"],"picked":"SKIP","floor":10},{"not_picked":["Streamline","Heatsinks"],"picked":"Loop","floor":14},{"not_picked":["Buffer","Hyperbeam"],"picked":"Electrodynamics","floor":16},{"not_picked":["Beam Cell","Rebound","Steam"],"picked":"SKIP","floor":18},{"not_picked":["Skim","Turbo"],"picked":"Consume","floor":19},{"not_picked":["Conserve Battery","Stack"],"picked":"Self Repair","floor":21}],"player_experience":805995,"relics_obtained":[{"floor":9,"key":"War Paint"}],"event_choices":[{"damage_healed":0,"gold_gain":0,"player_choice":"Forge","damage_taken":0,"max_hp_gain":0,"max_hp_loss":0,"event_name":"Accursed Blacksmith","floor":3,"gold_loss":0,"cards_upgraded":["Apotheosis"]},{"cards_removed":["Strike_B"],"damage_healed":0,"gold_gain":0,"player_choice":"Purged","damage_taken":0,"max_hp_gain":0,"max_hp_loss":0,"event_name":"Purifier","floor":12,"gold_loss":0},{"damage_healed":0,"gold_gain":0,"player_choice":"Ignored","damage_taken":0,"max_hp_gain":0,"max_hp_loss":0,"event_name":"Cursed Tome","floor":22,"gold_loss":0}],"is_beta":false,"boss_relics":[{"not_picked":["Coffee Dripper","Runic Dome"],"picked":"FrozenCore"}],"items_purged_floors":[],"is_endless":false,"potions_floor_spawned":[4,10,14,21],"killed_by":"Book of Stabbing","ascension_level":12}}