{"host":"zhypnm5xlgq8j242","time":1608520029,"event":{"mods":["AchievementEnabler","BaseMod","BetterRewards","Colored Powertips","Hermit","Keyboard Shortcuts","Minty Spire (QoL Compilation)","Quick Restart","Replay The Spire","Shop Mod","StSLib","The Cursed","The Hierophant","The Runesmith"],"gold_per_floor":[114,114,124,124,142,142,176,190,244,244,273,287,39,49,49,153,153,163,182,194,194,206,232,14,40,40,40,56,69,85,99,99,99,99],"floor_reached":33,"playtime":2177,"items_purged":["Writhe"],"score":439,"play_id":"4b65bbc7-b530-4642-ab7c-b98f51b0eb78","local_time":"20201221120709","is_ascension_mode":true,"campfire_choices":[{"data":"Beam Cell","floor":6,"key":"SMITH"},{"floor":10,"key":"REST"},{"data":"BasicCrystalCard","floor":15,"key":"SMITH"},{"data":"Fission","floor":27,"key":"SMITH"},{"data":"Hologram","floor":32,"key":"SMITH"}],"circlet_count":0,"master_deck":["Strike_B","Strike_B","Defend_B+1","Defend_B","Defend_B","Zap","Dualcast+1","Hello World","Beam Cell+1","White Noise+1","Barrage","Force Field","ReplayTheSpireMod:Omega Cannon","BasicCrystalCard+1","Compile Driver","Biased Cognition","Hologram+1","Barrage+1","Redo","Redo+1","Reprogram","Seek","Fission+1","Conserve Battery","ReplayTheSpireMod:System Scan+1","Sunder+1"],"relics":["Empty Cage","Runesmith:Nanobots","War Paint","Bag of Preparation","Meat on the Bone","Nuclear Battery","Replay:Antivirus Software","ReplayTheSpireMod:CursedCoin","Blue Doll","Runesmith:AutoHammer","PreservedInsect"],"acts_visited":["Exordium","TheCity"],"potions_floor_usage":[5,7,16,16,30,33],"damage_taken":[{"damage":9,"enemies":"Small Slimes","floor":1,"turns":6},{"damage":5,"enemies":"Cultist","floor":3,"turns":5},{"damage":2,"enemies":"Jaw Worm","floor":5,"turns":2},{"damage":16,"enemies":"3 Sentries","floor":7,"turns":8},{"damage":6,"enemies":"2 Fungi Beasts","floor":8,"turns":3},{"damage":9,"enemies":"Lagavulin","floor":11,"turns":8},{"damage":6,"enemies":"Blue Slaver","floor":12,"turns":4},{"damage":3,"enemies":"Gremlin Gang","floor":14,"turns":2},{"damage":12,"enemies":"The Guardian","floor":16,"turns":9},{"damage":0,"enemies":"3 Byrds","floor":18,"turns":3},{"damage":0,"enemies":"Chosen","floor":19,"turns":4},{"damage":1,"enemies":"Centurion and Healer","floor":20,"turns":4},{"damage":18,"enemies":"Snecko","floor":22,"turns":4},{"damage":21,"enemies":"Replay:Snechameleon","floor":23,"turns":4},{"damage":20,"enemies":"Slavers","floor":25,"turns":4},{"damage":0,"enemies":"3 Cultists","floor":28,"turns":2},{"damage":14,"enemies":"Centurion and Healer","floor":29,"turns":6},{"damage":13,"enemies":"Shelled Parasite and Fungi","floor":30,"turns":3},{"damage":8,"enemies":"Snake Plant","floor":31,"turns":4},{"damage":45,"enemies":"Pondfish","floor":33,"turns":5}],"seed_played":"-8351830506698322338","potions_obtained":[{"floor":1,"key":"LifebloodPotion"},{"floor":2,"key":"Fire Potion"},{"floor":2,"key":"Death Potion"},{"floor":8,"key":"SkillPotion"},{"floor":12,"key":"ColorlessPotion"},{"floor":18,"key":"SteroidPotion"},{"floor":23,"key":"Adrenaline Potion"},{"floor":25,"key":"Energy Potion"},{"floor":30,"key":"EntropicBrew"}],"is_trial":false,"path_per_floor":["M","?","M","?","M","R","E","M","T","R","E","M","$","M","R","B",null,"M","M","M","?","M","E","$","E","T","R","M","M","M","M","R","B"],"character_chosen":"DEFECT","items_purchased":["Meat on the Bone","ReplayTheSpireMod:CursedCoin","Blue Doll","Seek"],"campfire_rested":1,"item_purchase_floors":[13,24,24,24],"current_hp_per_floor":[59,59,54,54,52,52,36,30,30,52,43,37,37,46,46,46,68,68,68,67,67,49,40,40,32,32,32,44,42,41,45,45,0,0],"gold":99,"neow_bonus":"BOSS_RELIC","is_daily":false,"chose_seed":false,"campfire_upgraded":4,"win_rate":0.0,"timestamp":1608520029,"path_taken":["M","?","?","?","M","R","E","?","T","R","E","?","$","M","R","BOSS","M","M","M","?","M","E","$","E","T","R","M","M","M","?","R","BOSS"],"items_purchased_type":["Relic","Relic","Relic","Card"],"build_version":"2020-12-13","purchased_purges":1,"victory":false,"max_hp_per_floor":[75,75,75,75,75,75,75,75,75,75,75,75,75,75,75,75,75,75,75,75,75,75,75,75,75,75,75,75,75,75,75,75,75,75],"card_choices":[{"not_picked":["Gash","Self Repair"],"picked":"Hello World","floor":1},{"not_picked":["Sweeping Beam","Stack"],"picked":"Beam Cell","floor":3},{"not_picked":["Leap","Redo"],"picked":"White Noise","floor":5},{"not_picked":["Go for the Eyes","Ball Lightning"],"picked":"Barrage","floor":7},{"not_picked":["Fusion","Barrage"],"picked":"Force Field","floor":8},{"not_picked":["Stack","ReplayTheSpireMod:Reroute Power"],"picked":"ReplayTheSpireMod:Omega Cannon","floor":11},{"not_picked":["Turbo","Go for the Eyes"],"picked":"BasicCrystalCard","floor":12},{"not_picked":["Fusion","Steam"],"picked":"Compile Driver","floor":14},{"not_picked":["Machine Learning","Meteor Strike"],"picked":"Biased Cognition","floor":16},{"not_picked":["Turbo","Leap"],"picked":"Hologram","floor":18},{"not_picked":["Reinforced Body","ReplayGash+1"],"picked":"Barrage+1","floor":19},{"not_picked":["Panic Button","Blizzard"],"picked":"Redo","floor":20},{"not_picked":["Gash","Beam Cell+1"],"picked":"Redo+1","floor":22},{"not_picked":["Ball Lightning","Rebound"],"picked":"Reprogram","floor":23},{"not_picked":["Chill","Darkness"],"picked":"Fission","floor":25},{"not_picked":["Cold Snap","Steam Power"],"picked":"Conserve Battery","floor":28},{"not_picked":["Panic Button","FIFO Queue"],"picked":"ReplayTheSpireMod:System Scan+1","floor":29},{"not_picked":["Auto Shields+1","Barrage"],"picked":"Sunder+1","floor":30},{"not_picked":["Compile Driver","All For One","Gash"],"picked":"SKIP","floor":31}],"player_experience":586159,"relics_obtained":[{"floor":7,"key":"Runesmith:Nanobots"},{"floor":9,"key":"War Paint"},{"floor":11,"key":"Bag of Preparation"},{"floor":23,"key":"Replay:Antivirus Software"},{"floor":25,"key":"Runesmith:AutoHammer"},{"floor":26,"key":"PreservedInsect"}],"event_choices":[{"damage_healed":0,"gold_gain":0,"player_choice":"Got Potions","damage_taken":0,"max_hp_gain":0,"max_hp_loss":0,"event_name":"Lab","floor":2,"gold_loss":0},{"damage_healed":0,"gold_gain":0,"player_choice":"Upgraded","damage_taken":0,"max_hp_gain":0,"max_hp_loss":0,"event_name":"Upgrade Shrine","floor":4,"gold_loss":0,"cards_upgraded":["Dualcast"]},{"cards_removed":["Defend_B"],"damage_healed":0,"gold_gain":0,"player_choice":"Purged","damage_taken":0,"max_hp_gain":0,"max_hp_loss":0,"event_name":"Purifier","floor":21,"gold_loss":0}],"is_beta":false,"boss_relics":[{"not_picked":["SacredBark","Runic Dome"],"picked":"Nuclear Battery"}],"items_purged_floors":[24],"is_endless":false,"potions_floor_spawned":[1,3,8,12,18,23,25,30,31],"killed_by":"Pondfish","ascension_level":9}}