{"host":"oc9j5nmpwz4e9fqj","time":1608570613,"event":{"mods":["AchievementEnabler","BaseMod","Conspire","KomeijiMod","Minty Spire (QoL Compilation)","Quick Restart","Replay The Spire","Shop Mod","StSLib","TestMod","Yuri Mod","[IsaacMod]ÒÔÈö¼âËþ"],"gold_per_floor":[558,558,977,576,1085,1085,1085,1085,1155,1190,1612,1281,1281,1697,1697,3557,3557,3967,3599,4075,4421,4888,4952,5419,5440,5440],"floor_reached":25,"playtime":1409,"items_purged":["Strike_G","Strike_G","Strike_G"],"score":575,"play_id":"7b8b8101-524a-4476-beb9-b0efdef23d84","local_time":"20201222021013","is_ascension_mode":true,"campfire_choices":[{"floor":6,"key":"RECALL"},{"data":"Poisoned Stab","floor":8,"key":"SMITH"},{"data":"Poison Darts","floor":15,"key":"SMITH"}],"circlet_count":0,"master_deck":["AscendersBane","Strike_G","Strike_G","Defend_G","Defend_G","Defend_G","Defend_G","Defend_G","Survivor","Neutralize","BettingIsNotGood","BettingIsNotGood","Poisoned Stab+1","Noxious Fumes","Dagger Spray","Catalyst","Poison Darts+1","Deadly Poison","Bane","Corpse Explosion","Bullet Time","Toxin Wave+1","Bouncing Flask"],"relics":["Ring of the Snake","testmod-TestBox","HushsDoor","TheBible","testmod-GiftOfSatan","Membership Card","MealTicket","BookOfRevelations","Tingsha","conspire:DeflatedDodgeball","Pen Nib","SalivaCoin","ReplayFunnel","HoshigumaDish","conspire:TreasureMap","GnawedLeaf","Lantern","DeadEye"],"acts_visited":["Exordium","TheCity"],"potions_floor_usage":[10,16,23],"damage_taken":[{"damage":14,"enemies":"Small Slimes","floor":1,"turns":5},{"damage":0,"enemies":"2 Louse","floor":3,"turns":1},{"damage":1,"enemies":"Cultist","floor":5,"turns":3},{"damage":39,"enemies":"3 Sentries","floor":10,"turns":5},{"damage":19,"enemies":"Blue Slaver","floor":11,"turns":3},{"damage":4,"enemies":"Red Slaver","floor":14,"turns":3},{"damage":21,"enemies":"Fading Forest","floor":16,"turns":10},{"damage":29,"enemies":"2 Thieves","floor":18,"turns":4},{"damage":5,"enemies":"conspire:FuzzyDice","floor":20,"turns":4},{"damage":15,"enemies":"Centurion and Healer","floor":21,"turns":3},{"damage":22,"enemies":"Sentry and Sphere","floor":22,"turns":5},{"damage":13,"enemies":"conspire:SneckoGhost","floor":23,"turns":6},{"damage":0,"enemies":"Snecko","floor":24,"turns":3},{"damage":18,"enemies":"Replay:Snechameleon","floor":25,"turns":2}],"seed_played":"3109606476375261297","potions_obtained":[{"floor":1,"key":"Venom Potion"},{"floor":5,"key":"Regen Potion"},{"floor":11,"key":"SkillPotion"},{"floor":18,"key":"EssenceOfSteel"},{"floor":23,"key":"Adrenaline Potion"},{"floor":24,"key":"Block Potion"}],"is_trial":false,"path_per_floor":["M","?","M","$","M","R","?","R","T","E","M","$","?","M","R","B",null,"M","$","M","M","M","E","M","E"],"character_chosen":"THE_SILENT","items_purchased":["Membership Card","MealTicket","BookOfRevelations","conspire:DeflatedDodgeball","Pen Nib","Deadly Poison","Bane","conspire:TreasureMap","GnawedLeaf","Lantern"],"campfire_rested":0,"item_purchase_floors":[4,4,4,12,12,12,12,19,19,19],"current_hp_per_floor":[66,66,66,66,71,71,71,71,71,56,37,52,52,48,48,35,70,46,61,56,41,19,11,11,0,0],"gold":5440,"neow_bonus":"TEN_PERCENT_HP_BONUS","is_daily":false,"chose_seed":false,"campfire_upgraded":2,"win_rate":0.0,"timestamp":1608570613,"path_taken":["M","?","M","$","?","R","?","R","T","E","?","$","?","M","R","BOSS","M","$","M","M","M","E","M","E"],"items_purchased_type":["Relic","Relic","Relic","Relic","Relic","Card","Card","Relic","Relic","Relic"],"build_version":"2020-12-13","purchased_purges":3,"victory":false,"max_hp_per_floor":[77,77,77,77,77,77,77,77,77,82,82,82,82,82,82,82,82,82,82,82,82,82,82,82,82,82],"card_choices":[{"not_picked":[],"picked":"BettingIsNotGood","floor":0},{"not_picked":[],"picked":"BettingIsNotGood","floor":0},{"not_picked":["Reflex","Outmaneuver"],"picked":"Poisoned Stab","floor":1},{"not_picked":["Terror","Deflect"],"picked":"Noxious Fumes","floor":1},{"not_picked":["Flying Knee","ReplayTheSpireMod:Necrosis"],"picked":"Dagger Spray","floor":3},{"not_picked":["Cloak And Dagger","Calculated Gamble","Setup"],"picked":"SKIP","floor":3},{"not_picked":["Hidden Blade","Dagger Throw","Sucker Punch"],"picked":"SKIP","floor":5},{"not_picked":["Poisoned Stab","Blade Dance","Dodge and Roll"],"picked":"SKIP","floor":5},{"not_picked":["Bomb","Acrobatics"],"picked":"Catalyst","floor":10},{"not_picked":["Deadly Poison","Bane"],"picked":"Poison Darts","floor":11},{"not_picked":["Escape Plan","Flying Knee","Prepared"],"picked":"SKIP","floor":11},{"not_picked":["Masterful Stab","Outmaneuver","Leg Sweep"],"picked":"SKIP","floor":14},{"not_picked":["Underhanded Strike","Predator","Poisoned Stab"],"picked":"SKIP","floor":14},{"not_picked":["Unload","Envenom"],"picked":"Corpse Explosion","floor":16},{"not_picked":["ReplayTheSpireMod:From All Sides","Burst"],"picked":"Bullet Time","floor":16},{"not_picked":["Dodge and Roll","Slice","Blade Dance"],"picked":"SKIP","floor":18},{"not_picked":["Backflip","ReplayTheSpireMod:The Works","Poisoned Stab"],"picked":"SKIP","floor":18},{"not_picked":["Underhanded Strike","conspire:PoisonWeapons","ReplayTheSpireMod:Shiv Toss"],"picked":"SKIP","floor":20},{"not_picked":["Catalyst","Cloak And Dagger","Deflect"],"picked":"SKIP","floor":20},{"not_picked":["Backflip+1","Dash","PiercingWail"],"picked":"SKIP","floor":21},{"not_picked":["Outmaneuver","Deadly Poison","After Image"],"picked":"SKIP","floor":21},{"not_picked":["Deadly Poison","Flechettes"],"picked":"Toxin Wave+1","floor":22},{"not_picked":["Deflect+1","Bane","Dagger Spray"],"picked":"SKIP","floor":22},{"not_picked":["Outmaneuver","Terror","Dagger Throw"],"picked":"SKIP","floor":23},{"not_picked":["Underhanded Strike","Dagger Spray"],"picked":"Bouncing Flask","floor":24},{"not_picked":["Skewer","Cloak And Dagger","Dagger Spray"],"picked":"SKIP","floor":24}],"player_experience":228771,"relics_obtained":[{"floor":10,"key":"Tingsha"},{"floor":16,"key":"SalivaCoin"},{"floor":16,"key":"ReplayFunnel"},{"floor":16,"key":"HoshigumaDish"},{"floor":23,"key":"DeadEye"}],"event_choices":[{"damage_healed":0,"gold_gain":0,"player_choice":"Ignored","damage_taken":0,"max_hp_gain":0,"max_hp_loss":0,"event_name":"Liars Game","floor":2,"gold_loss":0}],"is_beta":false,"boss_relics":[{"not_picked":["testmod-NegativeEmotionEnhancer","testmod-Fanaticism","Cursed Key"]}],"items_purged_floors":[4,12,19],"is_endless":false,"potions_floor_spawned":[1,3,3,5,5,11,14,18,20,20,21,23,24,24],"killed_by":"Replay:Snechameleon","ascension_level":20}}