{"host":"TheHustler","time":1608579274,"event":{"mods":["BaseMod","Block Reminder","Colored Map","Colored Powertips","Minty Spire (QoL Compilation)","Quick Restart","StSLib","SuperFastMode","Unceasing Turn Reminder"],"gold_per_floor":[144,189,189,39,84,84,174,219,231,243,345,452,554,611,623,935,947,1004,897,942,987,1032,1032,1122,1122,1147,1296,1386,1436,989,1034,1034,1334,1334,1379,741,791,491,541,631,676,876,901,951,1001,1046,1136,1186,1186,1186],"floor_reached":51,"playtime":1343,"items_purged":["Decay"],"score":1063,"play_id":"c5b3ff08-fcbe-4937-80cd-bc1cc330153a","local_time":"20201221203434","daily_mods":["Shiny","Vintage","Midas"],"is_ascension_mode":false,"campfire_choices":[{"floor":6.0,"key":"REST"},{"floor":10.0,"key":"REST"},{"floor":15,"key":"REST"},{"floor":23,"key":"REST"},{"floor":25,"key":"REST"},{"floor":32,"key":"REST"},{"floor":49,"key":"REST"}],"circlet_count":0,"master_deck":["Double Tap","Demon Form","Bludgeon","Feed","Limit Break","Corruption","Barricade","Fiend Fire","Berserk","Impervious","Juggernaut","Reaper","Exhume","Offering","Immolate","Impervious","Berserk","Shrug It Off","Dark Embrace","Body Slam+1","Entrench","Juggernaut+1","Seeing Red+1","Bash","Flame Barrier+1","Anger"],"relics":["Burning Blood","Bottled Flame","Pen Nib","SsserpentHead","Strange Spoon","Tiny Chest","Singing Bowl","MawBank","Anchor","StoneCalendar","Bag of Preparation","Torii","PreservedInsect","Runic Dome","Bronze Scales","Juzu Bracelet","Ornamental Fan","Paper Frog","Frozen Egg 2","MealTicket","Art of War","Happy Flower","Oddly Smooth Stone","Toxic Egg 2","Philosopher\u0027s Stone","Mummified Hand","Bag of Marbles","Turnip","Lee\u0027s Waffle","Mercury Hourglass","Thread and Needle","Strawberry","Regal Pillow","Charon\u0027s Ashes","Omamori","Meat on the Bone","Bottled Lightning","Orichalcum"],"acts_visited":["Exordium","TheCity","TheBeyond"],"potions_floor_usage":[50,50,50],"damage_taken":[{"damage":20.0,"enemies":"Jaw Worm","floor":1.0,"turns":4.0},{"damage":0.0,"enemies":"Cultist","floor":2.0,"turns":2.0},{"damage":0.0,"enemies":"Small Slimes","floor":5.0,"turns":1.0},{"damage":15.0,"enemies":"3 Sentries","floor":7.0,"turns":4.0},{"damage":7.0,"enemies":"Exordium Thugs","floor":8.0,"turns":5.0},{"damage":44.0,"enemies":"Gremlin Nob","floor":11.0,"turns":4.0},{"damage":0.0,"enemies":"Looter","floor":12.0,"turns":3.0},{"damage":6.0,"enemies":"Lagavulin","floor":13.0,"turns":6.0},{"damage":6,"enemies":"2 Fungi Beasts","floor":14,"turns":2},{"damage":6,"enemies":"Slime Boss","floor":16,"turns":7},{"damage":0,"enemies":"Shell Parasite","floor":18,"turns":3},{"damage":6,"enemies":"Spheric Guardian","floor":20,"turns":4},{"damage":12,"enemies":"Snake Plant","floor":21,"turns":5},{"damage":29,"enemies":"Centurion and Healer","floor":22,"turns":5},{"damage":8,"enemies":"Book of Stabbing","floor":24,"turns":2},{"damage":8,"enemies":"Slavers","floor":28,"turns":4},{"damage":51,"enemies":"3 Cultists","floor":31,"turns":4},{"damage":31,"enemies":"Champ","floor":33,"turns":4},{"damage":38,"enemies":"3 Darklings","floor":35,"turns":4},{"damage":2,"enemies":"Giant Head","floor":40,"turns":3},{"damage":6,"enemies":"Orb Walker","floor":41,"turns":2},{"damage":7,"enemies":"Mind Bloom Boss Battle","floor":42,"turns":3},{"damage":43,"enemies":"Spire Growth","floor":46,"turns":3},{"damage":51,"enemies":"Reptomancer","floor":47,"turns":4},{"damage":70,"enemies":"Time Eater","floor":50,"turns":7}],"seed_played":"7329645460642280970","potions_obtained":[{"floor":1.0,"key":"Energy Potion"},{"floor":2.0,"key":"FearPotion"},{"floor":11.0,"key":"EssenceOfSteel"},{"floor":12.0,"key":"SneckoOil"},{"floor":18,"key":"Swift Potion"},{"floor":28,"key":"Dexterity Potion"},{"floor":47,"key":"Regen Potion"}],"is_trial":false,"path_per_floor":["M","M","?","$","M","R","E","M","T","R","E","M","E","M","R","B",null,"M","$","M","M","M","R","E","R","T","?","E","?","$","M","R","B",null,"M","$","T","$","?","E","M","?","T","?","T","M","E","?","R","B",null],"character_chosen":"IRONCLAD","items_purchased":["Strange Spoon","Shrug It Off","Dark Embrace","Happy Flower","Oddly Smooth Stone","Entrench","Seeing Red+1","Bag of Marbles","Turnip","Lee\u0027s Waffle","Thread and Needle"],"campfire_rested":7,"item_purchase_floors":[4,19,19,30,30,30,36,36,36,36,38],"current_hp_per_floor":[72,81,81,81,86,86,80,82,82,92,66,72,74,77,99,99,99,99,99,102,96,91,102,100,102,102,102,102,102,104,95,104,79,104,72,111,111,111,111,120,120,121,121,122,122,91,74,74,122,76],"gold":1186,"neow_bonus":"","is_daily":true,"chose_seed":false,"campfire_upgraded":0,"win_rate":0.0,"timestamp":1608579274,"path_taken":["M","M","?","$","M","R","E","M","T","R","E","?","E","M","R","BOSS","M","$","M","M","M","R","E","R","T","?","E","?","$","M","R","BOSS","M","$","?","$","?","E","M","?","T","?","?","M","E","?","R","BOSS"],"items_purchased_type":["Relic","Card","Card","Relic","Relic","Card","Card","Relic","Relic","Relic","Relic"],"build_version":"2020-12-18","purchased_purges":1,"victory":true,"max_hp_per_floor":[80,83,83,83,86,86,89,92,92,92,94,94,96,99,99,99,99,99,99,102,102,102,102,102,102,102,102,104,104,104,104,104,104,104,104,111,111,111,111,120,120,122,122,122,122,122,122,122,122,122],"card_choices":[{"not_picked":["Armaments","Body Slam"],"picked":"Impervious","floor":7.0},{"not_picked":["Wild Strike","Inflame","Sword Boomerang"],"picked":"Singing Bowl","floor":11.0},{"not_picked":["Pummel","Iron Wave","Fiend Fire"],"picked":"Singing Bowl","floor":13.0},{"not_picked":["Fiend Fire","Immolate"],"picked":"Berserk","floor":16},{"not_picked":["Reckless Charge","Thunderclap+1"],"picked":"Body Slam+1","floor":24},{"not_picked":["Havoc","Rage","Clash"],"picked":"Singing Bowl","floor":28},{"not_picked":["Corruption+1","Fiend Fire"],"picked":"Juggernaut+1","floor":33},{"not_picked":["Battle Trance+1","Fire Breathing+1","Headbutt"],"picked":"Singing Bowl","floor":40},{"not_picked":["Whirlwind","Cleave+1","Clash+1"],"picked":"Singing Bowl","floor":42},{"not_picked":["Cleave","True Grit+1"],"picked":"Flame Barrier+1","floor":47}],"player_experience":605444,"relics_obtained":[{"floor":1.0,"key":"Bottled Flame"},{"floor":2.0,"key":"Pen Nib"},{"floor":5.0,"key":"Tiny Chest"},{"floor":7.0,"key":"Singing Bowl"},{"floor":8.0,"key":"MawBank"},{"floor":9.0,"key":"Anchor"},{"floor":11.0,"key":"StoneCalendar"},{"floor":12.0,"key":"Bag of Preparation"},{"floor":13.0,"key":"Torii"},{"floor":14,"key":"PreservedInsect"},{"floor":18,"key":"Bronze Scales"},{"floor":20,"key":"Juzu Bracelet"},{"floor":21,"key":"Ornamental Fan"},{"floor":22,"key":"Paper Frog"},{"floor":24,"key":"Frozen Egg 2"},{"floor":26,"key":"MealTicket"},{"floor":28,"key":"Art of War"},{"floor":31,"key":"Toxic Egg 2"},{"floor":35,"key":"Mummified Hand"},{"floor":37,"key":"Mercury Hourglass"},{"floor":40,"key":"Strawberry"},{"floor":41,"key":"Regal Pillow"},{"floor":42,"key":"Charon\u0027s Ashes"},{"floor":43,"key":"Omamori"},{"floor":45,"key":"Meat on the Bone"},{"floor":46,"key":"Bottled Lightning"},{"floor":47,"key":"Orichalcum"}],"event_choices":[{"damage_healed":0.0,"max_hp_gain":0.0,"max_hp_loss":0.0,"gold_gain":0.0,"event_name":"FaceTrader","player_choice":"Trade","floor":3.0,"gold_loss":0.0,"damage_taken":0.0,"relics_obtained":["SsserpentHead"]},{"damage_healed":0,"gold_gain":99,"player_choice":"Stole From Cult","damage_taken":0,"max_hp_gain":0,"max_hp_loss":0,"event_name":"Nest","floor":27,"gold_loss":0},{"damage_healed":0,"gold_gain":0,"player_choice":"Cursed","damage_taken":0,"max_hp_gain":0,"max_hp_loss":0,"event_name":"Wheel of Change","floor":29,"gold_loss":0,"cards_obtained":["Decay"]},{"damage_healed":0,"gold_gain":0,"player_choice":"1 cards matched","damage_taken":0,"max_hp_gain":0,"max_hp_loss":0,"event_name":"Match and Keep!","floor":39,"gold_loss":0,"cards_obtained":["Bash"]},{"damage_healed":0,"gold_gain":0,"player_choice":"Fight","damage_taken":0,"max_hp_gain":0,"max_hp_loss":0,"event_name":"MindBloom","floor":42,"gold_loss":0},{"damage_healed":31,"gold_gain":0,"player_choice":"Writhe","damage_taken":0,"max_hp_gain":0,"max_hp_loss":0,"event_name":"Winding Halls","floor":44,"gold_loss":0,"cards_obtained":["Writhe"]},{"damage_healed":0,"gold_gain":0,"cards_transformed":["Brutality"],"player_choice":"Transformed","damage_taken":0,"max_hp_gain":0,"max_hp_loss":0,"event_name":"Transmorgrifier","floor":48,"gold_loss":0,"cards_obtained":["Anger"]}],"is_beta":true,"boss_relics":[{"not_picked":["Calling Bell","Black Star"],"picked":"Runic Dome"},{"not_picked":["Astrolabe","Runic Pyramid"],"picked":"Philosopher\u0027s Stone"}],"items_purged_floors":[30],"is_endless":false,"potions_floor_spawned":[1,2,11,12,13,18,20,24,28,41,42,47],"ascension_level":0}}