{"host":"1kq2ingo3j45gyyp","time":1608518082,"event":{"mods":["BaseMod","Better Note","Better Third Choice","Minty Spire (QoL Compilation)","StSLib"],"gold_per_floor":[144,144,189,234,279,279,369,381,393,450,462,474,531,588,600,912,924,981,568,613,658,703,703,793,838,863,823,868,868,913,257,257,557,557,602,84,234,7,7,97,142,242,267,267,273,318,408,408,408,408],"floor_reached":51,"playtime":1748,"items_purged":["Corruption"],"score":1004,"play_id":"8b2f3804-d7ee-4c91-9701-e16e867bbca1","local_time":"20201220213442","daily_mods":["Shiny","Vintage","Midas"],"is_ascension_mode":false,"campfire_choices":[{"floor":6,"key":"REST"},{"floor":11,"key":"REST"},{"floor":15,"key":"REST"},{"floor":23,"key":"REST"},{"floor":32,"key":"REST"},{"floor":49,"key":"REST"}],"circlet_count":0,"master_deck":["Double Tap","Demon Form","Bludgeon","Feed","Limit Break","Barricade","Fiend Fire","Berserk","Impervious","Juggernaut","Reaper","Exhume","Offering","Immolate","Uppercut+1","Limit Break","Shrug It Off","Shrug It Off","Thunderclap+1","Sadistic Nature+1","Panacea+1","Impervious+1","Inflame+1","Shrug It Off+1","Clothesline","Twin Strike","Finesse+1"],"relics":["Burning Blood","Bottled Flame","NlothsMask","Pen Nib","Tiny Chest","Singing Bowl","MawBank","StoneCalendar","Bag of Preparation","Torii","Runic Dome","PreservedInsect","Blood Vial","DollysMirror","Bronze Scales","Juzu Bracelet","Ornamental Fan","Paper Frog","Frozen Egg 2","MealTicket","Art of War","Toxic Egg 2","Mummified Hand","Oddly Smooth Stone","Happy Flower","Philosopher\u0027s Stone","Mercury Hourglass","Bag of Marbles","Turnip","Charon\u0027s Ashes","Brimstone","Strawberry","Regal Pillow","Omamori","Meat on the Bone","Prayer Wheel","Bottled Lightning","Orichalcum"],"acts_visited":["Exordium","TheCity","TheBeyond"],"potions_floor_usage":[5,16,25,37,50,50],"damage_taken":[{"damage":6,"enemies":"Jaw Worm","floor":1,"turns":3},{"damage":0,"enemies":"Cultist","floor":3,"turns":4},{"damage":0,"enemies":"Small Slimes","floor":4,"turns":1},{"damage":13,"enemies":"Exordium Thugs","floor":5,"turns":2},{"damage":30,"enemies":"3 Sentries","floor":7,"turns":3},{"damage":10,"enemies":"Looter","floor":10,"turns":2},{"damage":0,"enemies":"2 Fungi Beasts","floor":13,"turns":2},{"damage":0,"enemies":"3 Louse","floor":14,"turns":1},{"damage":0,"enemies":"Slime Boss","floor":16,"turns":6},{"damage":28,"enemies":"Shell Parasite","floor":18,"turns":4},{"damage":0,"enemies":"Spheric Guardian","floor":20,"turns":2},{"damage":13,"enemies":"Snake Plant","floor":21,"turns":4},{"damage":15,"enemies":"Centurion and Healer","floor":22,"turns":3},{"damage":30,"enemies":"Book of Stabbing","floor":24,"turns":3},{"damage":8,"enemies":"3 Cultists","floor":25,"turns":4},{"damage":7,"enemies":"Sentry and Sphere","floor":28,"turns":3},{"damage":12,"enemies":"Shelled Parasite and Fungi","floor":30,"turns":2},{"damage":28,"enemies":"Champ","floor":33,"turns":6},{"damage":6,"enemies":"3 Darklings","floor":35,"turns":4},{"damage":0,"enemies":"Mind Bloom Boss Battle","floor":37,"turns":2},{"damage":6,"enemies":"Giant Head","floor":40,"turns":2},{"damage":0,"enemies":"Orb Walker","floor":41,"turns":1},{"damage":21,"enemies":"2 Orb Walkers","floor":45,"turns":2},{"damage":12,"enemies":"Spire Growth","floor":46,"turns":2},{"damage":0,"enemies":"Reptomancer","floor":47,"turns":1},{"damage":44,"enemies":"Time Eater","floor":50,"turns":5}],"seed_played":"7329645460642280970","potions_obtained":[{"floor":1,"key":"Energy Potion"},{"floor":3,"key":"FearPotion"},{"floor":4,"key":"ColorlessPotion"},{"floor":18,"key":"FearPotion"},{"floor":24,"key":"FairyPotion"},{"floor":30,"key":"Dexterity Potion"},{"floor":35,"key":"BlessingOfTheForge"},{"floor":41,"key":"PowerPotion"},{"floor":47,"key":"Strength Potion"}],"is_trial":false,"path_per_floor":["M","?","M","M","M","R","E","?","T","M","R","$","M","M","R","B",null,"M","$","M","M","M","R","E","M","T","?","M","T","M","$","R","B",null,"M","$","?","$","?","E","M","?","T","T","?","M","E","?","R","B",null],"character_chosen":"IRONCLAD","items_purchased":["Shrug It Off","Blood Vial","DollysMirror","Oddly Smooth Stone","Happy Flower","Dropkick","Sadistic Nature+1","Panacea+1","Inflame+1","Bag of Marbles","Turnip","Brimstone","Clothesline","Twin Strike"],"campfire_rested":6,"item_purchase_floors":[19,19,19,31,31,31,31,31,36,36,36,38,38,38],"current_hp_per_floor":[83,83,86,86,82,89,80,80,80,76,89,89,92,92,92,92,92,73,73,81,81,77,95,82,101,101,101,100,100,98,104,104,107,107,107,107,111,111,111,123,123,123,123,123,113,112,122,122,133,114],"gold":408,"neow_bonus":"","is_daily":true,"chose_seed":false,"campfire_upgraded":0,"win_rate":0.0,"timestamp":1608518082,"path_taken":["M","?","?","?","M","R","E","?","T","?","R","$","M","M","R","BOSS","M","$","M","M","M","R","E","M","T","?","M","?","M","$","R","BOSS","M","$","?","$","?","E","M","?","T","?","?","M","E","?","R","BOSS"],"items_purchased_type":["Card","Relic","Relic","Relic","Relic","Card","Card","Card","Card","Relic","Relic","Relic","Card","Card"],"build_version":"2020-12-13","purchased_purges":1,"victory":true,"max_hp_per_floor":[83,83,86,86,89,89,89,89,89,89,89,89,92,92,92,92,92,92,92,92,92,95,95,98,101,101,101,101,101,104,104,104,107,107,107,107,111,111,111,123,123,123,123,123,128,131,133,133,133,133],"card_choices":[{"not_picked":["Dark Embrace","Inflame"],"picked":"Uppercut","floor":7},{"not_picked":["Demon Form","Corruption"],"picked":"Limit Break","floor":16},{"not_picked":["Body Slam+1","Reckless Charge"],"picked":"Thunderclap+1","floor":24},{"not_picked":["Corruption+1","Juggernaut+1"],"picked":"Impervious+1","floor":33},{"not_picked":["Clothesline+1","Pommel Strike"],"picked":"Shrug It Off+1","floor":37},{"not_picked":["Panacea+1","Discovery+1"],"picked":"Finesse+1","floor":39},{"not_picked":["Whirlwind","Combust+1","Clash+1"],"picked":"Singing Bowl","floor":40},{"not_picked":["Body Slam+1","Cleave","True Grit+1"],"picked":"Singing Bowl","floor":45},{"not_picked":["Clothesline","Flame Barrier+1","Infernal Blade+1"],"picked":"Singing Bowl","floor":47}],"player_experience":798846,"relics_obtained":[{"floor":1,"key":"Bottled Flame"},{"floor":3,"key":"Pen Nib"},{"floor":4,"key":"Tiny Chest"},{"floor":5,"key":"Singing Bowl"},{"floor":7,"key":"MawBank"},{"floor":10,"key":"StoneCalendar"},{"floor":13,"key":"Bag of Preparation"},{"floor":14,"key":"Torii"},{"floor":18,"key":"PreservedInsect"},{"floor":20,"key":"Bronze Scales"},{"floor":21,"key":"Juzu Bracelet"},{"floor":22,"key":"Ornamental Fan"},{"floor":24,"key":"Paper Frog"},{"floor":25,"key":"Frozen Egg 2"},{"floor":26,"key":"MealTicket"},{"floor":28,"key":"Art of War"},{"floor":29,"key":"Toxic Egg 2"},{"floor":30,"key":"Mummified Hand"},{"floor":35,"key":"Mercury Hourglass"},{"floor":37,"key":"Charon\u0027s Ashes"},{"floor":40,"key":"Strawberry"},{"floor":41,"key":"Regal Pillow"},{"floor":43,"key":"Omamori"},{"floor":44,"key":"Meat on the Bone"},{"floor":45,"key":"Prayer Wheel"},{"floor":46,"key":"Bottled Lightning"},{"floor":47,"key":"Orichalcum"}],"event_choices":[{"damage_healed":0,"gold_gain":0,"player_choice":"Trade","damage_taken":0,"relics_obtained":["NlothsMask"],"max_hp_gain":0,"max_hp_loss":0,"event_name":"FaceTrader","floor":2,"gold_loss":0},{"cards_removed":["Brutality"],"damage_healed":0,"gold_gain":0,"player_choice":"Purged","damage_taken":0,"max_hp_gain":0,"max_hp_loss":0,"event_name":"Purifier","floor":8,"gold_loss":0},{"damage_healed":0,"gold_gain":0,"player_choice":"Upgrade","damage_taken":0,"max_hp_gain":0,"max_hp_loss":0,"event_name":"Designer","floor":27,"gold_loss":40,"cards_upgraded":["Uppercut"]},{"damage_healed":0,"gold_gain":0,"player_choice":"Fight","damage_taken":0,"max_hp_gain":0,"max_hp_loss":0,"event_name":"MindBloom","floor":37,"gold_loss":0},{"damage_healed":0,"gold_gain":0,"player_choice":"Memory 1","damage_taken":0,"max_hp_gain":0,"max_hp_loss":0,"event_name":"SensoryStone","floor":39,"gold_loss":0},{"damage_healed":0,"gold_gain":100,"player_choice":"Pray","damage_taken":0,"max_hp_gain":0,"max_hp_loss":0,"event_name":"Golden Shrine","floor":42,"gold_loss":0},{"damage_healed":0,"gold_gain":0,"player_choice":"Fight","damage_taken":0,"max_hp_gain":0,"max_hp_loss":0,"event_name":"Mysterious Sphere","floor":45,"gold_loss":0},{"cards_removed":["Dropkick"],"damage_healed":0,"gold_gain":0,"player_choice":"Removed Attack","damage_taken":0,"max_hp_gain":0,"max_hp_loss":0,"event_name":"Falling","floor":48,"gold_loss":0}],"is_beta":false,"boss_relics":[{"not_picked":["Calling Bell","Black Star"],"picked":"Runic Dome"},{"not_picked":["Astrolabe","Runic Pyramid"],"picked":"Philosopher\u0027s Stone"}],"items_purged_floors":[19],"is_endless":false,"potions_floor_spawned":[1,3,4,18,24,30,35,41,47],"ascension_level":0}}