{"host":"4qkvkh7pd9qr2mca","time":1608556438,"event":{"mods":["AchievementEnabler","BaseMod","Colored Map","Colored Powertips","Highlight Path","Minty Spire (QoL Compilation)","Permanent Neow","Quick Restart","StSLib","SuperFastMode"],"gold_per_floor":[114,2,2,17,17,46,46,63,63,95,95,9,9,41,41,120,120,131,148,95,95,95,95,95],"floor_reached":23,"playtime":510,"items_purged":["Strike_R"],"score":485,"play_id":"81fcc992-eff0-4041-ba72-c3a370b6e30c","local_time":"20201221141358","is_ascension_mode":true,"campfire_choices":[{"data":"Feed","floor":7.0,"key":"SMITH"},{"data":"Demon Form","floor":11.0,"key":"SMITH"},{"floor":15.0,"key":"REST"}],"circlet_count":0,"master_deck":["AscendersBane","Strike_R","Strike_R","Strike_R","Defend_R","Defend_R","Defend_R","Defend_R","Bash+1","Pommel Strike","Ghostly Armor","Feed+1","Demon Form+1","True Grit","Ghostly Armor","Combust","Feed","Reaper","Rage+1","Whirlwind","Shrug It Off+1","Shame","Doubt"],"relics":["Burning Blood","NeowsBlessing","Question Card","Ornamental Fan","Tiny Chest","Toxic Egg 2","Singing Bowl","Cursed Key","HornCleat","Gremlin Horn"],"acts_visited":["Exordium","TheCity"],"potions_floor_usage":[],"damage_taken":[{"damage":0.0,"enemies":"Small Slimes","floor":1.0,"turns":1.0},{"damage":0.0,"enemies":"2 Louse","floor":4.0,"turns":1.0},{"damage":0.0,"enemies":"Lagavulin","floor":6.0,"turns":2.0},{"damage":2.0,"enemies":"Jaw Worm","floor":8.0,"turns":2.0},{"damage":45.0,"enemies":"3 Sentries","floor":10.0,"turns":10.0},{"damage":24.0,"enemies":"Lagavulin","floor":14.0,"turns":7.0},{"damage":41.0,"enemies":"Hexaghost","floor":16.0,"turns":8.0},{"damage":21.0,"enemies":"Chosen","floor":18.0,"turns":5.0},{"damage":63.0,"enemies":"3 Byrds","floor":19.0,"turns":7.0},{"damage":0,"enemies":"Book of Stabbing","floor":23,"turns":1}],"seed_played":"-9071854232897255259","potions_obtained":[{"floor":10.0,"key":"Ancient Potion"},{"floor":14.0,"key":"Weak Potion"},{"floor":16.0,"key":"EssenceOfSteel"},{"floor":19.0,"key":"Block Potion"}],"is_trial":false,"path_per_floor":["M","$","?","M","?","E","R","M","T","E","R","$","T","E","R","B",null,"M","M","$","?","T","E"],"character_chosen":"IRONCLAD","items_purchased":["Ghostly Armor","Combust","Shrug It Off+1"],"campfire_rested":1,"item_purchase_floors":[2,12,20],"current_hp_per_floor":[74,74,74,75,68,77,77,82,82,47,47,47,47,33,60,28,77,80,27,27,27,27,27,27],"gold":95,"neow_bonus":"THREE_ENEMY_KILL","is_daily":false,"chose_seed":false,"campfire_upgraded":2,"win_rate":0.0,"timestamp":1608556438,"path_taken":["M","$","?","M","?","E","R","M","T","E","R","$","?","E","R","BOSS","M","M","?","?","?","E"],"items_purchased_type":["Card","Card","Card"],"build_version":"2020-12-13","purchased_purges":1,"victory":false,"max_hp_per_floor":[75,75,75,75,75,78,78,82,82,86,86,86,86,90,90,93,93,93,97,97,97,97,97,97],"card_choices":[{"not_picked":["Clash","Headbutt"],"picked":"Pommel Strike","floor":1.0},{"not_picked":["Cleave","Sword Boomerang"],"picked":"Feed","floor":4.0},{"not_picked":["Pummel","Power Through"],"picked":"Demon Form","floor":6.0},{"not_picked":["Armaments","Perfected Strike","Thunderclap"],"picked":"True Grit","floor":8.0},{"not_picked":["Body Slam","Flex","Clash"],"picked":"Ghostly Armor","floor":10.0},{"not_picked":["Clash","Rampage","Warcry+1"],"picked":"Feed","floor":14.0},{"not_picked":["Limit Break+1","Offering+1","Barricade"],"picked":"Reaper","floor":16.0},{"not_picked":["Clothesline","Havoc+1","Heavy Blade"],"picked":"Rage+1","floor":18.0},{"not_picked":["Havoc+1","Reckless Charge+1","True Grit+1"],"picked":"Whirlwind","floor":19.0}],"player_experience":472679,"relics_obtained":[{"floor":6.0,"key":"Question Card"},{"floor":9.0,"key":"Ornamental Fan"},{"floor":10.0,"key":"Tiny Chest"},{"floor":13.0,"key":"Toxic Egg 2"},{"floor":14.0,"key":"Singing Bowl"},{"floor":22.0,"key":"Gremlin Horn"}],"event_choices":[{"damage_healed":0.0,"max_hp_gain":0.0,"max_hp_loss":0.0,"gold_gain":0.0,"event_name":"Living Wall","player_choice":"Grow","floor":3.0,"gold_loss":0.0,"damage_taken":0.0,"cards_upgraded":["Bash"]},{"cards_removed":["Strike_R"],"damage_healed":0.0,"max_hp_gain":0.0,"max_hp_loss":0.0,"gold_gain":0.0,"event_name":"Golden Wing","player_choice":"Card Removal","floor":5.0,"gold_loss":0.0,"damage_taken":7.0},{"damage_healed":0.0,"max_hp_gain":0.0,"max_hp_loss":0.0,"gold_gain":0.0,"event_name":"Addict","player_choice":"Stole Relic","floor":21.0,"gold_loss":0.0,"damage_taken":0.0,"relics_obtained":["HornCleat"],"cards_obtained":["Shame"]}],"is_beta":false,"boss_relics":[{"not_picked":["Black Star","Pandora\u0027s Box"],"picked":"Cursed Key"}],"items_purged_floors":[2],"is_endless":false,"potions_floor_spawned":[10,14,16,19],"killed_by":"Book of Stabbing","ascension_level":20}}