{"host":"kh4wzxwh3q3yppxp","time":1608512214,"event":{"mods":["AchievementEnabler","BaseMod","Colored Map","DeckTracker","Minty Spire (QoL Compilation)","Quick Restart","StSLib"],"gold_per_floor":[359,359,359,378,378,378,395,211,262,262,262,262,212,88,88,88,88],"floor_reached":16,"playtime":402,"items_purged":["Strike_G","Strike_G"],"score":86,"play_id":"64d3c1a4-e8de-4780-b25b-25694711f734","local_time":"20201221025654","is_ascension_mode":false,"campfire_choices":[{"floor":6,"key":"REST"},{"floor":12,"key":"REST"},{"data":"Survivor","floor":15,"key":"SMITH"}],"circlet_count":0,"master_deck":["Strike_G","Strike_G","Strike_G+1","Defend_G","Defend_G","Survivor+1","Neutralize+1"],"relics":["Ring of the Snake","WingedGreaves","Membership Card","Blood Vial","Oddly Smooth Stone"],"acts_visited":["Exordium"],"potions_floor_usage":[4,16],"damage_taken":[{"damage":8,"enemies":"Jaw Worm","floor":1,"turns":5},{"damage":0,"enemies":"2 Louse","floor":4,"turns":1},{"damage":6,"enemies":"Small Slimes","floor":7,"turns":3},{"damage":61,"enemies":"Slime Boss","floor":16,"turns":15}],"seed_played":"-1149316315304341636","potions_obtained":[{"floor":1,"key":"Fire Potion"},{"floor":7,"key":"Energy Potion"}],"is_trial":false,"path_per_floor":["M","?","?","M","T","R","M","$","T","?","?","R","?","$","R","B"],"character_chosen":"THE_SILENT","items_purchased":["Membership Card","Oddly Smooth Stone"],"campfire_rested":2,"item_purchase_floors":[8,14],"current_hp_per_floor":[41,41,34,34,34,55,49,49,49,35,35,56,56,56,56,0,0],"gold":88,"neow_bonus":"TWO_FIFTY_GOLD","is_daily":false,"chose_seed":false,"campfire_upgraded":1,"win_rate":0.0,"timestamp":1608512214,"path_taken":["M","?","?","?","?","R","M","$","T","?","?","R","?","$","R","BOSS"],"items_purchased_type":["Relic","Relic"],"build_version":"2020-12-13","purchased_purges":2,"victory":false,"max_hp_per_floor":[70,70,70,70,70,70,70,70,70,70,70,70,70,70,70,70,70],"card_choices":[{"not_picked":["All Out Attack","Outmaneuver","Acrobatics"],"picked":"SKIP","floor":1},{"not_picked":["Acrobatics","Reflex","Dagger Throw"],"picked":"SKIP","floor":4},{"not_picked":["Prepared","Underhanded Strike","Quick Slash"],"picked":"SKIP","floor":7}],"player_experience":691829,"relics_obtained":[{"floor":5,"key":"WingedGreaves"},{"floor":9,"key":"Blood Vial"}],"event_choices":[{"damage_healed":0,"gold_gain":0,"player_choice":"Ignored","damage_taken":0,"max_hp_gain":0,"max_hp_loss":0,"event_name":"Liars Game","floor":2,"gold_loss":0},{"cards_removed":["Defend_G"],"damage_healed":0,"gold_gain":0,"player_choice":"Card Removal","damage_taken":7,"max_hp_gain":0,"max_hp_loss":0,"event_name":"Golden Wing","floor":3,"gold_loss":0},{"damage_healed":0,"gold_gain":0,"player_choice":"Entered Light","damage_taken":14,"max_hp_gain":0,"max_hp_loss":0,"event_name":"Shining Light","floor":10,"gold_loss":0,"cards_upgraded":["Neutralize","Strike_G"]},{"cards_removed":["Defend_G"],"damage_healed":0,"gold_gain":0,"player_choice":"Forget","damage_taken":0,"max_hp_gain":0,"max_hp_loss":0,"event_name":"Living Wall","floor":11,"gold_loss":0},{"cards_removed":["Defend_G"],"damage_healed":0,"gold_gain":0,"player_choice":"Card Removal","damage_taken":0,"max_hp_gain":0,"max_hp_loss":0,"event_name":"The Cleric","floor":13,"gold_loss":50}],"is_beta":false,"boss_relics":[],"items_purged_floors":[8,14],"is_endless":false,"potions_floor_spawned":[1,7],"killed_by":"Slime Boss","ascension_level":0}}