{"host":"so6fnfq7th6ki9q5","time":1608580491,"event":{"mods":["AchievementEnabler","BaseMod","Colored Map","Colored Powertips","Minty Spire (QoL Compilation)","Quick Restart","StSLib"],"gold_per_floor":[111,186,241,257,222,222,250,250,250,154,154,170,170,195,195,294,294,314,332,332,332,332,332,247,262,262,262,262,288,303,337,337,436,436,446,63,63,78,97,97,124,124,147,147,162,188,208,208,208,208,208,208,8,39,39,39],"floor_reached":55,"playtime":3560,"items_purged":[],"score":918,"play_id":"54ec2449-82c1-4f09-b74e-95bd18084292","local_time":"20201221135451","is_ascension_mode":true,"campfire_choices":[{"data":"Flying Knee","floor":6.0,"key":"SMITH"},{"data":"Dodge and Roll","floor":8.0,"key":"SMITH"},{"data":"Slice","floor":13.0,"key":"SMITH"},{"data":"Caltrops","floor":15.0,"key":"SMITH"},{"data":"Setup","floor":23.0,"key":"SMITH"},{"data":"RitualDagger","floor":28.0,"key":"SMITH"},{"floor":32.0,"key":"REST"},{"data":"Footwork","floor":40.0,"key":"SMITH"},{"data":"After Image","floor":42.0,"key":"SMITH"},{"data":"Adrenaline","floor":44.0,"key":"SMITH"},{"floor":49.0,"key":"RECALL"},{"data":"Calculated Gamble","floor":52.0,"key":"SMITH"}],"circlet_count":0,"master_deck":["Strike_G+1","Strike_G+1","Strike_G+1","Strike_G+1","Strike_G+1","Defend_G+1","Defend_G+1","Defend_G+1","Defend_G+1","Defend_G+1","Survivor","Neutralize","Infinite Blades","Flying Knee+1","Dodge and Roll+1","Dramatic Entrance","Slice+1","Caltrops+1","After Image+1","Setup+1","Calculated Gamble+1","RitualDagger+1","Cloak And Dagger+1","PiercingWail","Backstab+1","Sucker Punch+1","Adrenaline+1","Blade Dance","Storm of Steel","Footwork+1","PiercingWail+1","Noxious Fumes+1","Blade Dance+1","Infinite Blades+1","Infinite Blades+1"],"relics":["Ring of the Snake","NeowsBlessing","Dream Catcher","StoneCalendar","Ninja Scroll","Meat on the Bone","SacredBark","MutagenicStrength","Oddly Smooth Stone","Nunchaku","Thread and Needle","Mango","Coffee Dripper","Toxic Egg 2","FossilizedHelix","Boot","Lantern"],"acts_visited":["Exordium","TheCity","TheBeyond","TheEnding"],"potions_floor_usage":[],"damage_taken":[{"damage":0.0,"enemies":"Cultist","floor":1.0,"turns":1.0},{"damage":0.0,"enemies":"Jaw Worm","floor":4.0,"turns":1.0},{"damage":0.0,"enemies":"Gremlin Nob","floor":7.0,"turns":1.0},{"damage":0.0,"enemies":"2 Louse","floor":12.0,"turns":1.0},{"damage":8.0,"enemies":"Lagavulin","floor":14.0,"turns":6.0},{"damage":15.0,"enemies":"Slime Boss","floor":16.0,"turns":7.0},{"damage":9.0,"enemies":"Shell Parasite","floor":18.0,"turns":6.0},{"damage":1.0,"enemies":"3 Byrds","floor":19.0,"turns":5.0},{"damage":0.0,"enemies":"Centurion and Healer","floor":25.0,"turns":4.0},{"damage":16.0,"enemies":"Slavers","floor":29.0,"turns":7.0},{"damage":0.0,"enemies":"Chosen and Byrds","floor":30.0,"turns":3.0},{"damage":13.0,"enemies":"Gremlin Leader","floor":31.0,"turns":7.0},{"damage":24.0,"enemies":"Collector","floor":33.0,"turns":3.0},{"damage":11.0,"enemies":"3 Darklings","floor":35.0,"turns":7.0},{"damage":0.0,"enemies":"Orb Walker","floor":38.0,"turns":2.0},{"damage":0.0,"enemies":"Jaw Worm Horde","floor":39.0,"turns":3.0},{"damage":23.0,"enemies":"Giant Head","floor":41.0,"turns":7.0},{"damage":28.0,"enemies":"Maw","floor":45.0,"turns":8.0},{"damage":11.0,"enemies":"Nemesis","floor":46.0,"turns":7.0},{"damage":0.0,"enemies":"Transient","floor":47.0,"turns":5.0},{"damage":78.0,"enemies":"Awakened One","floor":50.0,"turns":15.0},{"damage":6.0,"enemies":"Shield and Spear","floor":54.0,"turns":5.0},{"damage":159,"enemies":"The Heart","floor":55,"turns":6}],"seed_played":"-1334027676763847264","potions_obtained":[{"floor":7.0,"key":"Dexterity Potion"},{"floor":12.0,"key":"Energy Potion"},{"floor":14.0,"key":"SneckoOil"},{"floor":18.0,"key":"SteroidPotion"},{"floor":31.0,"key":"AttackPotion"},{"floor":41.0,"key":"FairyPotion"},{"floor":47.0,"key":"SkillPotion"}],"is_trial":false,"path_per_floor":["M","?","T","M","?","R","E","R","T","$","?","M","R","E","R","B",null,"M","M","?","?","?","R","?","M","T","?","R","E","M","E","R","B",null,"M","$","?","M","M","R","E","R","T","R","M","E","M","?","R","B",null,"R","$","E","B"],"character_chosen":"THE_SILENT","items_purchased":["Dramatic Entrance","Storm of Steel","Footwork","SteroidPotion","Explosive Potion","Block Potion","Boot","Strength Potion"],"campfire_rested":1,"item_purchase_floors":[10,36,36,36,36,36,53,53],"current_hp_per_floor":[70,59,59,59,70,70,70,70,70,70,70,70,70,62,62,47,70,61,60,60,60,60,60,60,60,60,54,54,38,38,51,76,52,84,73,73,73,73,73,73,50,50,50,50,34,35,47,84,84,18,84,84,84,78,0,0],"gold":39,"neow_bonus":"THREE_ENEMY_KILL","is_daily":false,"chose_seed":false,"campfire_upgraded":10,"win_rate":0.0,"timestamp":1608580491,"path_taken":["M","?","?","M","?","R","E","R","T","$","?","M","R","E","R","BOSS","M","M","?","?","?","R","?","M","T","?","R","E","M","E","R","BOSS","M","$","?","?","M","R","E","R","T","R","M","E","M","?","R","BOSS","R","$","E","BOSS"],"items_purchased_type":["Card","Card","Card","Potion","Potion","Potion","Relic","Potion"],"build_version":"2020-12-13","purchased_purges":0,"victory":false,"max_hp_per_floor":[70,70,70,70,70,70,70,70,70,70,70,70,70,70,70,70,70,70,70,70,70,70,70,70,70,70,70,70,70,70,84,84,84,84,84,84,84,84,84,84,84,84,84,84,84,84,84,84,84,84,84,84,84,84,84,84],"card_choices":[{"not_picked":["Quick Slash","Acrobatics"],"picked":"Infinite Blades","floor":1.0},{"not_picked":["Quick Slash","Bane"],"picked":"Flying Knee","floor":4.0},{"not_picked":["Outmaneuver","Escape Plan"],"picked":"Dodge and Roll","floor":7.0},{"not_picked":["Masterful Stab","PiercingWail"],"picked":"Slice","floor":12.0},{"not_picked":["Unload","Prepared"],"picked":"Caltrops","floor":14.0},{"not_picked":["Glass Knife","Doppelganger"],"picked":"After Image","floor":16.0},{"not_picked":["Heel Hook","Bane","All Out Attack"],"picked":"SKIP","floor":18.0},{"not_picked":["Expertise","Outmaneuver+1"],"picked":"Setup","floor":19.0},{"not_picked":["Bane","Acrobatics"],"picked":"Calculated Gamble","floor":25.0},{"not_picked":["Sucker Punch+1","Bane"],"picked":"Cloak And Dagger+1","floor":29.0},{"not_picked":["Prepared","Bullet Time"],"picked":"PiercingWail","floor":30.0},{"not_picked":["Backflip+1","Bouncing Flask"],"picked":"Backstab+1","floor":31.0},{"not_picked":["Expertise","Cloak And Dagger"],"picked":"Sucker Punch+1","floor":32.0},{"not_picked":["A Thousand Cuts","Unload"],"picked":"Adrenaline","floor":33.0},{"not_picked":["Outmaneuver","Dodge and Roll"],"picked":"Blade Dance","floor":35.0},{"not_picked":["Riddle With Holes+1","Unload"],"picked":"PiercingWail+1","floor":38.0},{"not_picked":["Deadly Poison","Dodge and Roll","Dash"],"picked":"SKIP","floor":39.0},{"not_picked":["Catalyst+1","Dagger Throw+1","Outmaneuver+1"],"picked":"SKIP","floor":41.0},{"not_picked":["Acrobatics+1","Flying Knee+1"],"picked":"Noxious Fumes+1","floor":45.0},{"not_picked":["Outmaneuver+1","Setup+1"],"picked":"Blade Dance+1","floor":46.0},{"not_picked":["Bane","Deadly Poison+1"],"picked":"Infinite Blades+1","floor":47.0},{"not_picked":["Quick Slash","Dagger Spray+1"],"picked":"Infinite Blades+1","floor":54.0}],"player_experience":287435,"relics_obtained":[{"floor":3.0,"key":"Dream Catcher"},{"floor":7.0,"key":"StoneCalendar"},{"floor":9.0,"key":"Ninja Scroll"},{"floor":14.0,"key":"Meat on the Bone"},{"floor":26.0,"key":"Nunchaku"},{"floor":29.0,"key":"Thread and Needle"},{"floor":31.0,"key":"Mango"},{"floor":41.0,"key":"Toxic Egg 2"},{"floor":46.0,"key":"FossilizedHelix"},{"floor":54.0,"key":"Lantern"}],"event_choices":[{"damage_healed":0.0,"max_hp_gain":0.0,"max_hp_loss":0.0,"gold_gain":75.0,"event_name":"World of Goop","player_choice":"Gather Gold","floor":2.0,"gold_loss":0.0,"damage_taken":11.0},{"damage_healed":17.0,"max_hp_gain":0.0,"max_hp_loss":0.0,"gold_gain":0.0,"event_name":"The Cleric","player_choice":"Healed","floor":5.0,"gold_loss":35.0,"damage_taken":0.0},{"damage_healed":0.0,"max_hp_gain":0.0,"max_hp_loss":0.0,"gold_gain":0.0,"event_name":"Dead Adventurer","player_choice":"Searched \u00270\u0027 times","floor":11.0,"gold_loss":0.0,"damage_taken":0.0},{"damage_healed":0.0,"max_hp_gain":0.0,"max_hp_loss":0.0,"gold_gain":0.0,"event_name":"Vampires","player_choice":"Ignored","floor":20.0,"gold_loss":0.0,"damage_taken":0.0},{"damage_healed":0.0,"max_hp_gain":0.0,"max_hp_loss":0.0,"gold_gain":0.0,"event_name":"Drug Dealer","player_choice":"Inject Mutagens","floor":21.0,"gold_loss":0.0,"damage_taken":0.0,"relics_obtained":["MutagenicStrength"]},{"damage_healed":0.0,"max_hp_gain":0.0,"max_hp_loss":0.0,"gold_gain":0.0,"event_name":"Back to Basics","player_choice":"Simplicity","floor":22.0,"gold_loss":0.0,"damage_taken":0.0,"cards_upgraded":["Strike_G","Strike_G","Strike_G","Strike_G","Strike_G","Defend_G","Defend_G","Defend_G","Defend_G","Defend_G"]},{"damage_healed":0.0,"max_hp_gain":0.0,"max_hp_loss":0.0,"gold_gain":0.0,"event_name":"Addict","player_choice":"Obtained Relic","floor":24.0,"gold_loss":85.0,"damage_taken":0.0,"relics_obtained":["Oddly Smooth Stone"]},{"damage_healed":0.0,"max_hp_gain":0.0,"max_hp_loss":0.0,"gold_gain":0.0,"event_name":"Nest","player_choice":"Joined the Cult","floor":27.0,"gold_loss":0.0,"damage_taken":6.0,"cards_obtained":["RitualDagger"]},{"damage_healed":0.0,"max_hp_gain":0.0,"max_hp_loss":0.0,"gold_gain":0.0,"event_name":"Match and Keep!","player_choice":"0 cards matched","floor":37.0,"gold_loss":0.0,"damage_taken":0.0,"cards_obtained":[]},{"damage_healed":37.0,"max_hp_gain":0.0,"max_hp_loss":0.0,"gold_gain":0.0,"event_name":"Wheel of Change","player_choice":"Full Heal","floor":48.0,"gold_loss":0.0,"damage_taken":0.0}],"is_beta":false,"boss_relics":[{"not_picked":["Tiny House","Snecko Eye"],"picked":"SacredBark"},{"not_picked":["Empty Cage","Black Star"],"picked":"Coffee Dripper"}],"items_purged_floors":[],"is_endless":false,"potions_floor_spawned":[7,12,14,18,31,41,47],"killed_by":"The Heart","ascension_level":4}}