{"host":"qwttrqaysb380yri","time":1608564031,"event":{"mods":["BaseMod","Custom Start","Minty Spire (QoL Compilation)","Permanent Neow","Puzzle Mod","Relic Stats","StSLib","The Cursed","The Hierophant"],"gold_per_floor":[99,111,111,130,137,137,167,199,199,199,4,4,37,62,62,137,137,199,273,350,410,221,221,299,354,354,417,11,11,160,195,195,310,310,361,251,58,167,210,198,198],"floor_reached":40,"playtime":1838,"items_purged":["hierophant:Strike_Hierophant","hierophant:Strike_Hierophant"],"score":948,"play_id":"49244e85-edf9-4ab3-b0c8-58b3ff61dd4e","local_time":"20201221162031","is_ascension_mode":true,"campfire_choices":[{"data":"hierophant:ChurchCoffers","floor":6.0,"key":"SMITH"},{"data":"hierophant:PassingBell","floor":12.0,"key":"SMITH"},{"data":"hierophant:Upheaval","floor":15.0,"key":"SMITH"},{"data":"hierophant:Upheaval","floor":23,"key":"SMITH"},{"floor":32,"key":"REST"}],"circlet_count":0,"master_deck":["AscendersBane","hierophant:Strike_Hierophant","hierophant:Punish","hierophant:Defend_Hierophant","hierophant:Defend_Hierophant","hierophant:ChurchCoffers+1","hierophant:HammerAndAnvil","hierophant:Smite","hierophant:Doubloon","hierophant:FieryStrike","hierophant:OrnateBuckler","hierophant:PassingBell+1","hierophant:HammerAndAnvil","hierophant:Upheaval+1","hierophant:Purify","hierophant:BulkyChest","CurseOfTheBell","hierophant:Community","hierophant:TollTheBells","hierophant:Alms","hierophant:Dazzle","hierophant:Doubloon","hierophant:Upheaval+1","hierophant:Doubloon+1","hierophant:Shelter","Secret Technique","Flash of Steel","Secret Weapon","hierophant:Doubloon","hierophant:Dazzle"],"relics":["hierophant:PropheticMaskRelic","FossilizedHelix","Pen Nib","Lee\u0027s Waffle","Regal Pillow","Calling Bell","Bronze Scales","Shuriken","Calipers","Matryoshka","hierophant:DonationBoxRelic","Nloth\u0027s Gift","Black Star"],"acts_visited":["Exordium","TheCity","TheBeyond"],"potions_floor_usage":[21,24,25,27,30,33,39,40],"damage_taken":[{"damage":3.0,"enemies":"Jaw Worm","floor":1.0,"turns":4.0},{"damage":0.0,"enemies":"Small Slimes","floor":2.0,"turns":3.0},{"damage":0.0,"enemies":"2 Louse","floor":4.0,"turns":1.0},{"damage":6.0,"enemies":"Gremlin Gang","floor":5.0,"turns":3.0},{"damage":17.0,"enemies":"Exordium Thugs","floor":7.0,"turns":4.0},{"damage":17.0,"enemies":"3 Sentries","floor":8.0,"turns":7.0},{"damage":10.0,"enemies":"Lagavulin","floor":13.0,"turns":5.0},{"damage":6.0,"enemies":"Lots of Slimes","floor":14.0,"turns":3.0},{"damage":0.0,"enemies":"Slime Boss","floor":16.0,"turns":2.0},{"damage":0.0,"enemies":"2 Thieves","floor":18.0,"turns":2.0},{"damage":0.0,"enemies":"Spheric Guardian","floor":19.0,"turns":3.0},{"damage":0.0,"enemies":"Snake Plant","floor":20.0,"turns":2.0},{"damage":16,"enemies":"Cultist and Chosen","floor":21,"turns":5},{"damage":26,"enemies":"Book of Stabbing","floor":24,"turns":4},{"damage":14,"enemies":"3 Cultists","floor":25,"turns":5},{"damage":12,"enemies":"Snake Plant","floor":27,"turns":4},{"damage":0,"enemies":"Cultist and Chosen","floor":30,"turns":3},{"damage":0,"enemies":"Centurion and Healer","floor":31,"turns":7},{"damage":19,"enemies":"Champ","floor":33,"turns":9},{"damage":36,"enemies":"3 Shapes","floor":35,"turns":5},{"damage":0,"enemies":"Orb Walker","floor":38,"turns":2},{"damage":8,"enemies":"Maw","floor":39,"turns":7},{"damage":37,"enemies":"Giant Head","floor":40,"turns":5}],"seed_played":"-3696045191852958267","potions_obtained":[{"floor":7.0,"key":"LiquidMemories"},{"floor":13.0,"key":"SteroidPotion"},{"floor":14.0,"key":"DistilledChaos"},{"floor":21,"key":"LiquidMemories"},{"floor":24,"key":"LiquidMemories"},{"floor":25,"key":"Weak Potion"},{"floor":31,"key":"LiquidMemories"},{"floor":33,"key":"Weak Potion"},{"floor":35,"key":"AttackPotion"},{"floor":39,"key":"LiquidBronze"}],"is_trial":false,"path_per_floor":["M","M","?","M","M","R","M","E","T","?","$","R","E","M","R","B",null,"M","M","M","M","$","R","E","M","T","M","$","?","M","M","R","B",null,"M","?","$","M","M","E"],"character_chosen":"HIEROPHANT","items_purchased":["Lee\u0027s Waffle","Weak Potion","hierophant:Dazzle","hierophant:Upheaval","Secret Technique","Flash of Steel","ColorlessPotion","Secret Weapon"],"campfire_rested":1,"item_purchase_floors":[11,11,22,22,28,28,28,37],"current_hp_per_floor":[65,65,58,58,52,52,35,18,18,18,82,82,72,66,66,66,78,78,78,78,62,62,62,36,22,32,20,20,20,20,20,62,43,80,44,44,44,44,36,0,0],"gold":198,"neow_bonus":"TRANSFORM_CARD","is_daily":false,"chose_seed":false,"campfire_upgraded":4,"win_rate":0.0,"timestamp":1608564031,"path_taken":["M","M","?","M","M","R","M","E","T","?","$","R","E","M","R","BOSS","M","M","M","M","$","R","E","M","T","M","$","?","?","M","R","BOSS","M","?","$","M","?","E"],"items_purchased_type":["Relic","Potion","Card","Card","Card","Card","Potion","Card"],"build_version":"2020-12-13","purchased_purges":2,"victory":false,"max_hp_per_floor":[75,75,75,75,75,75,75,75,75,75,82,82,82,82,82,82,82,82,82,82,82,82,82,82,82,92,92,92,92,92,92,92,92,92,92,92,92,92,92,92,92],"relic_stats":{"Lee\u0027s Waffle":64,"Regal Pillow":15,"counters":[23,95],"Shuriken":[14],"Bronze Scales":[140],"Pen Nib":[13],"Nloth\u0027s Gift":4,"Black Star":0,"obtain_stats":[{"Lee\u0027s Waffle":11,"Regal Pillow":13,"Calipers":17,"Pear":26,"hierophant:PropheticMaskRelic":0,"Pen Nib":9,"Calling Bell":17,"Matryoshka":24,"Shuriken":17,"Bronze Scales":17,"hierophant:DonationBoxRelic":26,"Nloth\u0027s Gift":29,"Black Star":34,"FossilizedHelix":8},{"Lee\u0027s Waffle":6,"Regal Pillow":7,"Calipers":9,"Pear":15,"hierophant:PropheticMaskRelic":0,"Pen Nib":6,"Calling Bell":9,"Matryoshka":14,"Shuriken":9,"Bronze Scales":9,"hierophant:DonationBoxRelic":15,"Nloth\u0027s Gift":16,"Black Star":19,"FossilizedHelix":6},{"Lee\u0027s Waffle":22,"Regal Pillow":27,"Calipers":32,"Pear":53,"hierophant:PropheticMaskRelic":0,"Pen Nib":22,"Calling Bell":32,"Matryoshka":48,"Shuriken":32,"Bronze Scales":32,"hierophant:DonationBoxRelic":53,"Nloth\u0027s Gift":57,"Black Star":76,"FossilizedHelix":22}]},"card_choices":[{"not_picked":["hierophant:SealAway","hierophant:HolyVerse"],"picked":"hierophant:Smite","floor":1.0},{"not_picked":["hierophant:LocustPlague","hierophant:Repentance"],"picked":"hierophant:Doubloon","floor":2.0},{"not_picked":["hierophant:Dazzle","hierophant:MorningPrayer"],"picked":"hierophant:FieryStrike","floor":4.0},{"not_picked":["hierophant:FlamingChariot","hierophant:Remorse"],"picked":"hierophant:OrnateBuckler","floor":5.0},{"not_picked":["hierophant:Endure","hierophant:Sermon"],"picked":"hierophant:PassingBell","floor":7.0},{"not_picked":["hierophant:Repentance","hierophant:RecallFunds"],"picked":"hierophant:HammerAndAnvil","floor":8.0},{"not_picked":["hierophant:FlamingChariot","hierophant:Zeal"],"picked":"hierophant:Upheaval","floor":13.0},{"not_picked":["hierophant:Doubloon","hierophant:Repentance"],"picked":"hierophant:Purify","floor":14.0},{"not_picked":["hierophant:Determination","hierophant:Invocation"],"picked":"hierophant:BulkyChest","floor":16.0},{"not_picked":["hierophant:HammerAndAnvil","hierophant:Mercenaries"],"picked":"hierophant:Community","floor":18.0},{"not_picked":["hierophant:Blessing","hierophant:SolarFlare"],"picked":"hierophant:TollTheBells","floor":19.0},{"not_picked":["hierophant:ArchangelShield","hierophant:RustyCrate","hierophant:SolarFlare"],"picked":"SKIP","floor":20.0},{"not_picked":["hierophant:DisplayOfPower","hierophant:Encroach"],"picked":"hierophant:Alms","floor":21},{"not_picked":["hierophant:SealAway","hierophant:OrnateJavelin"],"picked":"hierophant:Doubloon","floor":24},{"not_picked":["hierophant:HammerAndAnvil","hierophant:PassingBell"],"picked":"hierophant:Shelter","floor":25},{"not_picked":["hierophant:HolyVerse","hierophant:FieryStrike","hierophant:Sermon"],"picked":"SKIP","floor":27},{"not_picked":["hierophant:Sermon","hierophant:SealAway","hierophant:BulkyChest"],"picked":"SKIP","floor":30},{"not_picked":["hierophant:Invocation","hierophant:Charity","hierophant:Remorse"],"picked":"SKIP","floor":31},{"not_picked":["hierophant:DisplayOfPower","hierophant:OrnateBuckler","hierophant:PristineSoul+1"],"picked":"SKIP","floor":35},{"not_picked":["hierophant:CursedGold","hierophant:WrathOfGod","hierophant:Glossolalia"],"picked":"SKIP","floor":38},{"not_picked":["hierophant:Charity","hierophant:Prophecy"],"picked":"hierophant:Dazzle","floor":39}],"player_experience":1918547,"relics_obtained":[{"floor":8.0,"key":"FossilizedHelix"},{"floor":9.0,"key":"Pen Nib"},{"floor":13.0,"key":"Regal Pillow"},{"floor":17.0,"key":"Bronze Scales"},{"floor":17.0,"key":"Shuriken"},{"floor":17.0,"key":"Calipers"},{"floor":24,"key":"Matryoshka"},{"floor":26,"key":"Pear"},{"floor":26,"key":"hierophant:DonationBoxRelic"}],"event_choices":[{"cards_removed":["hierophant:Defend_Hierophant"],"damage_healed":0.0,"max_hp_gain":0.0,"max_hp_loss":0.0,"gold_gain":0.0,"event_name":"Golden Wing","player_choice":"Card Removal","floor":3.0,"gold_loss":0.0,"damage_taken":7.0},{"damage_healed":0.0,"max_hp_gain":0.0,"max_hp_loss":0.0,"gold_gain":0.0,"event_name":"Shining Light","player_choice":"Ignored","floor":10.0,"gold_loss":0.0,"damage_taken":0.0},{"damage_healed":0,"gold_gain":0,"player_choice":"Traded Relic","damage_taken":0,"relics_obtained":["Nloth\u0027s Gift"],"max_hp_gain":0,"max_hp_loss":0,"event_name":"N\u0027loth","floor":29,"relics_lost":["Pear"],"gold_loss":0},{"cards_removed":["hierophant:Defend_Hierophant"],"damage_healed":0,"gold_gain":0,"player_choice":"Upgrade and Remove","damage_taken":0,"max_hp_gain":0,"max_hp_loss":0,"event_name":"Designer","floor":36,"gold_loss":110,"cards_upgraded":["hierophant:Doubloon"]}],"is_beta":false,"boss_relics":[{"not_picked":["Tiny House","Pandora\u0027s Box"],"picked":"Calling Bell"},{"not_picked":["SlaversCollar","Coffee Dripper"],"picked":"Black Star"}],"items_purged_floors":[22,28],"is_endless":false,"potions_floor_spawned":[7,13,14,21,24,25,31,33,35,39],"killed_by":"Giant Head","ascension_level":15}}