{"host":"cuki0l1gmktphd86","time":1608535159,"event":{"mods":["10 clothes from DAL","ATMod(阿瑾Mod)","BaseMod","Challenge The Spire","Downfall","Minty Spire (QoL Compilation)","MostiFishMod","Remilia（蕾米莉亚）","StSLib","noobMod","【东方二次创作】八云紫mod","【角色mod】十八桐人","【遗物Mod】死灵法师NEW","【遗物卡牌】REMEMod"],"gold_per_floor":[110,178,178,253,253,253,273,273,300,313,344,364,380,396,396,492,492,506,506,524,540,579,630,401,429,429,442,471,471,488,521,521,624,624,637,637,637,647,647,676,676,702,702,702,737,751,779,789,789,789,789,789,789,819,819],"floor_reached":56,"playtime":2138,"items_purged":[],"score":1914,"play_id":"d5df4e64-a8e1-4460-aa35-deed3a0310d7","local_time":"20201221151919","is_ascension_mode":true,"campfire_choices":[{"data":"RedMoon","floor":6,"key":"SMITH"},{"data":"VampireFantasy","floor":8,"key":"SMITH"},{"data":"BloodAndWine","floor":15,"key":"SMITH"},{"data":"DemonKingCradle","floor":29,"key":"SMITH"},{"data":"TwelveNightmare","floor":32,"key":"SMITH"},{"data":"BloodySeventeenLaser","floor":41,"key":"SMITH"},{"floor":44,"key":"RECALL"},{"data":"BatForm","floor":49,"key":"SMITH"},{"data":"BloodyHallows","floor":52,"key":"SMITH"}],"circlet_count":0,"master_deck":["Strike_RM","Strike_RM","Strike_RM","Defend_RM","Defend_RM","Defend_RM","Defend_RM","RedMoon+1","ScarletShoot","AT_EmpoweredMortalDraw","DarkRepulser_Black","FitfulNightmare+1","VampireFantasy+1","BloodAndWine+1","RedRainbow","ScarletImprint","ForecastOfChange","EndlessAdversity","DemonKingCradle+1","FavorOfDestiny","BlasphemousPunishment+1","LeisurelyOfLord+1","BloodySeventeenLaser+1","TwelveNightmare+1","MastersStateliness","Stigmanizer+1","MiserableFate+1","RedNightlessCastle","BatForm+1","NightDance+1","BloodyHallows+1","BombardNight","UnstableMagic","VampireSweep+1","KillingBlow","BloodHunter+1","ScarletDevil+1","ChainGang+1","UltimateOffering"],"relics":["ScarletHat","ice","AT_ATBox","REME_ComplimentaryCards","DaveBox","JellyFishMachine","NeowsBlessing","Question Card","Pear","AT_SeraphEmbrace","ZombieArmy","ImportantClient","BirthdayGift-Icosahedron","UndeadPower","MagicDraw3","Oddly Smooth Stone","REME_LimitBreaker","ScarletEmblem","Juzu Bracelet","BionicSphere","DALC_SEVEN","Centennial Puzzle","Sundial"],"acts_visited":["Exordium","TheCity","TheBeyond","TheEnding"],"potions_floor_usage":[50],"damage_taken":[{"damage":0,"enemies":"2 Louse","floor":1,"turns":1},{"damage":0,"enemies":"Jaw Worm","floor":7,"turns":1},{"damage":0,"enemies":"Cultist","floor":10,"turns":1},{"damage":36,"enemies":"Gremlin Nob","floor":11,"turns":7},{"damage":0,"enemies":"2 Fungi Beasts","floor":12,"turns":3},{"damage":6,"enemies":"Gremlin Gang","floor":13,"turns":2},{"damage":13,"enemies":"Lots of Slimes","floor":14,"turns":3},{"damage":3,"enemies":"Hexaghost","floor":16,"turns":7},{"damage":6,"enemies":"Chosen","floor":18,"turns":2},{"damage":0,"enemies":"3 Byrds","floor":20,"turns":1},{"damage":10,"enemies":"Snake Plant","floor":21,"turns":3},{"damage":0,"enemies":"Cultist and Chosen","floor":22,"turns":2},{"damage":7,"enemies":"Book of Stabbing","floor":23,"turns":3},{"damage":0,"enemies":"REME_1_Revenger","floor":25,"turns":2},{"damage":0,"enemies":"Centurion and Healer","floor":27,"turns":2},{"damage":22,"enemies":"Book of Stabbing","floor":28,"turns":3},{"damage":10,"enemies":"Chosen and Byrds","floor":30,"turns":2},{"damage":0,"enemies":"Snecko","floor":31,"turns":2},{"damage":10,"enemies":"Automaton","floor":33,"turns":3},{"damage":0,"enemies":"Orb Walker","floor":35,"turns":1},{"damage":22,"enemies":"3 Shapes","floor":38,"turns":1},{"damage":5,"enemies":"Reptomancer","floor":40,"turns":2},{"damage":20,"enemies":"Giant Head","floor":42,"turns":5},{"damage":10,"enemies":"Nemesis","floor":45,"turns":1},{"damage":0,"enemies":"Jaw Worm Horde","floor":46,"turns":1},{"damage":0,"enemies":"Reptomancer","floor":47,"turns":1},{"damage":0,"enemies":"Spire Growth","floor":48,"turns":2},{"damage":23,"enemies":"Awakened One","floor":50,"turns":4},{"damage":0,"enemies":"Shield and Spear","floor":54,"turns":2},{"damage":46,"enemies":"The Heart","floor":55,"turns":4}],"seed_played":"8559557151436746167","potions_obtained":[{"floor":7,"key":"Guardian:BlockOnCardUsePotion"},{"floor":11,"key":"FearPotion"},{"floor":13,"key":"FearPotion"},{"floor":30,"key":"DestinyDice"},{"floor":30,"key":"Guardian:BlockOnCardUsePotion"}],"is_trial":false,"path_per_floor":["M","?","?","?","T","R","M","R","T","M","E","M","M","M","R","B",null,"M","?","M","M","M","E","$","E","T","M","E","R","M","M","R","B",null,"M","?","$","M","?","E","R","E","T","R","E","M","E","M","R","B",null,"R","$","E","B",null],"character_chosen":"REMILIA","items_purchased":["MastersStateliness","MagicDraw3"],"campfire_rested":0,"item_purchase_floors":[24,24],"current_hp_per_floor":[75,75,75,64,74,74,74,74,74,74,50,53,47,34,34,46,85,80,80,84,81,85,82,82,85,85,85,67,67,58,59,59,53,85,85,85,85,67,67,69,69,85,85,85,76,79,84,85,85,63,85,85,85,85,56],"gold":819,"neow_bonus":"THREE_ENEMY_KILL","is_daily":false,"chose_seed":false,"campfire_upgraded":8,"win_rate":0.0,"timestamp":1608535159,"path_taken":["M","?","?","?","?","R","?","R","T","?","E","M","M","M","R","BOSS","M","?","M","?","M","E","?","E","T","M","E","R","M","M","R","BOSS","M","?","$","M","?","E","R","E","T","R","E","M","E","M","R","BOSS","R","$","E","BOSS"],"items_purchased_type":["Card","Relic"],"build_version":"2020-12-13","purchased_purges":0,"victory":true,"max_hp_per_floor":[75,75,75,75,85,85,85,85,85,85,85,85,85,85,85,85,85,85,85,85,85,85,85,85,85,85,85,85,85,85,85,85,85,85,85,85,85,85,85,85,85,85,85,85,85,85,85,85,85,85,85,85,85,85,85],"card_choices":[{"not_picked":["UnderTheZenith","EndlessAdversity"],"picked":"FitfulNightmare","floor":1},{"not_picked":["Stigmanizer","FitfulNightmare","StarOfDavid"],"picked":"VampireFantasy","floor":7},{"not_picked":["FitfulNightmare","DiffusionOfMisfortune","BombardNight"],"picked":"BloodAndWine","floor":10},{"not_picked":["MastersStateliness","MiserableFate","RedNightlessCastle"],"picked":"RedRainbow","floor":11},{"not_picked":["StarOfDavid","UnderTheZenith","BloodHunter"],"picked":"ScarletImprint","floor":12},{"not_picked":["VampireKiss","CharismaGuard","Stigmanizer"],"picked":"ForecastOfChange","floor":13},{"not_picked":["ForbiddenFruit","CharismaGuard","VampireKiss"],"picked":"EndlessAdversity","floor":14},{"not_picked":["TricksterDevil","HellCatastrophe","QueenOfMidnight"],"picked":"DemonKingCradle","floor":16},{"not_picked":["StarOfDavid","RedRainbow","CharismaGuard"],"picked":"FavorOfDestiny","floor":18},{"not_picked":["BloodHunter","EndlessAdversity","FitfulNightmare"],"picked":"BlasphemousPunishment+1","floor":20},{"not_picked":["UltimateOffering+1","Stigmanizer","UnstableMagic"],"picked":"LeisurelyOfLord+1","floor":21},{"not_picked":["CharismaGuard","Septette","ChainGang"],"picked":"BloodySeventeenLaser","floor":22},{"not_picked":["CurseOfVladTepes","BlasphemousPunishment+1","RedRainbow"],"picked":"TwelveNightmare","floor":23},{"not_picked":["StarOfDavid","BadLadyScramble","FitfulNightmare"],"picked":"Stigmanizer+1","floor":25},{"not_picked":["FitfulNightmare+1","ScarletImprint","VampireClaw"],"picked":"MiserableFate+1","floor":27},{"not_picked":["CharismaGuard","BlasphemousPunishment","VampireSweep"],"picked":"RedNightlessCastle","floor":28},{"not_picked":["MastersStateliness","BlasphemousPunishment","FavorOfDestiny+1"],"picked":"BatForm","floor":30},{"not_picked":["ForbiddenFruit","NightLord","HunterOfTheNight"],"picked":"NightDance+1","floor":31},{"not_picked":["QueenOfMidnight","DemonKingCradle","ScarletMeister"],"picked":"BloodyHallows","floor":33},{"not_picked":["BlasphemousPunishment","Stigmanizer+1","ScarletImprint+1"],"picked":"BombardNight","floor":35},{"not_picked":["BloodAndWine+1","RedRainbow+1","NightDance"],"picked":"UnstableMagic","floor":38},{"not_picked":["BloodAndWine+1","Septette+1","Stigmanizer"],"picked":"VampireSweep+1","floor":40},{"not_picked":["LeisurelyOfLord","ReincarnationDial+1","BloodHunter+1"],"picked":"KillingBlow","floor":42},{"not_picked":["Septette","RedMagic+1","MastersStateliness+1"],"picked":"BloodHunter+1","floor":45},{"not_picked":["BlasphemousPunishment+1","NightLord","CharismaGuard+1"],"picked":"ScarletDevil+1","floor":46},{"not_picked":["HunterOfTheNight","ScarletImprint+1","VampireFantasy+1"],"picked":"ChainGang+1","floor":47},{"not_picked":["BlasphemousPunishment+1","Ultimatum+1","CharismaGuard+1","NightDance"],"picked":"SKIP","floor":48},{"not_picked":["EternalNight+1","ScarletSymphony","ScarletNetherworld"],"picked":"UltimateOffering","floor":54}],"player_experience":62954,"relics_obtained":[{"floor":1,"key":"Question Card"},{"floor":5,"key":"Pear"},{"floor":9,"key":"AT_ArchangelStaff"},{"floor":11,"key":"ZombieArmy"},{"floor":16,"key":"ImportantClient"},{"floor":23,"key":"UndeadPower"},{"floor":25,"key":"Oddly Smooth Stone"},{"floor":28,"key":"REME_LimitBreaker"},{"floor":40,"key":"Juzu Bracelet"},{"floor":42,"key":"BionicSphere"},{"floor":43,"key":"DALC_SEVEN"},{"floor":47,"key":"Centennial Puzzle"},{"floor":54,"key":"Sundial"}],"event_choices":[{"damage_healed":0,"gold_gain":68,"player_choice":"Gained Gold","damage_taken":0,"max_hp_gain":0,"max_hp_loss":0,"event_name":"Golden Wing","floor":2,"gold_loss":0},{"damage_healed":0,"gold_gain":0,"player_choice":"Grow","damage_taken":0,"max_hp_gain":0,"max_hp_loss":0,"event_name":"Living Wall","floor":3,"gold_loss":0,"cards_upgraded":["FitfulNightmare"]},{"damage_healed":0,"gold_gain":75,"player_choice":"Gather Gold","damage_taken":11,"max_hp_gain":0,"max_hp_loss":0,"event_name":"World of Goop","floor":4,"gold_loss":0},{"damage_healed":0,"gold_gain":0,"player_choice":"Bought 0 Potions","damage_taken":0,"max_hp_gain":0,"max_hp_loss":0,"event_name":"The Woman in Blue","floor":19,"gold_loss":0},{"damage_healed":0,"gold_gain":0,"player_choice":"Memory 1","damage_taken":0,"max_hp_gain":0,"max_hp_loss":0,"event_name":"SensoryStone","floor":36,"gold_loss":0},{"cards_removed":["Strike_RM"],"damage_healed":0,"gold_gain":0,"player_choice":"Removed Attack","damage_taken":0,"max_hp_gain":0,"max_hp_loss":0,"event_name":"Falling","floor":39,"gold_loss":0}],"is_beta":false,"boss_relics":[{"not_picked":["EE1DDrone","GreenFoldingFan"],"picked":"BirthdayGift-Icosahedron"},{"not_picked":["Transparent","REME_DemonsWealth"],"picked":"ScarletEmblem"}],"items_purged_floors":[],"is_endless":false,"potions_floor_spawned":[7,11,13,14,20,21,25,28,31,40,46,47],"ascension_level":2}}