{"host":"oiai0qxasotny765","time":1608575278,"event":{"mods":["2.2 Compatiblity","AchievementEnabler","BaseMod","Colored Map","Minty Spire (QoL Compilation)","Permanent Neow","Relic Stats","StSLib","SuperFastMode","everything is the same but u backflip on backflip"],"gold_per_floor":[14,34,34,47,47,47,67,78,78,78,111,111,131,148,148,246,246,258,183,183,32,32,48,82,93,93,93,125,125,140,215,215,316,316,326,344,363,238,238,264,324,186,186,211,36,36,54,104,104,104],"floor_reached":51,"playtime":1896,"items_purged":["Strike_R","Defend_R","Strike_R","Strike_R","Defend_R+1"],"score":1455,"play_id":"1f26fb3a-8844-49bf-ba8d-909cff59ebe5","local_time":"20201222032758","is_ascension_mode":true,"campfire_choices":[{"data":"Havoc","floor":10.0,"key":"SMITH"},{"data":"Pommel Strike","floor":12.0,"key":"SMITH"},{"data":"Bash","floor":15.0,"key":"SMITH"},{"data":"Shrug It Off","floor":27.0,"key":"SMITH"},{"data":"Defend_R","floor":29.0,"key":"SMITH"},{"data":"Defend_R","floor":32.0,"key":"SMITH"},{"data":"Burning Pact","floor":49.0,"key":"SMITH"}],"circlet_count":0,"master_deck":["AscendersBane","Defend_R+1","Bash+1","Pommel Strike+1","Havoc+1","Shrug It Off+1","Burning Pact+1","Body Slam+1","CurseOfTheBell","Secret Weapon","Thinking Ahead","Burning Pact+1"],"relics":["Burning Blood","TheAbacus","Sundial","Letter Opener","Molten Egg 2","White Beast Statue","Runic Pyramid","Bottled Flame","StrikeDummy","Thread and Needle","InkBottle","Calling Bell","Blood Vial","Singing Bowl","Pocketwatch","MawBank","StoneCalendar","Bottled Lightning","Paper Frog","Pear","Ice Cream"],"acts_visited":["Exordium","TheCity","TheBeyond"],"potions_floor_usage":[50,50,50],"damage_taken":[{"damage":3.0,"enemies":"2 Louse","floor":1.0,"turns":4.0},{"damage":8.0,"enemies":"Jaw Worm","floor":2.0,"turns":3.0},{"damage":10.0,"enemies":"Small Slimes","floor":4.0,"turns":3.0},{"damage":12.0,"enemies":"Exordium Wildlife","floor":7.0,"turns":4.0},{"damage":5.0,"enemies":"2 Fungi Beasts","floor":8.0,"turns":4.0},{"damage":9.0,"enemies":"3 Sentries","floor":11.0,"turns":4.0},{"damage":1.0,"enemies":"Exordium Thugs","floor":13.0,"turns":3.0},{"damage":3.0,"enemies":"Gremlin Gang","floor":14.0,"turns":3.0},{"damage":30.0,"enemies":"Hexaghost","floor":16.0,"turns":8.0},{"damage":17.0,"enemies":"2 Thieves","floor":18.0,"turns":3.0},{"damage":0.0,"enemies":"Chosen","floor":23.0,"turns":2.0},{"damage":0.0,"enemies":"Book of Stabbing","floor":24.0,"turns":1.0},{"damage":0.0,"enemies":"Sentry and Sphere","floor":25.0,"turns":2.0},{"damage":0.0,"enemies":"Gremlin Leader","floor":28.0,"turns":1.0},{"damage":5.0,"enemies":"Shelled Parasite and Fungi","floor":30.0,"turns":2.0},{"damage":0.0,"enemies":"Collector","floor":33.0,"turns":1.0},{"damage":12.0,"enemies":"3 Darklings","floor":35.0,"turns":2.0},{"damage":18.0,"enemies":"3 Shapes","floor":36.0,"turns":2.0},{"damage":0.0,"enemies":"Maw","floor":37.0,"turns":2.0},{"damage":9.0,"enemies":"Nemesis","floor":40.0,"turns":3.0},{"damage":1.0,"enemies":"2 Orb Walkers","floor":41.0,"turns":2.0},{"damage":0.0,"enemies":"Giant Head","floor":44.0,"turns":2.0},{"damage":0.0,"enemies":"4 Shapes","floor":47.0,"turns":1.0},{"damage":0.0,"enemies":"Mind Bloom Boss Battle","floor":48.0,"turns":1.0},{"damage":0,"enemies":"Donu and Deca","floor":50,"turns":1}],"seed_played":"-3926979316507130683","potions_obtained":[{"floor":1.0,"key":"PowerPotion"},{"floor":2.0,"key":"CultistPotion"},{"floor":11.0,"key":"Swift Potion"},{"floor":13.0,"key":"DistilledChaos"},{"floor":14.0,"key":"DistilledChaos"},{"floor":16.0,"key":"LiquidMemories"},{"floor":23.0,"key":"SteroidPotion"},{"floor":24.0,"key":"SteroidPotion"},{"floor":30.0,"key":"GamblersBrew"},{"floor":33.0,"key":"LiquidMemories"},{"floor":35.0,"key":"Explosive Potion"},{"floor":36.0,"key":"PowerPotion"},{"floor":40.0,"key":"Block Potion"},{"floor":47.0,"key":"LiquidBronze"}],"is_trial":false,"path_per_floor":["M","M","?","M","$","?","M","M","T","R","E","R","M","M","R","B",null,"M","$","?","$","T","M","E","M","T","R","E","R","M","?","R","B",null,"M","M","M","$","?","E","?","$","T","E","$","T","M","?","R","B",null],"character_chosen":"IRONCLAD","items_purchased":["Shrug It Off"],"campfire_rested":0,"item_purchase_floors":[21],"current_hp_per_floor":[75,73,73,69,69,66,60,61,61,61,58,58,63,66,66,42,71,60,60,60,60,60,66,72,78,78,78,80,80,80,72,72,78,80,76,68,78,78,70,71,80,80,80,90,90,100,106,106,106,106],"gold":104,"neow_bonus":"REMOVE_TWO","is_daily":false,"chose_seed":false,"campfire_upgraded":7,"win_rate":0.0,"timestamp":1608575278,"path_taken":["M","M","?","M","?","?","M","?","T","R","E","R","M","M","R","BOSS","M","$","?","$","?","M","E","M","T","R","E","R","M","?","R","BOSS","M","M","?","$","?","E","?","?","T","E","$","?","?","?","R","BOSS"],"items_purchased_type":["Card"],"build_version":"2020-12-13","purchased_purges":5,"victory":true,"max_hp_per_floor":[80,80,80,80,80,80,80,80,80,80,80,80,80,80,80,80,80,80,80,80,80,80,80,80,80,80,80,80,80,80,80,80,80,80,82,84,86,86,88,90,92,92,92,94,94,104,106,106,106,106],"relic_stats":{"Blood Vial":12,"TheAbacus":[2520],"Singing Bowl":16,"counters":[25,64],"Sundial":[280],"StoneCalendar":[0],"Letter Opener":[333],"MawBank":24,"obtain_stats":[{"Ice Cream":48,"Pear":46,"Singing Bowl":34,"Thread and Needle":26,"StoneCalendar":41,"Letter Opener":6,"MawBank":40,"Burning Blood":0,"White Beast Statue":11,"Calling Bell":34,"Blood Vial":34,"Bottled Flame":22,"TheAbacus":0,"Sundial":0,"Molten Egg 2":9,"Bottled Lightning":43,"StrikeDummy":24,"InkBottle":28,"Runic Pyramid":17,"Pocketwatch":34,"Paper Frog":44},{"Ice Cream":24,"Pear":22,"Singing Bowl":16,"Thread and Needle":13,"StoneCalendar":21,"Letter Opener":3,"MawBank":20,"Burning Blood":0,"White Beast Statue":6,"Calling Bell":16,"Blood Vial":16,"Bottled Flame":10,"TheAbacus":0,"Sundial":0,"Molten Egg 2":5,"Bottled Lightning":21,"StrikeDummy":12,"InkBottle":14,"Runic Pyramid":9,"Pocketwatch":16,"Paper Frog":22},{"Ice Cream":63,"Pear":61,"Singing Bowl":48,"Thread and Needle":44,"StoneCalendar":59,"Letter Opener":10,"MawBank":57,"Burning Blood":0,"White Beast Statue":22,"Calling Bell":48,"Blood Vial":48,"Bottled Flame":39,"TheAbacus":0,"Sundial":0,"Molten Egg 2":18,"Bottled Lightning":59,"StrikeDummy":42,"InkBottle":45,"Runic Pyramid":36,"Pocketwatch":48,"Paper Frog":61}],"Burning Blood":129,"InkBottle":[3],"Pocketwatch":[0]},"card_choices":[{"not_picked":["Heavy Blade","Flex","Sword Boomerang"],"picked":"SKIP","floor":1.0},{"not_picked":["Feel No Pain","Clash"],"picked":"Pommel Strike","floor":2.0},{"not_picked":["Cleave","Bloodletting"],"picked":"Havoc","floor":4.0},{"not_picked":["Thunderclap","Perfected Strike","Entrench"],"picked":"SKIP","floor":7.0},{"not_picked":["Bludgeon","Whirlwind","Clothesline"],"picked":"SKIP","floor":8.0},{"not_picked":["Dark Embrace","Flex","Disarm"],"picked":"SKIP","floor":11.0},{"not_picked":["Dark Embrace","Flex","Disarm"],"picked":"SKIP","floor":11.0},{"not_picked":["Anger+1","Carnage+1","Havoc"],"picked":"SKIP","floor":13.0},{"not_picked":["Headbutt+1","Uppercut+1","Rupture"],"picked":"SKIP","floor":14.0},{"not_picked":["Thunderclap+1","Dark Embrace","Rupture+1"],"picked":"SKIP","floor":18.0},{"not_picked":["Headbutt+1","Flex"],"picked":"Burning Pact+1","floor":23.0},{"not_picked":["Thunderclap+1","Demon Form","Armaments"],"picked":"SKIP","floor":24.0},{"not_picked":["Perfected Strike+1","Wild Strike+1","Carnage+1"],"picked":"SKIP","floor":25.0},{"not_picked":["Armaments","Evolve"],"picked":"Body Slam+1","floor":28.0},{"not_picked":["Metallicize","Sever Soul+1","Warcry"],"picked":"SKIP","floor":30.0},{"not_picked":["Combust+1","Dual Wield+1","Flex"],"picked":"Singing Bowl","floor":35.0},{"not_picked":["Armaments","Headbutt+1","Heavy Blade+1"],"picked":"Singing Bowl","floor":36.0},{"not_picked":["Sword Boomerang+1","Uppercut+1","Warcry"],"picked":"Singing Bowl","floor":37.0},{"not_picked":["Trip","Mind Blast+1"],"picked":"Secret Weapon","floor":39.0},{"not_picked":["Violence","Jack Of All Trades"],"picked":"Thinking Ahead","floor":39.0},{"not_picked":["Swift Strike+1","Bandage Up","Chrysalis"],"picked":"Singing Bowl","floor":39.0},{"not_picked":["Anger+1","Rupture","Shockwave+1"],"picked":"Singing Bowl","floor":40.0},{"not_picked":["Cleave+1","True Grit","Clash+1"],"picked":"Singing Bowl","floor":41.0},{"not_picked":["Bludgeon+1","Shockwave","Body Slam+1"],"picked":"Singing Bowl","floor":44.0},{"not_picked":["Fire Breathing","Battle Trance+1","Perfected Strike+1"],"picked":"Singing Bowl","floor":47.0},{"not_picked":["Clothesline+1","Armaments+1"],"picked":"Burning Pact","floor":48.0}],"player_experience":272285,"relics_obtained":[{"floor":9.0,"key":"Molten Egg 2"},{"floor":11.0,"key":"White Beast Statue"},{"floor":22.0,"key":"Bottled Flame"},{"floor":24.0,"key":"StrikeDummy"},{"floor":26.0,"key":"Thread and Needle"},{"floor":28.0,"key":"InkBottle"},{"floor":34.0,"key":"Blood Vial"},{"floor":34.0,"key":"Singing Bowl"},{"floor":34.0,"key":"Pocketwatch"},{"floor":40.0,"key":"MawBank"},{"floor":41.0,"key":"StoneCalendar"},{"floor":43.0,"key":"Bottled Lightning"},{"floor":44.0,"key":"Paper Frog"},{"floor":46.0,"key":"Pear"},{"floor":48.0,"key":"Ice Cream"}],"event_choices":[{"cards_removed":["Strike_R"],"damage_healed":0.0,"max_hp_gain":0.0,"max_hp_loss":0.0,"gold_gain":0.0,"event_name":"Living Wall","player_choice":"Forget","floor":3.0,"gold_loss":0.0,"damage_taken":0.0},{"damage_healed":0.0,"max_hp_gain":0.0,"max_hp_loss":0.0,"gold_gain":0.0,"event_name":"Scrap Ooze","player_choice":"Success","floor":6.0,"gold_loss":0.0,"damage_taken":3.0,"relics_obtained":["Letter Opener"]},{"damage_healed":0.0,"max_hp_gain":0.0,"max_hp_loss":0.0,"gold_gain":0.0,"event_name":"The Woman in Blue","player_choice":"Bought 0 Potions","floor":20.0,"gold_loss":0.0,"damage_taken":0.0},{"damage_healed":0.0,"max_hp_gain":0.0,"max_hp_loss":0.0,"gold_gain":75.0,"event_name":"FaceTrader","player_choice":"Touch","floor":31.0,"gold_loss":0.0,"damage_taken":8.0},{"damage_healed":0.0,"max_hp_gain":0.0,"max_hp_loss":0.0,"gold_gain":0.0,"event_name":"SensoryStone","player_choice":"Memory 3","floor":39.0,"gold_loss":0.0,"damage_taken":10.0},{"damage_healed":0.0,"max_hp_gain":0.0,"max_hp_loss":0.0,"gold_gain":0.0,"event_name":"Mysterious Sphere","player_choice":"Fight","floor":41.0,"gold_loss":0.0,"damage_taken":0.0},{"damage_healed":0.0,"max_hp_gain":0.0,"max_hp_loss":0.0,"gold_gain":0.0,"event_name":"MindBloom","player_choice":"Fight","floor":48.0,"gold_loss":0.0,"damage_taken":0.0}],"is_beta":false,"boss_relics":[{"not_picked":["Snecko Eye","Black Star"],"picked":"Runic Pyramid"},{"not_picked":["SlaversCollar","Philosopher\u0027s Stone"],"picked":"Calling Bell"}],"items_purged_floors":[19,21,38,42,45],"is_endless":false,"potions_floor_spawned":[1,2,11,13,14,16,18,23,24,25,28,30,33,35,36,37,40,41,44,47,48],"ascension_level":10}}