{"host":"gy28cvaawxgarp7n","time":1608594958,"event":{"mods":["BaseMod","Conspire","Downfall","Minty Spire (QoL Compilation)","Replay The Spire","StSLib"],"gold_per_floor":[0,11,27,41,141,172,172,190,190,27,27,38,67,167,187,187,187,187],"floor_reached":16,"playtime":798,"items_purged":[],"score":102,"play_id":"6bb544a8-3296-44e0-9ea7-2ebf1aeb3305","local_time":"20201222075558","is_ascension_mode":false,"campfire_choices":[{"data":"hexamod:Sear","floor":1,"key":"SMITH"}],"circlet_count":0,"master_deck":["hexamod:Strike","hexamod:Strike","hexamod:Strike","hexamod:Strike","hexamod:Defend","hexamod:Defend","hexamod:Defend","hexamod:Sear+1","hexamod:Float","hexamod:ThermalTransfer","hexamod:InspiringFlames","hexamod:SoulSteal","hexamod:RecurringNightmare","hexamod:AdvancingGuard","hexamod:ExtraCrispy","hexamod:TimeOfNeed+1","hexamod:NightmareGuise","hexamod:SpectersWail","hexamod:HeatMetal"],"relics":["hexamod:SpiritBrand","Unceasing Top","Replay:Bottled Eggs","Letter Opener","Shuriken","Simple Rune","Toy Ornithopter"],"acts_visited":["Exordium"],"potions_floor_usage":[16],"damage_taken":[{"damage":1,"enemies":"Small Slimes","floor":2,"turns":3},{"damage":0,"enemies":"Jaw Worm","floor":3,"turns":3},{"damage":0,"enemies":"2 Louse","floor":4,"turns":3},{"damage":29,"enemies":"conspire:MimicChest","floor":6,"turns":8},{"damage":0,"enemies":"2 Fungi Beasts","floor":8,"turns":3},{"damage":6,"enemies":"downfall:FleeingMerchant","floor":10,"turns":4},{"damage":1,"enemies":"3 Louse","floor":12,"turns":3},{"damage":5,"enemies":"Gremlin Nob","floor":13,"turns":5},{"damage":20,"enemies":"downfall:Heads","floor":14,"turns":6},{"damage":0,"enemies":"Red Slaver","floor":15,"turns":3},{"damage":15,"enemies":"downfall:Defect","floor":16,"turns":4}],"seed_played":"998445273504994616","potions_obtained":[{"floor":8,"key":"Doom Potion"},{"floor":12,"key":"SneckoOil"},{"floor":15,"key":"FearPotion"}],"is_trial":false,"path_per_floor":["R","M","M","M","?","?","T","M","?","$","?","M","E","?","M","B"],"character_chosen":"THE_SPIRIT","items_purchased":["Simple Rune"],"campfire_rested":0,"item_purchase_floors":[10],"current_hp_per_floor":[70,69,69,69,69,40,40,40,40,34,34,33,28,8,8,0,0,0],"gold":187,"neow_bonus":"ONE_RARE_RELIC","is_daily":false,"chose_seed":false,"campfire_upgraded":1,"win_rate":0.0,"timestamp":1608594958,"path_taken":["R","M","M","M","?","?","T","M","?","$","?","M","E","?","M","BOSS"],"items_purchased_type":["Relic"],"build_version":"2020-12-13","purchased_purges":0,"victory":false,"max_hp_per_floor":[70,70,70,70,70,70,70,70,70,70,70,70,70,70,70,70,70,70],"card_choices":[{"not_picked":["hexamod:ShieldOfDarkness","hexamod:AdvancingGuard"],"picked":"hexamod:ThermalTransfer","floor":2},{"not_picked":["hexamod:GhostShield","hexamod:Hexaguard"],"picked":"hexamod:InspiringFlames","floor":3},{"not_picked":["hexamod:RainOfEmbers","hexamod:InspiringFlames"],"picked":"hexamod:SoulSteal","floor":4},{"not_picked":["hexamod:AdvancingGuard","hexamod:ShieldOfDarkness"],"picked":"hexamod:RecurringNightmare","floor":8},{"not_picked":["hexamod:SwordOfDarkness","hexamod:BacktrackSmack"],"picked":"hexamod:AdvancingGuard","floor":10},{"not_picked":["hexamod:FastForward","hexamod:BurningTouch"],"picked":"hexamod:ExtraCrispy","floor":12},{"not_picked":["hexamod:SpectersWail","hexamod:GhostShield"],"picked":"hexamod:TimeOfNeed","floor":13},{"not_picked":["hexamod:ThermalTransfer","hexamod:GhostOfSpirePast"],"picked":"hexamod:SpectersWail","floor":14},{"not_picked":["hexamod:AdvancingGuard","hexamod:HauntingEcho"],"picked":"hexamod:HeatMetal","floor":15}],"player_experience":159627,"relics_obtained":[{"floor":6,"key":"Replay:Bottled Eggs"},{"floor":7,"key":"Letter Opener"},{"floor":13,"key":"Toy Ornithopter"}],"event_choices":[{"damage_healed":0,"gold_gain":0,"player_choice":"Box","damage_taken":0,"relics_obtained":["Shuriken"],"max_hp_gain":0,"max_hp_loss":0,"event_name":"Big Fish","floor":9,"gold_loss":0,"cards_obtained":["Regret"]},{"damage_healed":0,"gold_gain":0,"player_choice":"Leave","damage_taken":0,"max_hp_gain":0,"max_hp_loss":0,"event_name":"conspire:Investor","floor":11,"gold_loss":0}],"is_beta":false,"boss_relics":[],"items_purged_floors":[],"is_endless":false,"potions_floor_spawned":[6,8,12,15],"killed_by":"downfall:Defect","ascension_level":0}}