{"host":"qwttrqaysb380yri","time":1608581491,"event":{"mods":["BaseMod","Custom Start","Minty Spire (QoL Compilation)","Permanent Neow","Puzzle Mod","Relic Stats","StSLib","The Cursed","The Hierophant"],"gold_per_floor":[111,129,147,147,160,160,191,25,25,25,36,36,1,44,44,140,140,161,161,161],"floor_reached":19,"playtime":644,"items_purged":[],"score":310,"play_id":"0b921d0b-1fcd-478d-8583-4c81f2b02a88","local_time":"20201221211131","is_ascension_mode":true,"campfire_choices":[{"data":"Consume","floor":6,"key":"SMITH"},{"floor":10,"key":"REST"},{"floor":15,"key":"REST"}],"circlet_count":0,"master_deck":["AscendersBane","Strike_B","Strike_B","Strike_B","Strike_B","Defend_B","Defend_B","Defend_B","Defend_B","Zap","Dualcast","Compile Driver","Sunder","Consume+1","Double Energy","Turbo","Ball Lightning","Conserve Battery","Cold Snap","Coolheaded","Capacitor","Core Surge","Compile Driver","Echo Form","Auto Shields"],"relics":["Cracked Core","Dream Catcher","Ancient Tea Set","InkBottle","Golden Idol","White Beast Statue","Philosopher\u0027s Stone"],"acts_visited":["Exordium","TheCity"],"potions_floor_usage":[5,10,14,16,18],"damage_taken":[{"damage":1,"enemies":"Cultist","floor":1,"turns":3},{"damage":7,"enemies":"Jaw Worm","floor":2,"turns":3},{"damage":8,"enemies":"2 Louse","floor":3,"turns":2},{"damage":8,"enemies":"Blue Slaver","floor":5,"turns":3},{"damage":35,"enemies":"3 Sentries","floor":7,"turns":8},{"damage":0,"enemies":"Lots of Slimes","floor":11,"turns":3},{"damage":10,"enemies":"Lagavulin","floor":14,"turns":4},{"damage":5,"enemies":"Slime Boss","floor":16,"turns":10},{"damage":59,"enemies":"3 Byrds","floor":18,"turns":5},{"damage":8,"enemies":"Spheric Guardian","floor":19,"turns":3}],"seed_played":"5863388935688355092","potions_obtained":[{"floor":1,"key":"Fruit Juice"},{"floor":3,"key":"Block Potion"},{"floor":11,"key":"SpeedPotion"},{"floor":16,"key":"Energy Potion"},{"floor":18,"key":"Energy Potion"}],"is_trial":false,"path_per_floor":["M","M","M","T","M","R","E","$","T","R","M","?","?","E","R","B",null,"M","M"],"character_chosen":"DEFECT","items_purchased":["Conserve Battery","Cold Snap","LiquidMemories"],"campfire_rested":2,"item_purchase_floors":[8,8,8],"current_hp_per_floor":[63,56,48,48,40,40,5,5,5,32,32,32,49,39,59,54,65,6,0,0],"gold":161,"neow_bonus":"THREE_CARDS","is_daily":false,"chose_seed":false,"campfire_upgraded":1,"win_rate":0.0,"timestamp":1608581491,"path_taken":["M","M","M","?","M","R","E","?","T","R","?","?","?","E","R","BOSS","M","M"],"items_purchased_type":["Card","Card","Potion"],"build_version":"2020-12-13","purchased_purges":0,"victory":false,"max_hp_per_floor":[71,71,71,71,71,71,71,71,71,76,76,69,69,69,69,69,69,69,69,69],"relic_stats":{"Dream Catcher":2,"counters":[10,44],"Golden Idol":32,"obtain_stats":[{"Dream Catcher":4,"Golden Idol":12,"Philosopher\u0027s Stone":17,"Cracked Core":0,"Ancient Tea Set":7,"InkBottle":9,"White Beast Statue":14},{"Dream Catcher":3,"Golden Idol":6,"Philosopher\u0027s Stone":8,"Cracked Core":0,"Ancient Tea Set":5,"InkBottle":5,"White Beast Statue":7},{"Dream Catcher":8,"Golden Idol":22,"Philosopher\u0027s Stone":36,"Cracked Core":0,"Ancient Tea Set":19,"InkBottle":19,"White Beast Statue":26}],"InkBottle":[10]},"card_choices":[{"not_picked":["Streamline","Loop"],"picked":"Compile Driver","floor":0},{"not_picked":["Storm","Barrage"],"picked":"Sunder","floor":1},{"not_picked":["Turbo","Ball Lightning"],"picked":"Consume","floor":2},{"not_picked":["Reprogram","Coolheaded"],"picked":"Double Energy","floor":3},{"not_picked":["Conserve Battery","Force Field"],"picked":"Turbo","floor":5},{"not_picked":["Aggregate","Chill"],"picked":"Ball Lightning","floor":7},{"not_picked":["Rebound","Genetic Algorithm"],"picked":"Coolheaded","floor":10},{"not_picked":["Darkness","Self Repair"],"picked":"Capacitor","floor":11},{"not_picked":["Force Field","Steam Power"],"picked":"Core Surge","floor":14},{"not_picked":["Self Repair","Conserve Battery"],"picked":"Compile Driver","floor":15},{"not_picked":["Rainbow","Hyperbeam"],"picked":"Echo Form","floor":16},{"not_picked":["Rebound","Hologram"],"picked":"Auto Shields","floor":18}],"player_experience":1923713,"relics_obtained":[{"floor":4,"key":"Dream Catcher"},{"floor":7,"key":"Ancient Tea Set"},{"floor":9,"key":"InkBottle"},{"floor":14,"key":"White Beast Statue"}],"event_choices":[{"damage_healed":0,"gold_gain":0,"player_choice":"Lose Max HP","damage_taken":0,"relics_obtained":["Golden Idol"],"max_hp_gain":0,"max_hp_loss":7,"event_name":"Golden Idol","floor":12,"gold_loss":0},{"damage_healed":17,"gold_gain":0,"player_choice":"Healed","damage_taken":0,"max_hp_gain":0,"max_hp_loss":0,"event_name":"The Cleric","floor":13,"gold_loss":35}],"is_beta":false,"boss_relics":[{"not_picked":["Astrolabe","SacredBark"],"picked":"Philosopher\u0027s Stone"}],"items_purged_floors":[],"is_endless":false,"potions_floor_spawned":[1,3,11,16,18],"killed_by":"Spheric Guardian","ascension_level":15}}