{"host":"121m0oxswv9tg9hk","time":1608568092,"event":{"mods":["AchievementEnabler","BaseMod","Better Third Choice","Downfall","Hermit","Hubris","Infinite Spire","MarisaÅiñ∂âJÅ@ñÇóùçπÅj","Minty Spire (QoL Compilation)","Replay The Spire","Shade Mod","StSLib","The Construct","The Cursed","The Gatherer","The Hierophant","The Mystic"],"gold_per_floor":[110,127,127,147,172,172,215,215,267,267,302,318,318,333,333,456,456,471,540,540,540,560,595,595,633,658,658,671,671,689,689,689,812,812,825,926,926,941,966,966,1002,1002,1055,1086,1086,1129,392,405,405,405,405,405,39,82,82],"floor_reached":56,"playtime":3189,"items_purged":["TheCursedMod:Defend_TheCursed"],"score":1660,"play_id":"7b7ba025-43f4-46a1-9aac-f968f5cafc54","local_time":"20201221172812","is_ascension_mode":true,"campfire_choices":[{"data":"TheCursedMod:StingEye","floor":6,"key":"SMITH"},{"floor":10,"key":"REST"},{"data":"TheCursedMod:DemonSword","floor":13,"key":"SMITH"},{"floor":15,"key":"DIG"},{"floor":24,"key":"REST"},{"floor":27,"key":"REST"},{"floor":32,"key":"REST"},{"floor":40,"key":"RECALL"},{"data":"TheCursedMod:CleanUpWorkshop","floor":42,"key":"SMITH"},{"data":"TheCursedMod:CollectTribute","floor":49,"key":"SMITH"},{"data":"TheCursedMod:OutForBlood","floor":52,"key":"SMITH"}],"circlet_count":0,"master_deck":["TheCursedMod:Defend_TheCursed+1","TheCursedMod:Defend_TheCursed","TheCursedMod:CursedWand","TheCursedMod:CleanUpWorkshop+1","TheCursedMod:Dregs","Hallucinations","TheCursedMod:DemonSword+1","TheCursedMod:SpitefulStrike","TheCursedMod:CursedAmulet","Injury","TheCursedMod:StingEye+1","TheCursedMod:CursedBlade","TheCursedMod:CursedAmulet","TheCursedMod:SurpriseAttack","TheCursedMod:Mangle","TheCursedMod:CursedRelics","TheCursedMod:Stigma","TheCursedMod:CursedSpellbook","TheCursedMod:StingEye","TheCursedMod:OutForBlood+1","TheCursedMod:SpreadPlague+1","TheCursedMod:WearCloak","Bite","Bite","Bite","Bite","Bite","infinitespire:Fortify","TheCursedMod:CollectTribute+1","TheCursedMod:SmokeScreen","ReplayTheSpireMod:Splinters","TheCursedMod:ReleasedStrength","TheCursedMod:DoubleShield","Decay","TheCursedMod:Obscuration","TheCursedMod:CursedSpellbook","TheCursedMod:Mangle","TheCursedMod:AshesToAshes","TheCursedMod:LuckyCharm","Apotheosis+1","TheCursedMod:HellfireBreathing","TheCursedMod:HellfireBreathing","TheCursedMod:AshesToAshes+1","TheCursedMod:DemonSword","TheCursedMod:CursedSpellbook+1"],"relics":["TheCursedMod:BlackMagic101","Golden Idol","infinitespire:CheckeredPen","ReplayFunnel","MealTicket","TheCursedMod:FourLeafCloverCharm","Kunai","hubris:Icosahedron","Boot","hexamod:BolsterEngine","War Paint","TheCursedMod:OminousMark","Coffee Dripper","Replay:Mystery Machine","Bottled Flame","Blue Doll","Pet Ghost","Torii","Medical Kit","OrangePellets","Oddly Smooth Stone"],"acts_visited":["Exordium","TheCity","TheBeyond","TheEnding"],"potions_floor_usage":[7,16,23,23,33,33,44,50,55,55],"damage_taken":[{"damage":4,"enemies":"infinitespire:Voidling","floor":1,"turns":5},{"damage":2,"enemies":"Jaw Worm","floor":2,"turns":3},{"damage":2,"enemies":"Small Slimes","floor":4,"turns":3},{"damage":1,"enemies":"Red Slaver","floor":5,"turns":3},{"damage":23,"enemies":"Lagavulin","floor":7,"turns":8},{"damage":15,"enemies":"3 Sentries","floor":11,"turns":6},{"damage":0,"enemies":"Exordium Wildlife","floor":12,"turns":1},{"damage":0,"enemies":"3 Louse","floor":14,"turns":2},{"damage":12,"enemies":"Hexaghost","floor":16,"turns":6},{"damage":6,"enemies":"Spheric Guardian","floor":18,"turns":3},{"damage":16,"enemies":"2 Thieves","floor":22,"turns":4},{"damage":30,"enemies":"Slavers","floor":23,"turns":5},{"damage":33,"enemies":"Gremlin Leader","floor":25,"turns":6},{"damage":3,"enemies":"Snake Plant","floor":28,"turns":4},{"damage":24,"enemies":"Snecko","floor":30,"turns":4},{"damage":18,"enemies":"Automaton","floor":33,"turns":5},{"damage":0,"enemies":"3 Darklings","floor":35,"turns":2},{"damage":0,"enemies":"Orb Walker","floor":38,"turns":3},{"damage":0,"enemies":"3 Darklings","floor":39,"turns":5},{"damage":0,"enemies":"R_Hoarder","floor":41,"turns":7},{"damage":5,"enemies":"Nemesis","floor":44,"turns":5},{"damage":0,"enemies":"R_Hoarder","floor":46,"turns":7},{"damage":0,"enemies":"Sphere and 2 Shapes","floor":48,"turns":4},{"damage":1,"enemies":"infinitespire:MassOfShapes","floor":50,"turns":7},{"damage":7,"enemies":"Shield and Spear","floor":54,"turns":4},{"damage":5,"enemies":"The Heart","floor":55,"turns":7}],"seed_played":"-3575293518358867540","potions_obtained":[{"floor":1,"key":"Strength Potion"},{"floor":2,"key":"Dexterity Potion"},{"floor":4,"key":"Venom Potion"},{"floor":14,"key":"ColorlessPotion"},{"floor":18,"key":"SteroidPotion"},{"floor":28,"key":"PowerPotion"},{"floor":33,"key":"FearPotion"},{"floor":38,"key":"SteroidPotion"},{"floor":39,"key":"AttackPotion"},{"floor":44,"key":"Languid Potion"}],"is_trial":false,"path_per_floor":["M","M","?","M","M","R","E","?","T","R","E","M","R","M","R","B",null,"M","T","?","?","M","E","R","E","T","R","M","?","M","AVR","R","B",null,"M","?","?","M","M","R","E","R","T","E","?","E","$","M","R","B",null,"R","$","E","B",null],"character_chosen":"THE_CURSED","items_purchased":["Torii","Medical Kit","TheCursedMod:LuckyCharm","Apotheosis+1","TheCursedMod:HellfireBreathing","PowerPotion","OrangePellets","TheCursedMod:AshesToAshes+1","TheCursedMod:DemonSword"],"campfire_rested":4,"item_purchase_floors":[47,47,47,47,53,53,53,53,53],"current_hp_per_floor":[71,69,69,67,66,66,43,43,43,65,50,52,52,54,54,44,75,69,69,69,69,55,27,49,18,18,40,39,39,19,19,41,33,75,75,75,75,75,75,75,75,75,75,75,75,75,75,75,75,74,75,75,75,74,75],"gold":82,"neow_bonus":"THREE_RARE_CARDS","is_daily":false,"chose_seed":false,"campfire_upgraded":5,"win_rate":0.0,"timestamp":1608568092,"path_taken":["M","?","?","M","M","R","E","?","T","R","E","M","R","M","R","BOSS","M","?","?","?","M","E","R","E","T","R","M","?","M","AVR","R","BOSS","M","?","?","M","?","R","E","R","T","E","?","E","$","M","R","BOSS","R","$","E","BOSS"],"items_purchased_type":["Relic","Relic","Card","Card","Card","Potion","Relic","Card","Card"],"build_version":"2020-12-13","purchased_purges":1,"victory":true,"max_hp_per_floor":[75,75,75,75,75,75,75,75,75,75,75,75,75,75,75,75,75,75,75,75,75,75,75,75,75,75,75,75,75,75,75,75,75,75,75,75,75,75,75,75,75,75,75,75,75,75,75,75,75,75,75,75,75,75,75],"card_choices":[{"not_picked":["TheCursedMod:ShockAndAwe","TheCursedMod:ParallelWorld"],"picked":"TheCursedMod:DemonSword","floor":0},{"not_picked":["TheCursedMod:SurpriseAttack","TheCursedMod:Obscuration"],"picked":"TheCursedMod:SpitefulStrike","floor":1},{"not_picked":["TheCursedMod:EmpowerCircles","TheCursedMod:Wield"],"picked":"TheCursedMod:CursedAmulet","floor":2},{"not_picked":["TheCursedMod:SmokeScreen","TheCursedMod:CursedMace"],"picked":"TheCursedMod:StingEye","floor":4},{"not_picked":["TheCursedMod:SoulCrush","TheCursedMod:CursedMace"],"picked":"TheCursedMod:CursedBlade","floor":5},{"not_picked":["TheCursedMod:CursedStaff","TheCursedMod:AbyssShockwave"],"picked":"TheCursedMod:CursedAmulet","floor":7},{"not_picked":["TheCursedMod:CircleOfAmplification","TheCursedMod:BlessingInDisguise","TheCursedMod:ManaCirculation"],"picked":"SKIP","floor":11},{"not_picked":["TheCursedMod:CircleOfCorruption","TheCursedMod:SpitefulPray"],"picked":"TheCursedMod:SurpriseAttack","floor":12},{"not_picked":["TheCursedMod:BlessingInDisguise","TheCursedMod:Obscuration"],"picked":"TheCursedMod:Mangle","floor":14},{"not_picked":["TheCursedMod:VoidForm","TheCursedMod:UltimatePain"],"picked":"TheCursedMod:CursedRelics","floor":16},{"not_picked":["TheCursedMod:FleshFromBone","TheCursedMod:Obscuration+1"],"picked":"TheCursedMod:Stigma","floor":18},{"not_picked":["TheCursedMod:CircleOfCorruption","TheCursedMod:Stretching"],"picked":"TheCursedMod:StingEye","floor":22},{"not_picked":["TheCursedMod:Stigma","TheCursedMod:Wield+1"],"picked":"TheCursedMod:OutForBlood","floor":23},{"not_picked":["TheCursedMod:CircleOfFocus","TheCursedMod:Wield"],"picked":"TheCursedMod:SpreadPlague","floor":25},{"not_picked":["TheCursedMod:CursedMace","TheCursedMod:SaltUponWound"],"picked":"TheCursedMod:WearCloak","floor":28},{"not_picked":["TheCursedMod:CircleOfFocus","TheCursedMod:Evocation","TheCursedMod:SpitefulStrike"],"picked":"SKIP","floor":30},{"not_picked":["TheCursedMod:CursedRelics","TheCursedMod:UltimatePain"],"picked":"TheCursedMod:CollectTribute","floor":33},{"not_picked":["TheCursedMod:CursedShiv+1","TheCursedMod:SaltUponWound"],"picked":"TheCursedMod:SmokeScreen","floor":35},{"not_picked":["TheCursedMod:CursedMace+1","TheCursedMod:CursedStaff+1"],"picked":"TheCursedMod:ReleasedStrength","floor":36},{"not_picked":["TheCursedMod:VitalStrike","TheCursedMod:CursedStaff+1"],"picked":"TheCursedMod:DoubleShield","floor":36},{"not_picked":["TheCursedMod:Torture","TheCursedMod:CircleOfFlame"],"picked":"TheCursedMod:Obscuration","floor":38},{"not_picked":["TheCursedMod:RavingStaff","TheCursedMod:Stretching","TheCursedMod:VitalStrike"],"picked":"SKIP","floor":39},{"not_picked":["TheCursedMod:CursedStaff","TheCursedMod:Grudge"],"picked":"TheCursedMod:CursedSpellbook","floor":41},{"not_picked":["TheCursedMod:Torture+1","TheCursedMod:Stigma+1"],"picked":"TheCursedMod:Mangle","floor":44},{"not_picked":["TheCursedMod:SpitefulStrike","TheCursedMod:SurpriseAttack"],"picked":"TheCursedMod:AshesToAshes","floor":46},{"not_picked":["TheCursedMod:CursedBlade","TheCursedMod:CircleOfFocus","TheCursedMod:BloodBarrier+1"],"picked":"SKIP","floor":48},{"not_picked":["TheCursedMod:Torture","TheCursedMod:HellsGateOpen+1"],"picked":"TheCursedMod:CursedSpellbook+1","floor":54}],"player_experience":2887875,"relics_obtained":[{"floor":7,"key":"infinitespire:CheckeredPen"},{"floor":9,"key":"ReplayFunnel"},{"floor":11,"key":"Blood Vial"},{"floor":15,"key":"MealTicket"},{"floor":19,"key":"Kunai"},{"floor":23,"key":"Boot"},{"floor":25,"key":"hexamod:BolsterEngine"},{"floor":26,"key":"War Paint"},{"floor":36,"key":"Replay:Mystery Machine"},{"floor":41,"key":"Bottled Flame"},{"floor":44,"key":"Blue Doll"},{"floor":46,"key":"Pet Ghost"},{"floor":54,"key":"Oddly Smooth Stone"}],"event_choices":[{"damage_healed":0,"gold_gain":0,"player_choice":"Take Wound","damage_taken":0,"relics_obtained":["Golden Idol"],"max_hp_gain":0,"max_hp_loss":0,"event_name":"Golden Idol","floor":3,"gold_loss":0,"cards_obtained":["Injury"]},{"cards_removed":["TheCursedMod:Defend_TheCursed"],"damage_healed":0,"gold_gain":0,"player_choice":"Purged","damage_taken":0,"max_hp_gain":0,"max_hp_loss":0,"event_name":"Purifier","floor":8,"gold_loss":0},{"damage_healed":0,"gold_gain":0,"player_choice":"Read","damage_taken":0,"max_hp_gain":0,"max_hp_loss":0,"event_name":"The Library","floor":21,"gold_loss":0,"cards_obtained":["TheCursedMod:CursedSpellbook"]},{"damage_healed":0,"gold_gain":0,"player_choice":"Became a vampire (Vial)","damage_taken":0,"max_hp_gain":0,"max_hp_loss":0,"event_name":"Vampires","floor":29,"relics_lost":["Blood Vial"],"gold_loss":0,"cards_obtained":["Bite","Bite","Bite","Bite","Bite"]},{"damage_healed":0,"gold_gain":0,"player_choice":"Cursed","damage_taken":0,"max_hp_gain":0,"max_hp_loss":0,"event_name":"Wheel of Change","floor":37,"gold_loss":0,"cards_obtained":["Decay"]}],"is_beta":false,"boss_relics":[{"not_picked":["Astrolabe","hubris:Backtick"],"picked":"TheCursedMod:FourLeafCloverCharm"},{"not_picked":["hubris:CrackedHourglass","Velvet Choker"],"picked":"Coffee Dripper"}],"items_purged_floors":[47],"is_endless":false,"potions_floor_spawned":[1,2,4,14,18,28,30,33,38,39,44],"ascension_level":4}}