{"host":"t179ovrkr5k1gnfh","time":1608569476,"event":{"mods":["AchievementEnabler","BaseMod","Colored Map","Downfall","Minty Spire (QoL Compilation)","StSLib"],"gold_per_floor":[99,199,229,244,37,52,52,52,80,5,27,41,141,151,168,268,268,193,193,209,71,82,113,149,188,125,163,175,206,242,272,296,403,415,427,631,631,631,644,670,697,712,712,747,747,757,451,470,483,483,483,514,243,243,243],"floor_reached":56,"playtime":6739,"items_purged":["champ:Defend","champ:Execute","champ:Strike","champ:Defend","champ:Defend"],"score":1725,"play_id":"f8e42190-83a3-4b46-973f-d4d7e6db7961","local_time":"20201221175116","is_ascension_mode":false,"campfire_choices":[{"floor":1,"key":"RECALL"},{"data":"champ:Lariat","floor":8,"key":"SMITH"},{"data":"champ:Backstep","floor":10,"key":"SMITH"},{"data":"champ:Taunt","floor":18,"key":"SMITH"},{"data":"champ:Aggression","floor":26,"key":"SMITH"},{"data":"champ:Improvising","floor":35,"key":"SMITH"},{"data":"champ:SteelEdge","floor":38,"key":"SMITH"},{"data":"champ:AdrenalArmor","floor":43,"key":"SMITH"},{"data":"champ:DancingMaster","floor":54,"key":"SMITH"}],"circlet_count":0,"master_deck":["champ:Strike","champ:Strike","champ:Taunt+1","champ:Backstep+1","champ:Aggression+1","champ:Lariat+1","champ:HoldFirm+1","champ:BringItOn+1","champ:AdrenalArmor+1","champ:SteelEdge+1","champ:FlashCut+1","champ:Improvising+1","champ:ShieldThrow+1","champ:ArenaPreparation+1","champ:DancingMaster+1","champ:BerserkersShout+1","Madness","champ:StanceDance"],"relics":["Empty Cage","Pear","Membership Card","InkBottle","Pantograph","downfall:HeartBlessingGreen","Odd Mushroom","Coffee Dripper","downfall:HeartBlessingRed","Toolbox","MawBank","PreservedInsect","downfall:HeartBlessingBlue","Dream Catcher","champ:DefensiveTrainingManual","Bag of Preparation","SlaversCollar","War Paint","Nunchaku","Toy Ornithopter","Whetstone","Blood Vial","White Beast Statue","Boot","HandDrill"],"acts_visited":["Exordium","TheCity","TheBeyond","TheEnding"],"potions_floor_usage":[9,9,9,16,16,31,40,50,50,55,55,55],"damage_taken":[{"damage":57,"enemies":"Gremlin Nob","floor":3,"turns":5},{"damage":5,"enemies":"2 Louse","floor":4,"turns":2},{"damage":19,"enemies":"downfall:FleeingMerchant","floor":5,"turns":4},{"damage":0,"enemies":"Cultist","floor":6,"turns":3},{"damage":45,"enemies":"3 Sentries","floor":9,"turns":6},{"damage":29,"enemies":"The Mushroom Lair","floor":11,"turns":7},{"damage":17,"enemies":"Small Slimes","floor":12,"turns":3},{"damage":5,"enemies":"Blue Slaver","floor":14,"turns":4},{"damage":20,"enemies":"Gremlin Gang","floor":15,"turns":4},{"damage":64,"enemies":"downfall:Ironclad","floor":16,"turns":11},{"damage":24,"enemies":"Chosen","floor":20,"turns":3},{"damage":18,"enemies":"downfall:FleeingMerchant","floor":21,"turns":4},{"damage":17,"enemies":"Snake Plant","floor":22,"turns":4},{"damage":31,"enemies":"Slavers","floor":23,"turns":5},{"damage":25,"enemies":"Book of Stabbing","floor":25,"turns":5},{"damage":89,"enemies":"Gremlin Leader","floor":27,"turns":9},{"damage":7,"enemies":"3 Cultists","floor":29,"turns":5},{"damage":39,"enemies":"Centurion and Healer","floor":31,"turns":5},{"damage":27,"enemies":"Snecko","floor":32,"turns":6},{"damage":56,"enemies":"downfall:Watcher","floor":33,"turns":7},{"damage":18,"enemies":"downfall:FleeingMerchant","floor":36,"turns":4},{"damage":8,"enemies":"3 Shapes","floor":39,"turns":3},{"damage":33,"enemies":"Reptomancer","floor":40,"turns":4},{"damage":5,"enemies":"3 Darklings","floor":42,"turns":4},{"damage":19,"enemies":"Nemesis","floor":44,"turns":3},{"damage":9,"enemies":"4 Shapes","floor":46,"turns":3},{"damage":14,"enemies":"Transient","floor":48,"turns":5},{"damage":60,"enemies":"Jaw Worm Horde","floor":49,"turns":4},{"damage":136,"enemies":"downfall:Silent","floor":50,"turns":9},{"damage":81,"enemies":"downfall:CharBossMerchant","floor":52,"turns":6},{"damage":180,"enemies":"downfall:NeowBoss","floor":55,"turns":21}],"seed_played":"-8696735268737232417","potions_obtained":[{"floor":3,"key":"Slimebound:ThreeZeroPotion"},{"floor":4,"key":"FearPotion"},{"floor":6,"key":"SpeedPotion"},{"floor":9,"key":"Weak Potion"},{"floor":12,"key":"SmokeBomb"},{"floor":14,"key":"champ:OpenerPotion"},{"floor":22,"key":"Ancient Potion"},{"floor":29,"key":"sneckomod:MuddlingPotion"},{"floor":31,"key":"BlessingOfTheForge"},{"floor":32,"key":"champ:CounterPotion"},{"floor":33,"key":"DuplicationPotion"},{"floor":39,"key":"DistilledChaos"},{"floor":49,"key":"ColorlessPotion"},{"floor":52,"key":"BlessingOfTheForge"}],"is_trial":false,"path_per_floor":["R","?","E","M","$","M","T","R","E","R","?","M","?","M","M","B",null,"R","?","M","$","M","E","T","E","R","E","?","M","T","M","M","B",null,"R","$","?","R","M","E","T","M","R","E","?","M","$","M","M","B",null,"E","$","R","B",null],"character_chosen":"THE_CHAMP","items_purchased":["Membership Card","Toolbox","War Paint","Blood Vial","White Beast Statue","LiquidMemories","HandDrill","DistilledChaos","Madness","champ:StanceDance"],"campfire_rested":0,"item_purchase_floors":[5,21,36,47,47,47,53,53,53,53],"current_hp_per_floor":[90,90,58,58,58,58,58,58,46,46,46,46,46,46,46,71,100,100,100,100,100,100,94,94,94,104,90,90,90,90,90,89,110,110,110,110,110,110,106,106,106,106,106,110,110,110,110,109,97,110,110,110,110,110,110],"gold":243,"neow_bonus":"BOSS_RELIC","is_daily":false,"chose_seed":false,"campfire_upgraded":8,"win_rate":0.0,"timestamp":1608569476,"path_taken":["R","?","E","?","?","M","T","R","E","R","?","M","?","M","M","BOSS","R","?","M","$","?","E","T","E","R","E","?","M","?","M","M","BOSS","R","$","?","R","M","E","T","?","R","E","?","M","$","M","M","BOSS","E","$","R","BOSS"],"items_purchased_type":["Relic","Relic","Relic","Relic","Relic","Potion","Relic","Potion","Card","Card"],"build_version":"2020-12-13","purchased_purges":5,"victory":true,"max_hp_per_floor":[90,90,100,100,100,100,100,100,100,100,100,100,100,100,100,100,100,100,100,100,100,100,100,100,100,110,110,110,110,110,110,110,110,110,110,110,110,110,110,110,110,110,110,110,110,110,110,110,110,110,110,110,110,110,110],"card_choices":[{"not_picked":["champ:ShieldWall","champ:Duel"],"picked":"champ:Backstep","floor":3},{"not_picked":["champ:StanceDance","champ:RisingSlash"],"picked":"champ:Aggression","floor":4},{"not_picked":["champ:Backstep","champ:TornadoPunch"],"picked":"champ:Lariat","floor":5},{"not_picked":["champ:Duel","champ:BladeFlurry","champ:FightOn"],"picked":"SKIP","floor":6},{"not_picked":["champ:FocusedDefense","champ:FlashCut"],"picked":"champ:HoldFirm","floor":9},{"not_picked":["champ:DefensiveShout","champ:TornadoPunch"],"picked":"champ:BringItOn","floor":11},{"not_picked":["champ:BringItOn","champ:GladiatorsShout","champ:RageSigil"],"picked":"SKIP","floor":12},{"not_picked":["champ:FocusedDefense","champ:PreciseThrust"],"picked":"champ:AdrenalArmor","floor":14},{"not_picked":["champ:ViciousMockery","champ:EnragedBash","champ:RisingSlash"],"picked":"SKIP","floor":15},{"not_picked":["champ:HeavySlash","champ:SwordThrow"],"picked":"champ:SteelEdge","floor":16},{"not_picked":["champ:FocusedGladiator","champ:ViciousMockery"],"picked":"champ:FlashCut","floor":20},{"not_picked":["champ:EnragedBash","champ:BerserkersShout","champ:Circumvent"],"picked":"SKIP","floor":21},{"not_picked":["champ:RageSigil+1","champ:Encircle+1","champ:BerserkersShout"],"picked":"SKIP","floor":22},{"not_picked":["champ:Haymaker","champ:FalseCounter","champ:CrookedStrike+1"],"picked":"SKIP","floor":23},{"not_picked":["champ:SwordSigil+1","champ:BladeFlurry"],"picked":"champ:Improvising","floor":25},{"not_picked":["champ:Backstep","champ:GutPunch","champ:ShieldSigil"],"picked":"SKIP","floor":27},{"not_picked":["champ:DefensiveShout+1","champ:HoldFirm","champ:BerserkersShout"],"picked":"SKIP","floor":29},{"not_picked":["champ:Encircle+1","champ:TornadoPunch","champ:FanOfKnives"],"picked":"SKIP","floor":31},{"not_picked":["champ:CrookedStrike","champ:StanceDance+1"],"picked":"champ:ShieldThrow","floor":32},{"not_picked":["champ:Encircle","champ:Haymaker+1","champ:ShieldSigil"],"picked":"SKIP","floor":36},{"not_picked":["champ:EndlessRage+1","champ:FocusedBerserking","champ:FightOn"],"picked":"SKIP","floor":39},{"not_picked":["champ:DefensiveStyle","champ:Haymaker","champ:Circumvent"],"picked":"SKIP","floor":40},{"not_picked":["champ:Balance+1","champ:Circumvent","champ:RageSigil"],"picked":"SKIP","floor":42},{"not_picked":["champ:TornadoPunch","champ:BerserkersShout+1"],"picked":"champ:ArenaPreparation+1","floor":44},{"not_picked":["champ:SwordSigil+1","champ:IronFortress","champ:ShieldSigil+1"],"picked":"SKIP","floor":46},{"not_picked":["champ:Circumvent+1","champ:SwordSigil+1","champ:HeartStrike+1"],"picked":"SKIP","floor":48},{"not_picked":["champ:Circumvent","champ:PerfectedStrike"],"picked":"champ:DancingMaster","floor":49},{"not_picked":["champ:BerserkerStyle","champ:FalseCounter"],"picked":"champ:BerserkersShout+1","floor":52}],"player_experience":130908,"relics_obtained":[{"floor":3,"key":"Pear"},{"floor":7,"key":"InkBottle"},{"floor":9,"key":"Pantograph"},{"floor":11,"key":"Odd Mushroom"},{"floor":23,"key":"MawBank"},{"floor":25,"key":"PreservedInsect"},{"floor":27,"key":"Dream Catcher"},{"floor":30,"key":"Bag of Preparation"},{"floor":40,"key":"Nunchaku"},{"floor":41,"key":"Toy Ornithopter"},{"floor":44,"key":"Whetstone"},{"floor":52,"key":"Boot"}],"event_choices":[{"damage_healed":0,"gold_gain":0,"player_choice":"Fought Mushrooms","damage_taken":0,"max_hp_gain":0,"max_hp_loss":0,"event_name":"Mushrooms","floor":11,"gold_loss":0},{"damage_healed":0,"gold_gain":0,"player_choice":"Leave","damage_taken":0,"max_hp_gain":0,"max_hp_loss":0,"event_name":"FaceTrader","floor":19,"gold_loss":0},{"damage_healed":0,"gold_gain":0,"player_choice":"Ignored","damage_taken":0,"max_hp_gain":0,"max_hp_loss":0,"event_name":"NoteForYourself","floor":37,"gold_loss":0}],"is_beta":false,"boss_relics":[{"not_picked":["Fusion Hammer","Velvet Choker"],"picked":"Coffee Dripper"},{"not_picked":["Runic Dome","SacredBark"],"picked":"SlaversCollar"}],"items_purged_floors":[5,21,36,47,53],"is_endless":false,"potions_floor_spawned":[3,4,6,9,12,14,22,29,31,32,33,39,48,49,52],"ascension_level":0}}