{"host":"n3vqtvx9hbigdfc4","time":1608524358,"event":{"mods":["AchievementEnabler","BaseMod","Better Third Choice","Block Reminder","Colored Map","Colored Powertips","Downfall","Minty Spire (QoL Compilation)","Permanent Neow","Rare Cards Sparkle","Relic Stats","Replay The Spire","Shop Mod","StSLib"],"gold_per_floor":[99,128,128,141,158,158,181,181,106,131,151,151,151,176,190,190,190,190],"floor_reached":16,"playtime":1060,"items_purged":[],"score":108,"play_id":"a07e2a10-d7eb-4ae9-89b5-cfbd80a63afe","local_time":"20201220221918","is_ascension_mode":false,"campfire_choices":[{"data":"Slimebound:Split","floor":1,"key":"SMITH"},{"data":"Slimebound:RallyTheTroops","floor":3,"key":"SMITH"},{"data":"Slimebound:Schlurp","floor":6,"key":"SMITH"},{"data":"Slimebound:CorrosiveSpit","floor":9,"key":"SMITH"}],"circlet_count":0,"master_deck":["Slimebound:Strike_Slimebound","Slimebound:Strike_Slimebound","Slimebound:Tackle","Slimebound:Defend_Slimebound","Slimebound:Defend_Slimebound","Slimebound:Defend_Slimebound","Slimebound:Defend_Slimebound","Slimebound:Split+1","Slimebound:CorrosiveSpit+1","Slimebound:RallyTheTroops+1","Slimebound:Chomp+1","Slimebound:Schlurp+1","Slimebound:LeechEnergy","Slimebound:MegaLick","Slimebound:LeadByExample","Slimebound:SplitBruiser","Slimebound:LeechEnergy"],"relics":["Slimebound:AbsorbEndCombat","Du-Vu Doll","downfall:HeartBlessingBlue","Ice Cream","Juzu Bracelet","Odd Mushroom"],"acts_visited":["Exordium"],"potions_floor_usage":[14],"damage_taken":[{"damage":51,"enemies":"3 Sentries","floor":2,"turns":9},{"damage":9,"enemies":"Jaw Worm","floor":4,"turns":4},{"damage":8,"enemies":"Small Slimes","floor":5,"turns":2},{"damage":37,"enemies":"Gremlin Nob","floor":10,"turns":3},{"damage":3,"enemies":"2 Louse","floor":11,"turns":1},{"damage":17,"enemies":"The Mushroom Lair","floor":14,"turns":2},{"damage":8,"enemies":"Red Slaver","floor":15,"turns":2},{"damage":40,"enemies":"downfall:Silent","floor":16,"turns":2}],"seed_played":"7636489862511512895","potions_obtained":[{"floor":2,"key":"SpeedPotion"},{"floor":11,"key":"Fire Potion"}],"is_trial":false,"path_per_floor":["R","E","R","M","M","R","T","?","R","E","M","?","?","?","M","B"],"character_chosen":"SLIMEBOUND","items_purchased":[],"campfire_rested":0,"item_purchase_floors":[],"current_hp_per_floor":[60,21,21,32,44,44,44,44,54,33,38,38,26,25,33,0,0,0],"gold":190,"neow_bonus":"ONE_RANDOM_RARE_CARD","is_daily":false,"chose_seed":false,"campfire_upgraded":4,"win_rate":0.0,"timestamp":1608524358,"path_taken":["R","E","R","M","M","R","T","?","R","E","M","?","?","?","M","BOSS"],"items_purchased_type":[],"build_version":"2020-12-13","purchased_purges":0,"victory":false,"max_hp_per_floor":[60,60,60,60,60,60,60,60,70,70,70,70,70,70,70,70,70,70],"relic_stats":{"counters":[8,24],"Juzu Bracelet":0,"obtain_stats":[{"Du-Vu Doll":2,"Ice Cream":10,"downfall:HeartBlessingBlue":9,"Slimebound:AbsorbEndCombat":0,"Juzu Bracelet":13,"Odd Mushroom":14},{"Du-Vu Doll":1,"Ice Cream":4,"downfall:HeartBlessingBlue":3,"Slimebound:AbsorbEndCombat":0,"Juzu Bracelet":5,"Odd Mushroom":6},{"Du-Vu Doll":8,"Ice Cream":17,"downfall:HeartBlessingBlue":14,"Slimebound:AbsorbEndCombat":0,"Juzu Bracelet":18,"Odd Mushroom":20}]},"card_choices":[{"not_picked":["Slimebound:SelfFormingGoo","Slimebound:SlimeBrawl"],"picked":"Slimebound:Chomp","floor":2},{"not_picked":["Slimebound:GrowthPunch","Slimebound:PressTheAttack"],"picked":"Slimebound:Schlurp","floor":4},{"not_picked":["Slimebound:RollThrough","Slimebound:FinishingTackle"],"picked":"Slimebound:LeechEnergy","floor":5},{"not_picked":["Slimebound:ForwardTackle","Slimebound:RollThrough"],"picked":"Slimebound:MegaLick","floor":10},{"not_picked":["Slimebound:GrowthPunch","Slimebound:LivingWall"],"picked":"Slimebound:LeadByExample","floor":11},{"not_picked":["Slimebound:LeechingTouch","Slimebound:SamplingLick"],"picked":"Slimebound:SplitBruiser","floor":14},{"not_picked":["Slimebound:Teamwork","Slimebound:Schlurp"],"picked":"Slimebound:LeechEnergy","floor":15}],"player_experience":448741,"relics_obtained":[{"floor":2,"key":"Du-Vu Doll"},{"floor":10,"key":"Ice Cream"},{"floor":14,"key":"Odd Mushroom"}],"event_choices":[{"cards_removed":["Slimebound:Strike_Slimebound"],"damage_healed":0,"gold_gain":0,"player_choice":"Card Removal","damage_taken":0,"max_hp_gain":0,"max_hp_loss":0,"event_name":"The Cleric","floor":8,"gold_loss":0},{"damage_healed":0,"gold_gain":0,"player_choice":"Success","damage_taken":12,"relics_obtained":["Juzu Bracelet"],"max_hp_gain":0,"max_hp_loss":0,"event_name":"Scrap Ooze","floor":13,"gold_loss":0},{"damage_healed":0,"gold_gain":0,"player_choice":"Fought Mushrooms","damage_taken":0,"max_hp_gain":0,"max_hp_loss":0,"event_name":"Mushrooms","floor":14,"gold_loss":0}],"is_beta":false,"boss_relics":[],"items_purged_floors":[],"is_endless":false,"potions_floor_spawned":[2,11],"killed_by":"downfall:Silent","ascension_level":0}}