{"host":"78zdngn0u28jm0pp","time":1608517741,"event":{"mods":["BaseMod","Jorbs\u0027s Wanderer Trilogy","Minty Spire (QoL Compilation)","Permanent Neow","Quick Restart","Relic Stats","StSLib","Unceasing Turn Reminder"],"gold_per_floor":[217,217,230,256,256,34,68,80,197,209,232,244,289,301,346,358,14,14,14,14,14],"floor_reached":53,"playtime":992,"items_purged":["stsjorbsmod:Strike_Cull","stsjorbsmod:Strike_Cull"],"score":406,"play_id":"17d280a6-326a-4c2a-9197-a8aefa5ddb17","local_time":"20201220192901","is_ascension_mode":false,"campfire_choices":[{"data":"stsjorbsmod:CULLCard","floor":21.0,"key":"SMITH"},{"data":"stsjorbsmod:Apparition_Cull","floor":52.0,"key":"SMITH"}],"circlet_count":0,"master_deck":["stsjorbsmod:CULLCard+1","stsjorbsmod:Apparition_Cull+1","stsjorbsmod:Strike_Cull","stsjorbsmod:Strike_Cull","stsjorbsmod:Paralysis","stsjorbsmod:SpiritShield_Cull+1","stsjorbsmod:Exhale","stsjorbsmod:Withering","stsjorbsmod:TickingCurse","stsjorbsmod:Assertion","stsjorbsmod:Brooding","stsjorbsmod:Cyclone","stsjorbsmod:Overkill","stsjorbsmod:Trouble","stsjorbsmod:ReapAndSow","stsjorbsmod:Blasphemer","stsjorbsmod:Sacrifice","stsjorbsmod:Frustration+1","Shame","stsjorbsmod:Shake","stsjorbsmod:Catharsis"],"relics":["stsjorbsmod:BookOfTrialsRelic","Matryoshka","Boot","Oddly Smooth Stone","Strawberry","MawBank","SlaversCollar","Lantern","Gambling Chip","PreservedInsect","Meat on the Bone","Smiling Mask","Lee\u0027s Waffle","Vajra"],"acts_visited":["Exordium","TheCity"],"potions_floor_usage":[],"damage_taken":[{"damage":2.0,"enemies":"Small Slimes","floor":1.0,"turns":2.0},{"damage":0.0,"enemies":"Jaw Worm","floor":5.0,"turns":2.0},{"damage":7.0,"enemies":"Gremlin Nob","floor":7.0,"turns":6.0},{"damage":5.0,"enemies":"Lagavulin","floor":15.0,"turns":6.0},{"damage":22.0,"enemies":"Slime Boss","floor":22.0,"turns":11.0},{"damage":1.0,"enemies":"2 Thieves","floor":34.0,"turns":3.0},{"damage":20.0,"enemies":"Slavers","floor":39.0,"turns":6.0},{"damage":0.0,"enemies":"Gremlin Leader","floor":46.0,"turns":2.0},{"damage":0,"enemies":"Champ","floor":53,"turns":1}],"seed_played":"-740234850752778881","potions_obtained":[{"floor":7.0,"key":"Strength Potion"},{"floor":15.0,"key":"Ancient Potion"},{"floor":46.0,"key":"Fire Potion"}],"is_trial":false,"path_per_floor":["M","?","M","E","T","$","E","R","B",null,"M","?","E","T","E","R","$","?","R","B"],"character_chosen":"CULL","items_purchased":["Strawberry","Lee\u0027s Waffle","stsjorbsmod:Catharsis","DistilledChaos"],"campfire_rested":0,"item_purchase_floors":[14,49,49,49],"current_hp_per_floor":[67,67,66,55,55,62,55,55,29,35,32,32,11,11,11,26,33,33,33,33,33],"gold":14,"neow_bonus":"THREE_CARDS","is_daily":false,"chose_seed":false,"campfire_upgraded":2,"win_rate":0.0,"timestamp":1608517741,"path_taken":["M","?","M","E","T","$","E","R","BOSS","M","?","E","T","E","R","$","?","R","BOSS"],"items_purchased_type":["Relic","Relic","Card","Potion"],"build_version":"2020-12-13","purchased_purges":2,"victory":false,"max_hp_per_floor":[67,67,66,57,57,64,57,57,35,35,32,32,17,17,16,26,33,33,33,33,33],"relic_stats":{"Lee\u0027s Waffle":7,"counters":[9,39],"Gambling Chip":[4],"PreservedInsect":45,"Boot":[4],"MawBank":120,"Smiling Mask":50,"obtain_stats":[{"Lantern":37,"Lee\u0027s Waffle":49,"Oddly Smooth Stone":13,"Vajra":50,"PreservedInsect":45,"Boot":13,"MawBank":15,"Smiling Mask":46,"SlaversCollar":33,"Matryoshka":7,"stsjorbsmod:BookOfTrialsRelic":0,"Strawberry":14,"Gambling Chip":39,"Meat on the Bone":45},{"Lantern":6,"Lee\u0027s Waffle":8,"Oddly Smooth Stone":3,"Vajra":8,"PreservedInsect":7,"Boot":3,"MawBank":4,"Smiling Mask":8,"SlaversCollar":5,"Matryoshka":3,"stsjorbsmod:BookOfTrialsRelic":0,"Strawberry":3,"Gambling Chip":7,"Meat on the Bone":7},{"Lantern":30,"Lee\u0027s Waffle":38,"Oddly Smooth Stone":10,"Vajra":38,"PreservedInsect":36,"Boot":10,"MawBank":16,"Smiling Mask":38,"SlaversCollar":27,"Matryoshka":10,"stsjorbsmod:BookOfTrialsRelic":0,"Strawberry":10,"Gambling Chip":36,"Meat on the Bone":36}],"Meat on the Bone":0},"card_choices":[{"not_picked":["stsjorbsmod:Melt","stsjorbsmod:FocusedRage"],"picked":"stsjorbsmod:Brooding","floor":0.0},{"not_picked":["stsjorbsmod:Rebuttal","stsjorbsmod:Brooding"],"picked":"stsjorbsmod:Cyclone","floor":1.0},{"not_picked":["stsjorbsmod:Siphon","stsjorbsmod:Phantasm","stsjorbsmod:Poultergeist"],"picked":"SKIP","floor":5.0},{"not_picked":["stsjorbsmod:Panic","stsjorbsmod:Haunt"],"picked":"stsjorbsmod:Overkill","floor":7.0},{"not_picked":["stsjorbsmod:Flame","stsjorbsmod:ForcedPresence"],"picked":"stsjorbsmod:Trouble","floor":15.0},{"not_picked":["stsjorbsmod:Anxiety","stsjorbsmod:PartingBlow"],"picked":"stsjorbsmod:ReapAndSow","floor":22.0},{"not_picked":["stsjorbsmod:Godsbane","stsjorbsmod:Pollute+1"],"picked":"stsjorbsmod:Frustration+1","floor":34.0},{"not_picked":["stsjorbsmod:Expose","stsjorbsmod:Cleanse+1"],"picked":"stsjorbsmod:Shake","floor":39.0},{"not_picked":["stsjorbsmod:Commune","stsjorbsmod:Cyclone","stsjorbsmod:Anxiety"],"picked":"SKIP","floor":46.0}],"player_experience":659575,"relics_obtained":[{"floor":7.0,"key":"Matryoshka"},{"floor":13.0,"key":"Boot"},{"floor":13.0,"key":"Oddly Smooth Stone"},{"floor":15.0,"key":"MawBank"},{"floor":39.0,"key":"Gambling Chip"},{"floor":45.0,"key":"PreservedInsect"},{"floor":45.0,"key":"Meat on the Bone"},{"floor":46.0,"key":"Smiling Mask"}],"event_choices":[{"damage_healed":0.0,"max_hp_gain":0.0,"max_hp_loss":0.0,"gold_gain":0.0,"event_name":"Living Wall","player_choice":"Grow","floor":3.0,"gold_loss":0.0,"damage_taken":0.0,"cards_upgraded":["stsjorbsmod:SpiritShield_Cull"]},{"damage_healed":0.0,"max_hp_gain":0.0,"max_hp_loss":0.0,"gold_gain":0.0,"event_name":"Addict","player_choice":"Stole Relic","floor":37.0,"gold_loss":0.0,"damage_taken":0.0,"relics_obtained":["Lantern"],"cards_obtained":["Shame"]},{"damage_healed":0.0,"max_hp_gain":0.0,"max_hp_loss":0.0,"gold_gain":0.0,"event_name":"WeMeetAgain","player_choice":"Gave Potion","floor":50.0,"gold_loss":0.0,"damage_taken":0.0,"relics_obtained":["Vajra"]}],"is_beta":false,"boss_relics":[{"not_picked":["Fusion Hammer","Black Star"],"picked":"SlaversCollar"}],"items_purged_floors":[14,49],"is_endless":false,"potions_floor_spawned":[7,15,46],"killed_by":"Champ","ascension_level":0}}