{"host":"97bfbul5vt0mksxl","time":1608570664,"event":{"mods":["BaseMod","Colored Powertips","Highlight Path","Infinite Spire","Minty Spire (QoL Compilation)","Replay The Spire","Shop Mod","StSLib","SuperFastMode"],"gold_per_floor":[116,116,133,152,17,50,63,63,63,91,91,12,0,35,35,138,138,151,167,167,167,167,193,209,238,288,314,314,333,343,26,26,124,124,165,18,54,93,161,161,171,171],"floor_reached":41,"playtime":2846,"items_purged":[],"score":669,"play_id":"d8bd557a-3ba8-4776-a5ae-f59eeb2d04c7","local_time":"20201221141104","is_ascension_mode":false,"campfire_choices":[{"data":"Eruption","floor":8,"key":"SMITH"},{"floor":15,"key":"REST"},{"data":"TalkToTheHand","floor":15,"key":"SMITH"},{"floor":32,"key":"REST"},{"data":"infinitespire:Oblivion","floor":32,"key":"SMITH"},{"floor":40,"key":"REST"},{"data":"DevaForm","floor":40,"key":"SMITH"}],"circlet_count":0,"master_deck":["Defend_P","Defend_P","Defend_P","Defend_P","Eruption+1","Vigilance","Replay:LoomingThreat","EmptyMind","FlyingSleeves","WheelKick","CutThroughFate","ThirdEye","InnerPeace","TalkToTheHand+1","JustLucky","Establishment","FlurryOfBlows","JustLucky","Bite","Bite","Bite","Bite","Bite","TalkToTheHand+1","infinitespire:Oblivion+1","JustLucky+1","PathToVictory","Consecrate","Writhe","WindmillStrike","TalkToTheHand","Metamorphosis","DevaForm+1","CurseOfTheBell","Replay:BluntJabs+1","Consecrate","FlurryOfBlows","EmptyBody+1"],"relics":["PureWater","MerchantsRug","ReplayTheSpireMod:Lightbulb","Akabeko","infinitespire:BottledMercury","infinitespire:Magic Flask","Blood Vial","infinitespire:CursedDice","WingedGreaves","Bag of Marbles","Yang","Replay:Bottled Flurry","Replay:Baseball","infinitespire:EvilPickle","Calling Bell","Replay:Bandana","infinitespire:FocusingShard","FossilizedHelix","Lee\u0027s Waffle","Counterbalance"],"acts_visited":["Exordium","TheCity","TheBeyond"],"potions_floor_usage":[13,14,16,25,25,27,30,38,41],"damage_taken":[{"damage":0,"enemies":"Jaw Worm","floor":1,"turns":5},{"damage":0,"enemies":"Cultist","floor":3,"turns":3},{"damage":2,"enemies":"Small Slimes","floor":4,"turns":4},{"damage":24,"enemies":"Gremlin Nob","floor":6,"turns":4},{"damage":4,"enemies":"Exordium Thugs","floor":7,"turns":4},{"damage":35,"enemies":"3 Sentries","floor":10,"turns":9},{"damage":0,"enemies":"Looter","floor":13,"turns":4},{"damage":12,"enemies":"Gremlin Nob","floor":14,"turns":3},{"damage":4,"enemies":"Slime Boss","floor":16,"turns":8},{"damage":10,"enemies":"Spheric Guardian","floor":18,"turns":3},{"damage":6,"enemies":"3 Byrds","floor":19,"turns":5},{"damage":21,"enemies":"Book of Stabbing","floor":23,"turns":7},{"damage":22,"enemies":"Snake Plant","floor":24,"turns":6},{"damage":17,"enemies":"Gremlin Leader","floor":25,"turns":4},{"damage":12,"enemies":"Replay:Snechameleon","floor":27,"turns":4},{"damage":27,"enemies":"Snecko","floor":29,"turns":6},{"damage":11,"enemies":"Cultist and Chosen","floor":30,"turns":6},{"damage":33,"enemies":"Pondfish","floor":33,"turns":11},{"damage":38,"enemies":"3 Darklings","floor":35,"turns":7},{"damage":0,"enemies":"Orb Walker","floor":37,"turns":2},{"damage":0,"enemies":"Transient","floor":38,"turns":5},{"damage":15,"enemies":"Mind Bloom Boss Battle","floor":39,"turns":8},{"damage":57,"enemies":"Reptomancer","floor":41,"turns":2}],"seed_played":"6673737338953614488","potions_obtained":[{"floor":2,"key":"Regen Potion"},{"floor":2,"key":"Explosive Potion"},{"floor":2,"key":"GamblersBrew"},{"floor":4,"key":"SpeedPotion"},{"floor":10,"key":"DuplicationPotion"},{"floor":16,"key":"PowerPotion"},{"floor":23,"key":"BottledMiracle"},{"floor":24,"key":"Explosive Potion"},{"floor":29,"key":"Elixir"},{"floor":35,"key":"Energy Potion"},{"floor":38,"key":"Energy Potion"},{"floor":39,"key":"ColorlessPotion"}],"is_trial":false,"path_per_floor":["M","?","M","M","$","E","M","R","T","E","?","$","M","E","R","B",null,"M","M","?","?","AVR","E","M","E","T","E","?","M","M","$","R","B",null,"M","$","M","M","?","R","E"],"character_chosen":"WATCHER","items_purchased":["MerchantsRug","TalkToTheHand","Metamorphosis","Replay:Baseball","Lee\u0027s Waffle"],"campfire_rested":3,"item_purchase_floors":[5,12,31,31,36],"current_hp_per_floor":[72,72,72,70,70,46,42,42,42,7,7,7,21,9,29,25,69,59,53,48,48,48,43,31,24,24,20,20,3,4,4,18,27,48,21,55,55,55,50,55,0,0],"gold":171,"neow_bonus":"THREE_RARE_CARDS","is_daily":false,"chose_seed":false,"campfire_upgraded":4,"win_rate":0.0,"timestamp":1608570664,"path_taken":["M","?","M","M","$","E","?","R","T","E","?","?","M","E","R","BOSS","M","?","?","?","AVR","E","?","E","T","E","?","M","?","$","R","BOSS","M","$","M","M","?","R","E"],"items_purchased_type":["Relic","Card","Card","Relic","Relic"],"build_version":"2020-12-13","purchased_purges":0,"victory":false,"max_hp_per_floor":[72,72,72,72,72,72,72,72,72,72,69,69,69,69,69,69,69,69,69,48,48,48,48,48,48,48,48,48,48,48,48,48,48,48,48,55,55,55,55,55,55,55],"card_choices":[{"not_picked":["Scrawl","MasterReality"],"picked":"Replay:LoomingThreat","floor":0},{"not_picked":["Crescendo","Halt"],"picked":"EmptyMind","floor":1},{"not_picked":["Crescendo","ClearTheMind"],"picked":"FlyingSleeves","floor":3},{"not_picked":["Evaluate","Worship"],"picked":"WheelKick","floor":4},{"not_picked":["BowlingBash","Replay:AtTheReady"],"picked":"CutThroughFate","floor":6},{"not_picked":["ClearTheMind","Replay:BluntJabs"],"picked":"ThirdEye","floor":7},{"not_picked":["Scrawl","Replay:ManipulateFuture"],"picked":"InnerPeace","floor":10},{"not_picked":["Collect","ThirdEye"],"picked":"JustLucky","floor":13},{"not_picked":["DeceiveReality","SignatureMove","WaveOfTheHand"],"picked":"SKIP","floor":14},{"not_picked":["Replay:AllIn","Judgement"],"picked":"Establishment","floor":16},{"not_picked":["Evaluate","Halt+1"],"picked":"FlurryOfBlows","floor":18},{"not_picked":["Sanctity","SignatureMove"],"picked":"JustLucky","floor":19},{"not_picked":["Vengeance","CrushJoints+1"],"picked":"JustLucky+1","floor":23},{"not_picked":["Sanctity","Pray"],"picked":"PathToVictory","floor":24},{"not_picked":["Replay:AtTheReady","Evaluate+1","Fasting2"],"picked":"SKIP","floor":25},{"not_picked":["Crescendo+1","Protect"],"picked":"Consecrate","floor":27},{"not_picked":["ThirdEye+1","Replay:Cycle+1"],"picked":"WindmillStrike","floor":29},{"not_picked":["Vengeance+1","BattleHymn"],"picked":"TalkToTheHand","floor":30},{"not_picked":["Omniscience","Replay:AllIn"],"picked":"DevaForm","floor":33},{"not_picked":["Protect","Crescendo+1"],"picked":"Replay:BluntJabs+1","floor":35},{"not_picked":["Wallop+1","CrushJoints"],"picked":"Consecrate","floor":37},{"not_picked":["Study","JustLucky+1"],"picked":"FlurryOfBlows","floor":38},{"not_picked":["Protect+1","CutThroughFate"],"picked":"EmptyBody+1","floor":39}],"player_experience":155107,"relics_obtained":[{"floor":6,"key":"ReplayTheSpireMod:Lightbulb"},{"floor":9,"key":"Akabeko"},{"floor":10,"key":"infinitespire:BottledMercury"},{"floor":14,"key":"infinitespire:Magic Flask"},{"floor":23,"key":"infinitespire:CursedDice"},{"floor":25,"key":"WingedGreaves"},{"floor":26,"key":"Bag of Marbles"},{"floor":27,"key":"Yang"},{"floor":34,"key":"Replay:Bandana"},{"floor":34,"key":"infinitespire:FocusingShard"},{"floor":34,"key":"FossilizedHelix"},{"floor":39,"key":"Counterbalance"}],"event_choices":[{"damage_healed":0,"gold_gain":0,"player_choice":"Got Potions","damage_taken":0,"max_hp_gain":0,"max_hp_loss":0,"event_name":"Lab","floor":2,"gold_loss":0},{"cards_removed":["Parasite"],"damage_healed":0,"gold_gain":0,"player_choice":"Forget","damage_taken":0,"max_hp_gain":0,"max_hp_loss":0,"event_name":"Living Wall","floor":11,"gold_loss":0},{"damage_healed":0,"gold_gain":0,"player_choice":"Became a vampire","damage_taken":0,"max_hp_gain":0,"max_hp_loss":21,"event_name":"Vampires","floor":20,"gold_loss":0,"cards_obtained":["Bite","Bite","Bite","Bite","Bite"]},{"damage_healed":0,"gold_gain":0,"player_choice":"Copied","damage_taken":0,"max_hp_gain":0,"max_hp_loss":0,"event_name":"Duplicator","floor":21,"gold_loss":0,"cards_obtained":["TalkToTheHand"]},{"damage_healed":0,"gold_gain":0,"player_choice":"Opened","damage_taken":0,"relics_obtained":["Replay:Bottled Flurry"],"max_hp_gain":0,"max_hp_loss":0,"event_name":"The Mausoleum","floor":28,"gold_loss":0,"cards_obtained":["Writhe"]},{"damage_healed":0,"gold_gain":0,"player_choice":"Fight","damage_taken":0,"max_hp_gain":0,"max_hp_loss":0,"event_name":"MindBloom","floor":39,"gold_loss":0}],"is_beta":false,"boss_relics":[{"not_picked":["Sozu","Snecko Eye","Velvet Choker"]},{"not_picked":["Tiny House","Pandora\u0027s Box"],"picked":"Calling Bell"}],"items_purged_floors":[],"is_endless":false,"potions_floor_spawned":[4,10,16,23,24,29,35,38,39],"killed_by":"Reptomancer","ascension_level":0}}