{"host":"yy8mitdds7tg9c5m","time":1608577482,"event":{"mods":["Act Like it!","AlwaysNeverKeys","BaseMod","Better Note","Better Third Choice","Duelist Mod","GifTheSpireLib","Infinite Spire","Minty Spire (QoL Compilation)","Permanent Neow","Quick Restart","StSLib","egg"],"gold_per_floor":[135,60,76,76,93,93,93,111,111,111,111,138,96,106,106,180,230,247,258,238,238,238],"floor_reached":21,"playtime":864,"items_purged":["theDuelist:Sparks"],"score":408,"play_id":"2e1c5a46-7ac0-49e4-8dfa-57dde349c0be","local_time":"20201221150442","is_ascension_mode":true,"campfire_choices":[{"data":"theDuelist:VendreadStriges","floor":6.0,"key":"SMITH"},{"data":"theDuelist:GhostrickParade","floor":10.0,"key":"SMITH"},{"data":"theDuelist:GhostrickMansion","floor":15,"key":"SMITH"}],"circlet_count":0,"master_deck":["theDuelist:ArmoredZombie","AscendersBane","theDuelist:CastleWalls","theDuelist:CastleWalls","theDuelist:ClownZombie","theDuelist:PatricianDarkness","theDuelist:ShallowGrave","theDuelist:Sparks","theDuelist:SummonedSkull","theDuelist:ChangeHeart","theDuelist:VendreadStriges+1","theDuelist:GhostrickJiangshi+1","theDuelist:Polymerization","theDuelist:Yoko","theDuelist:GhostrickParade+1","theDuelist:SpiritReaper","theDuelist:GhostrickMansion+1","theDuelist:PutridPudding","theDuelist:VampireLord","theDuelist:Tengu"],"relics":["theDuelist:MillenniumPuzzle","theDuelist:CardPoolRelic","theDuelist:CardPoolBasicRelic","theDuelist:BoosterPackPoolRelic","theDuelist:CardPoolAddRelic","theDuelist:CardPoolMinusRelic","theDuelist:CardPoolSaveRelic","theDuelist:CardPoolOptionsRelic","Question Card","CultistMask","Incense Burner","Tiny House"],"acts_visited":["Exordium","TheCity"],"potions_floor_usage":[12,16,16,18,19,21],"damage_taken":[{"damage":0.0,"enemies":"Small Slimes","floor":1.0,"turns":2.0},{"damage":0.0,"enemies":"Jaw Worm","floor":3.0,"turns":3.0},{"damage":0.0,"enemies":"Cultist","floor":5.0,"turns":2.0},{"damage":1.0,"enemies":"2 Fungi Beasts","floor":8.0,"turns":2.0},{"damage":0,"enemies":"3 Sentries","floor":12,"turns":5},{"damage":1,"enemies":"Red Slaver","floor":14,"turns":3},{"damage":22,"enemies":"The Guardian","floor":16,"turns":10},{"damage":11,"enemies":"Shell Parasite","floor":18,"turns":2},{"damage":0,"enemies":"Chosen","floor":19,"turns":4},{"damage":0,"enemies":"Centurion and Healer","floor":21,"turns":1}],"seed_played":"-2840061164164093051","potions_obtained":[{"floor":3.0,"key":"Dexterity Potion"},{"floor":5.0,"key":"theDuelist:ReducerPotion"},{"floor":14,"key":"Fire Potion"},{"floor":16,"key":"Weak Potion"},{"floor":17,"key":"CultistPotion"},{"floor":19,"key":"SkillPotion"},{"floor":20,"key":"theDuelist:FireBottle"}],"is_trial":false,"path_per_floor":["M","$","M","?","M","R","?","M","T","R","?","E","$","M","R","B",null,"M","M","?","M"],"character_chosen":"THE_DUELIST","items_purchased":["theDuelist:GhostrickMansion"],"campfire_rested":0,"item_purchase_floors":[13],"current_hp_per_floor":[63,63,63,63,63,63,63,62,62,62,62,62,62,61,61,51,70,59,59,59,59,59],"gold":238,"neow_bonus":"RANDOM_COLORLESS","is_daily":false,"chose_seed":false,"campfire_upgraded":3,"win_rate":0.0,"timestamp":1608577482,"path_taken":["M","$","M","?","M","R","?","?","T","R","?","E","$","?","R","BOSS","M","?","?","M"],"items_purchased_type":["Card"],"build_version":"2020-12-13","purchased_purges":1,"victory":false,"max_hp_per_floor":[70,70,70,70,70,70,70,70,70,70,70,70,70,70,70,70,75,75,75,75,75,75],"card_choices":[{"not_picked":["theDuelist:OneForOne","theDuelist:WingedKuribohLv9"],"picked":"theDuelist:ChangeHeart","floor":0.0},{"not_picked":["theDuelist:UmbralHorrorGhoul","theDuelist:Yoko","theDuelist:CosmicHorrorGangiel","theDuelist:CardSafeReturn"],"picked":"theDuelist:VendreadStriges","floor":1.0},{"not_picked":["theDuelist:GhostrickYeti","theDuelist:DarklordMarie","theDuelist:ParallelWorldFusion","theDuelist:DrivenDaredevil"],"picked":"theDuelist:GhostrickJiangshi","floor":3.0},{"not_picked":["theDuelist:GiantOrc","theDuelist:IlBlud","theDuelist:TwinHeadedWolf","theDuelist:GhostrickNight"],"picked":"theDuelist:Polymerization","floor":5.0},{"not_picked":["theDuelist:NecroFusion","theDuelist:HauntedShrine","theDuelist:FragmentFusion","theDuelist:AntiFusionDevice"],"picked":"theDuelist:GhostrickParade","floor":8.0},{"not_picked":["theDuelist:BeastTalwar","theDuelist:VendreadCore","theDuelist:Wightprincess","theDuelist:Hajun"],"picked":"theDuelist:SpiritReaper","floor":12},{"not_picked":["theDuelist:SkullConductor","theDuelist:DarkFusion","theDuelist:OvertexQoatlus","theDuelist:BattleFusion","theDuelist:Mezuki"],"picked":"SKIP","floor":14},{"not_picked":["theDuelist:Wildfire","theDuelist:ZombieMaster","theDuelist:VendreadNightmare","theDuelist:SoulRelease"],"picked":"theDuelist:PutridPudding","floor":16},{"not_picked":["theDuelist:TwinHeadedWolf","theDuelist:GiantOrc","theDuelist:Lajinn","theDuelist:Pumpking"],"picked":"theDuelist:VampireLord","floor":17},{"not_picked":["theDuelist:NecroworldBanshee","theDuelist:BattleFusion","theDuelist:Zombyra","theDuelist:VampireLord"],"picked":"theDuelist:Tengu","floor":18},{"not_picked":["theDuelist:DrivenDaredevil","theDuelist:SummonedSkull","theDuelist:VendreadCore","theDuelist:GhostReaper","theDuelist:FabledAshenveil"],"picked":"SKIP","floor":19}],"player_experience":270344,"relics_obtained":[{"floor":9.0,"key":"Question Card"},{"floor":12,"key":"Incense Burner"}],"event_choices":[{"damage_healed":0.0,"max_hp_gain":0.0,"max_hp_loss":0.0,"gold_gain":0.0,"event_name":"Tomb of the Nameless","player_choice":"Leave","duelist":true,"floor":4.0,"gold_loss":0.0,"damage_taken":0.0},{"damage_healed":0.0,"max_hp_gain":0.0,"max_hp_loss":0.0,"gold_gain":0.0,"cards_transformed":["theDuelist:ArchfiendSoldier"],"event_name":"Transmorgrifier","player_choice":"Transformed","floor":7.0,"gold_loss":0.0,"damage_taken":0.0,"cards_obtained":["theDuelist:Yoko"]},{"damage_healed":0.0,"max_hp_gain":0.0,"max_hp_loss":0.0,"gold_gain":0.0,"event_name":"FaceTrader","player_choice":"Trade","floor":11.0,"gold_loss":0.0,"damage_taken":0.0,"relics_obtained":["CultistMask"]},{"damage_healed":0,"gold_gain":0,"player_choice":"Bought 1 Potion","damage_taken":0,"max_hp_gain":0,"max_hp_loss":0,"event_name":"The Woman in Blue","floor":20,"gold_loss":0}],"is_beta":false,"boss_relics":[{"not_picked":["Pandora\u0027s Box","Empty Cage"],"picked":"Tiny House"}],"items_purged_floors":[2],"is_endless":false,"potions_floor_spawned":[3,5,14,16,19],"killed_by":"Centurion and Healer","ascension_level":20}}