{"host":"wshh0nphwn6jv7vj","time":1608524431,"event":{"mods":["BaseMod","Bestiary","Minty Spire (QoL Compilation)"],"gold_per_floor":[116,116,116,126,126,155,155,174,174,174,193,193,193,193],"floor_reached":13,"playtime":423,"items_purged":[],"score":145,"play_id":"24bd1e6a-57a9-4f2f-a3e2-7399c59f950b","local_time":"20201220232031","is_ascension_mode":true,"campfire_choices":[{"data":"TalkToTheHand","floor":7,"key":"SMITH"},{"data":"Consecrate","floor":10,"key":"SMITH"},{"data":"Prostrate","floor":12,"key":"SMITH"}],"circlet_count":0,"master_deck":["AscendersBane","Strike_P","Strike_P","Strike_P","Defend_P","Defend_P","Defend_P","Eruption","Vigilance","Consecrate+1","TalkToTheHand+1","Prostrate+1","Prostrate","Prostrate"],"relics":["Coffee Dripper","Molten Egg 2","Pear"],"acts_visited":["Exordium"],"potions_floor_usage":[4,13],"damage_taken":[{"damage":0,"enemies":"2 Louse","floor":1,"turns":3},{"damage":0,"enemies":"Jaw Worm","floor":4,"turns":5},{"damage":37,"enemies":"Lagavulin","floor":6,"turns":11},{"damage":0,"enemies":"Cultist","floor":8,"turns":2},{"damage":0,"enemies":"3 Louse","floor":11,"turns":1},{"damage":40,"enemies":"Gremlin Nob","floor":13,"turns":5}],"seed_played":"-8030848242508642459","potions_obtained":[{"floor":1,"key":"Swift Potion"},{"floor":11,"key":"Block Potion"}],"is_trial":false,"path_per_floor":["M","?","?","M","?","E","R","M","T","R","M","R","E"],"character_chosen":"WATCHER","items_purchased":[],"campfire_rested":0,"item_purchase_floors":[],"current_hp_per_floor":[61,61,61,61,54,17,17,17,27,27,27,27,0,0],"gold":193,"neow_bonus":"BOSS_RELIC","is_daily":false,"chose_seed":false,"campfire_upgraded":3,"win_rate":0.0,"timestamp":1608524431,"path_taken":["M","?","?","?","?","E","R","M","T","R","M","R","E"],"items_purchased_type":[],"build_version":"2020-12-13","purchased_purges":0,"victory":false,"max_hp_per_floor":[68,68,68,68,68,68,68,68,78,78,78,78,78,78],"card_choices":[{"not_picked":["EmptyMind","Prostrate"],"picked":"Consecrate","floor":1},{"not_picked":["Halt","CrushJoints"],"picked":"TalkToTheHand","floor":4},{"not_picked":["EmptyBody","Meditate"],"picked":"Prostrate","floor":6},{"not_picked":["FlurryOfBlows+1","Evaluate"],"picked":"Prostrate","floor":8},{"not_picked":["SpiritShield","EmptyFist+1"],"picked":"Prostrate","floor":11}],"player_experience":1456698,"relics_obtained":[{"floor":6,"key":"Molten Egg 2"},{"floor":9,"key":"Pear"}],"event_choices":[{"damage_healed":0,"gold_gain":0,"player_choice":"Ignored","damage_taken":0,"max_hp_gain":0,"max_hp_loss":0,"event_name":"Liars Game","floor":2,"gold_loss":0},{"cards_removed":["Strike_P"],"damage_healed":0,"gold_gain":0,"player_choice":"Card Removal","damage_taken":0,"max_hp_gain":0,"max_hp_loss":0,"event_name":"Wheel of Change","floor":3,"gold_loss":0},{"cards_removed":["Defend_P"],"damage_healed":0,"gold_gain":0,"player_choice":"Card Removal","damage_taken":7,"max_hp_gain":0,"max_hp_loss":0,"event_name":"Golden Wing","floor":5,"gold_loss":0}],"is_beta":false,"boss_relics":[],"items_purged_floors":[],"is_endless":false,"potions_floor_spawned":[1,11],"killed_by":"Gremlin Nob","ascension_level":15}}