{"host":"fdq5pmhluajjrf8d","time":1608586490,"event":{"mods":["BaseMod","Minty Spire (QoL Compilation)"],"gold_per_floor":[114,39,51,51,126,126,158,158,185,197,217,217,217,217],"floor_reached":13,"playtime":352,"items_purged":["Parasite"],"score":162,"play_id":"7cc731a8-4a7a-40de-a167-3ca4f96e03c9","local_time":"20201221163450","is_ascension_mode":true,"campfire_choices":[{"data":"Zap","floor":6,"key":"SMITH"},{"data":"Self Repair","floor":8,"key":"SMITH"}],"circlet_count":0,"master_deck":["AscendersBane","Strike_B+1","Strike_B","Strike_B","Strike_B+1","Defend_B","Defend_B","Defend_B","Defend_B","Zap+1","Dualcast","Conserve Battery","Self Repair+1","Doom and Gloom","Coolheaded"],"relics":["Cracked Core","StoneCalendar","Mercury Hourglass","Boot"],"acts_visited":["Exordium"],"potions_floor_usage":[7,7,13],"damage_taken":[{"damage":4,"enemies":"Small Slimes","floor":1,"turns":3},{"damage":4,"enemies":"Jaw Worm","floor":3,"turns":4},{"damage":10,"enemies":"Lagavulin","floor":7,"turns":6},{"damage":2,"enemies":"2 Louse","floor":10,"turns":2},{"damage":0,"enemies":"2 Fungi Beasts","floor":11,"turns":3},{"damage":76,"enemies":"Gremlin Nob","floor":13,"turns":4}],"seed_played":"-792905372351101776","potions_obtained":[{"floor":1,"key":"BlessingOfTheForge"},{"floor":3,"key":"Weak Potion"},{"floor":7,"key":"GamblersBrew"}],"is_trial":false,"path_per_floor":["M","$","M","?","?","R","E","R","T","M","M","?","E"],"character_chosen":"DEFECT","items_purchased":[],"campfire_rested":0,"item_purchase_floors":[],"current_hp_per_floor":[60,60,56,56,45,45,42,42,42,50,60,40,0,0],"gold":217,"neow_bonus":"ONE_RARE_RELIC","is_daily":false,"chose_seed":false,"campfire_upgraded":2,"win_rate":0.0,"timestamp":1608586490,"path_taken":["M","$","M","?","?","R","E","R","T","M","M","?","E"],"items_purchased_type":[],"build_version":"2020-12-13","purchased_purges":1,"victory":false,"max_hp_per_floor":[71,68,68,68,68,68,68,68,68,68,68,68,68,68],"card_choices":[{"not_picked":["Heatsinks","Compile Driver"],"picked":"Conserve Battery","floor":1},{"not_picked":["Beam Cell","Reprogram"],"picked":"Self Repair","floor":3},{"not_picked":["Meteor Strike","Rebound","Turbo"],"picked":"SKIP","floor":7},{"not_picked":["Ball Lightning","Rebound"],"picked":"Doom and Gloom","floor":10},{"not_picked":["Go for the Eyes","Steam"],"picked":"Coolheaded","floor":11}],"player_experience":1889646,"relics_obtained":[{"floor":7,"key":"Mercury Hourglass"},{"floor":9,"key":"Boot"}],"event_choices":[{"damage_healed":0,"gold_gain":0,"player_choice":"Ignored","damage_taken":0,"max_hp_gain":0,"max_hp_loss":0,"event_name":"Golden Wing","floor":4,"gold_loss":0},{"damage_healed":0,"gold_gain":75,"player_choice":"Gather Gold","damage_taken":11,"max_hp_gain":0,"max_hp_loss":0,"event_name":"World of Goop","floor":5,"gold_loss":0},{"damage_healed":0,"gold_gain":0,"player_choice":"Entered Light","damage_taken":20,"max_hp_gain":0,"max_hp_loss":0,"event_name":"Shining Light","floor":12,"gold_loss":0,"cards_upgraded":["Strike_B","Strike_B"]}],"is_beta":false,"boss_relics":[],"items_purged_floors":[2],"is_endless":false,"potions_floor_spawned":[1,3,7],"killed_by":"Gremlin Nob","ascension_level":19}}