{"host":"vr9wnd613htmpuvd","time":1608536613,"event":{"mods":["Act Like it!","Aspiration","Bartender","BaseMod","Better Altar","Better Note","Better Sensory Stone","Better Skull","Better Third Choice","BetterRewards","Colored Map","Conspire","Downfall","GifTheSpireLib","Halation","Hubris","Infinite Spire","Mimic Mod","Minty Spire (QoL Compilation)","Permanent Neow","Quick Restart","Replay The Spire","Spicy Shops","Spire Birthday Party","StSLib","Stuff the Spire","The Disciple","The Gatherer","The Jungle","The Marked","The Mystic","The Runesmith","The Servant 0.9.4","Unceasing Turn Reminder","Wandering Minibosses"],"gold_per_floor":[117,128,28,45,55,84,84,104,131,159,170,170,170],"floor_reached":12,"playtime":1198,"items_purged":[],"score":92,"play_id":"a38ae6a7-3de5-4cf9-8c34-4870f1e72e8f","local_time":"20201221074333","is_ascension_mode":false,"campfire_choices":[{"floor":7,"key":"REST"}],"circlet_count":0,"master_deck":["theMarked:Strike","theMarked:Strike","theMarked:Strike","theMarked:Strike","theMarked:Strike","theMarked:Defend","theMarked:Defend","theMarked:Defend","theMarked:Defend","theMarked:SoldierOfQuellstein","Replay:SS_forest_6","theMarked:TwofoldDefense","theMarked:KeepCalmAndFightOn","Ghostly","theMarked:ResourceFulStrike","theMarked:Overcharge","theMarked:ShockingTouch","theMarked:SwordAndMagic","theMarked:Electrocute"],"relics":["theMarked:ArtifactOfAir","conspire:TopHat","Gremlin Food","aspiration:HiddenCompartment"],"acts_visited":["Exordium"],"potions_floor_usage":[2,5,5,10,12],"damage_taken":[{"damage":0,"enemies":"Small Slimes","floor":1,"turns":4},{"damage":2,"enemies":"Jaw Worm","floor":2,"turns":4},{"damage":0,"enemies":"2 Louse","floor":4,"turns":1},{"damage":0,"enemies":"Lots of Slimes","floor":5,"turns":2},{"damage":19,"enemies":"Lagavulin","floor":6,"turns":9},{"damage":0,"enemies":"3 Louse","floor":8,"turns":2},{"damage":9,"enemies":"3 Sentries","floor":10,"turns":9},{"damage":0,"enemies":"Red Slaver","floor":11,"turns":2},{"damage":0,"enemies":"Lagavulin","floor":12,"turns":4}],"seed_played":"5201666211335667923","potions_obtained":[{"floor":1,"key":"BlessingOfTheForge"},{"floor":2,"key":"EntropicBrew"},{"floor":6,"key":"PowerPotion"},{"floor":8,"key":"Ancient Potion"}],"is_trial":false,"path_per_floor":["M","M","?","M","M","E","R","M","T","E","M","E"],"character_chosen":"THE_DEFAULT","items_purchased":[],"campfire_rested":1,"item_purchase_floors":[],"current_hp_per_floor":[70,68,68,68,68,49,70,70,70,61,61,61,61],"gold":170,"neow_bonus":"RANDOM_COLORLESS","is_daily":false,"chose_seed":false,"campfire_upgraded":0,"win_rate":0.0,"timestamp":1608536613,"path_taken":["M","M","?","M","M","E","R","M","T","E","M","E"],"items_purchased_type":[],"build_version":"2020-12-13","purchased_purges":0,"victory":false,"max_hp_per_floor":[70,70,70,70,70,70,70,70,70,70,70,70,70],"card_choices":[{"not_picked":["hubris:Ssssneak","Replay:SS_hec_2"],"picked":"Replay:SS_forest_6","floor":0},{"not_picked":["theMarked:WastefulAttack","theMarked:EmpowerWeapon"],"picked":"theMarked:TwofoldDefense","floor":1},{"not_picked":["theMarked:Static","theMarked:WastefulAttack"],"picked":"theMarked:KeepCalmAndFightOn","floor":2},{"not_picked":["theMarked:HeritageOfTheMarked","theMarked:Convert"],"picked":"theMarked:ResourceFulStrike","floor":4},{"not_picked":["theMarked:Opportunist","theMarked:ParalyzingBlade"],"picked":"theMarked:Overcharge","floor":5},{"not_picked":["theMarked:BanishingStrike","theMarked:RepellingDischarge"],"picked":"theMarked:ShockingTouch","floor":6},{"not_picked":["theMarked:Overthink","theMarked:ElectricStrings","theMarked:Snap"],"picked":"SKIP","floor":8},{"not_picked":["theMarked:HeightenedSenses","theMarked:KeepCalmAndFightOn"],"picked":"theMarked:SwordAndMagic","floor":10},{"not_picked":["theMarked:WastefulAttack","theMarked:SwordAndMagic"],"picked":"theMarked:Electrocute","floor":11}],"player_experience":363859,"relics_obtained":[{"floor":6,"key":"conspire:TopHat"},{"floor":9,"key":"Gremlin Food"},{"floor":10,"key":"aspiration:HiddenCompartment"}],"event_choices":[{"damage_healed":0,"gold_gain":0,"player_choice":"Argue","damage_taken":0,"max_hp_gain":0,"max_hp_loss":0,"event_name":"conspire:LoneGhost","floor":3,"gold_loss":0}],"is_beta":false,"boss_relics":[],"items_purged_floors":[],"is_endless":false,"potions_floor_spawned":[1,2,6,8],"killed_by":"Lagavulin","ascension_level":0}}