{"host":"fjaupvxe7fzqrf4j","time":1608537338,"event":{"mods":["BaseMod","Minty Spire (QoL Compilation)","StSLib"],"gold_per_floor":[109,30,30,30,46,81,81,113,113,140,173,202,202,234,234,310,310,327,344,379,379,379,405,433,458,484,510,160,195,220,245,245,318,318,330,1329,1329,753,307,339,372,404,404,438,469,500,500,528,528,528,528,528,528,90,115,115],"floor_reached":57,"playtime":2170,"items_purged":["Normality","Streamline"],"score":4235,"play_id":"81cf10d7-8a31-4a8f-a525-e6b04ee47a8b","local_time":"20201221155538","daily_mods":["SealedDeck","Heirloom","Time Dilation","Flight","Elite Swarm"],"is_ascension_mode":true,"campfire_choices":[{"data":"Fission","floor":7.0,"key":"SMITH"},{"data":"Coolheaded","floor":13.0,"key":"SMITH"},{"data":"Biased Cognition","floor":15.0,"key":"SMITH"},{"data":"Creative AI","floor":32.0,"key":"SMITH"},{"data":"Normality","floor":47.0,"key":"PURGE"},{"floor":49.0,"key":"RECALL"},{"data":"Seek","floor":53.0,"key":"SMITH"}],"circlet_count":0,"master_deck":["AscendersBane","Storm","Storm","Skim","Turbo","Coolheaded+1","Coolheaded","Conserve Battery","Defragment+1","Fission+1","Echo Form","Biased Cognition+1","Core Surge","Electrodynamics","Seek+1","Heatsinks","Creative AI+1","Buffer+1","Capacitor+1","Core Surge","Biased Cognition+1","Echo Form+1","Biased Cognition+1","Creative AI+1","Thunder Strike","Defragment+1","Force Field","Core Surge"],"relics":["Cracked Core","Calipers","Cables","Ice Cream","Shuriken","Singing Bowl","FossilizedHelix","Vajra","Symbiotic Virus","MealTicket","Philosopher\u0027s Stone","Red Mask","Bird Faced Urn","Frozen Egg 2","Orichalcum","PreservedInsect","Thread and Needle","HornCleat","Pear","Girya","Juzu Bracelet","Runic Dome","TungstenRod","Strawberry","TheAbacus","Potion Belt","Bronze Scales","Boot","Ginger","Gambling Chip","Prayer Wheel","Peace Pipe","Turnip","Membership Card","Lantern","Toy Ornithopter","Mercury Hourglass"],"acts_visited":["Exordium","TheCity","TheBeyond","TheEnding"],"potions_floor_usage":[56,56,56,56,56,56,56,56,56,56,56],"damage_taken":[{"damage":0.0,"enemies":"Cultist","floor":1.0,"turns":3.0},{"damage":7.0,"enemies":"2 Louse","floor":5.0,"turns":2.0},{"damage":0.0,"enemies":"Gremlin Nob","floor":6.0,"turns":3.0},{"damage":8.0,"enemies":"3 Sentries","floor":8.0,"turns":6.0},{"damage":0.0,"enemies":"Gremlin Nob","floor":10.0,"turns":2.0},{"damage":0.0,"enemies":"Lagavulin","floor":11.0,"turns":3.0},{"damage":0.0,"enemies":"Gremlin Nob","floor":12.0,"turns":3.0},{"damage":0.0,"enemies":"Lagavulin","floor":14.0,"turns":3.0},{"damage":0.0,"enemies":"Slime Boss","floor":16.0,"turns":3.0},{"damage":0.0,"enemies":"Chosen","floor":18.0,"turns":2.0},{"damage":0.0,"enemies":"3 Byrds","floor":19.0,"turns":1.0},{"damage":7.0,"enemies":"Masked Bandits","floor":20.0,"turns":2.0},{"damage":24.0,"enemies":"Gremlin Leader","floor":23.0,"turns":3.0},{"damage":8.0,"enemies":"Book of Stabbing","floor":24.0,"turns":3.0},{"damage":0.0,"enemies":"Gremlin Leader","floor":25.0,"turns":3.0},{"damage":0.0,"enemies":"Book of Stabbing","floor":27.0,"turns":3.0},{"damage":0.0,"enemies":"Slavers","floor":29.0,"turns":2.0},{"damage":0.0,"enemies":"Gremlin Leader","floor":30.0,"turns":3.0},{"damage":11.0,"enemies":"Slavers","floor":31.0,"turns":3.0},{"damage":0.0,"enemies":"Collector","floor":33.0,"turns":5.0},{"damage":0.0,"enemies":"Orb Walker","floor":35.0,"turns":2.0},{"damage":5.0,"enemies":"Reptomancer","floor":40.0,"turns":3.0},{"damage":0.0,"enemies":"Giant Head","floor":41.0,"turns":4.0},{"damage":0.0,"enemies":"Nemesis","floor":42.0,"turns":5.0},{"damage":0.0,"enemies":"Reptomancer","floor":44.0,"turns":3.0},{"damage":0.0,"enemies":"Nemesis","floor":45.0,"turns":3.0},{"damage":13.0,"enemies":"Reptomancer","floor":46.0,"turns":4.0},{"damage":0.0,"enemies":"Giant Head","floor":48.0,"turns":3.0},{"damage":20.0,"enemies":"Time Eater","floor":50.0,"turns":4.0},{"damage":31.0,"enemies":"Awakened One","floor":51.0,"turns":5.0},{"damage":30.0,"enemies":"Shield and Spear","floor":55.0,"turns":3.0},{"damage":33,"enemies":"The Heart","floor":56,"turns":5}],"seed_played":"-2957605805493870133","potions_obtained":[{"floor":1.0,"key":"FairyPotion"},{"floor":5.0,"key":"Block Potion"},{"floor":19.0,"key":"FocusPotion"},{"floor":33.0,"key":"PotionOfCapacity"},{"floor":42.0,"key":"EntropicBrew"}],"is_trial":true,"path_per_floor":["M","$","T","?","M","E","R","E","T","E","E","E","R","E","R","B",null,"M","M","?","?","?","E","E","E","T","E","$","E","E","E","R","B",null,"M","?","?","$","$","E","E","E","T","E","E","E","R","E","R","B","B",null,"R","$","E","B",null],"character_chosen":"DEFECT","items_purchased":["Defragment","Capacitor+1","HornCleat","TungstenRod","Strawberry","TheAbacus","Potion Belt","EntropicBrew","Membership Card","Defragment+1","Lantern","Toy Ornithopter","Force Field"],"campfire_rested":0,"item_purchase_floors":[2,28,28,38,38,39,39,39,54,54,54,54,54],"current_hp_per_floor":[64,64,64,64,57,57,57,49,49,49,51,51,51,51,51,51,68,68,70,65,65,65,41,51,71,71,81,81,91,91,91,91,91,91,93,93,93,100,100,101,104,106,106,108,110,109,109,112,112,106,85,105,105,112,90,112],"gold":115,"neow_bonus":"","is_daily":false,"chose_seed":false,"campfire_upgraded":5,"win_rate":0.0,"timestamp":1608537338,"path_taken":["M","$","?","?","?","E","R","E","T","E","E","E","R","E","R","BOSS","M","M","?","?","?","E","E","E","T","E","$","E","E","E","R","BOSS","M","?","?","$","$","E","E","E","T","E","E","E","R","E","R","BOSS","BOSS","R","$","E","BOSS"],"items_purchased_type":["Card","Card","Relic","Relic","Relic","Relic","Relic","Potion","Relic","Card","Relic","Relic","Card"],"build_version":"2020-12-13","purchased_purges":2,"victory":true,"max_hp_per_floor":[71,71,71,71,71,71,71,71,71,71,73,73,73,73,73,73,73,73,75,77,77,77,77,79,81,81,81,81,91,91,91,91,91,91,93,93,93,100,100,102,104,106,106,108,110,112,112,112,112,112,112,112,112,112,112,112],"card_choices":[{"not_picked":["Go for the Eyes","Stack","Barrage"],"picked":"SKIP","floor":1.0},{"not_picked":["Tempest","Stack","Hologram"],"picked":"SKIP","floor":5.0},{"not_picked":["Meteor Strike","Rainbow"],"picked":"Fission","floor":6.0},{"not_picked":["Multi-Cast","Reboot"],"picked":"Echo Form","floor":8.0},{"not_picked":["Creative AI","Seek"],"picked":"Biased Cognition","floor":10.0},{"not_picked":["Hyperbeam","Thunder Strike","Meteor Strike"],"picked":"Singing Bowl","floor":11.0},{"not_picked":["Amplify","Electrodynamics"],"picked":"Core Surge","floor":12.0},{"not_picked":["Hyperbeam","Amplify"],"picked":"Electrodynamics","floor":14.0},{"not_picked":["Meteor Strike","Reboot"],"picked":"Seek","floor":16.0},{"not_picked":["Coolheaded+1","Cold Snap"],"picked":"Heatsinks","floor":18.0},{"not_picked":["Compile Driver+1","Ball Lightning","Aggregate"],"picked":"Singing Bowl","floor":19.0},{"not_picked":["Glacier","Cold Snap+1","Coolheaded"],"picked":"Singing Bowl","floor":20.0},{"not_picked":["Biased Cognition","Buffer"],"picked":"Creative AI","floor":23.0},{"not_picked":["Fission","Reboot","Amplify"],"picked":"Singing Bowl","floor":24.0},{"not_picked":["Seek","Multi-Cast","Electrodynamics+1"],"picked":"Singing Bowl","floor":25.0},{"not_picked":["Reboot","Creative AI+1"],"picked":"Buffer+1","floor":27.0},{"not_picked":["Thunder Strike","Seek"],"picked":"Core Surge","floor":29.0},{"not_picked":["Thunder Strike","Rainbow"],"picked":"Biased Cognition+1","floor":30.0},{"not_picked":["Machine Learning+1","Thunder Strike"],"picked":"Echo Form+1","floor":31.0},{"not_picked":["Multi-Cast","Core Surge"],"picked":"Biased Cognition+1","floor":33.0},{"not_picked":["Steam Power","Compile Driver","Coolheaded+1"],"picked":"Singing Bowl","floor":35.0},{"not_picked":["Biased Cognition+1","Rainbow","Fission"],"picked":"Singing Bowl","floor":40.0},{"not_picked":["Machine Learning+1","Rainbow","Multi-Cast"],"picked":"Singing Bowl","floor":41.0},{"not_picked":["Hyperbeam","Rainbow","Multi-Cast"],"picked":"Singing Bowl","floor":42.0},{"not_picked":["Seek","Reboot","Rainbow"],"picked":"Singing Bowl","floor":44.0},{"not_picked":["Reboot","Buffer+1","Meteor Strike"],"picked":"Singing Bowl","floor":45.0},{"not_picked":["Machine Learning+1","Multi-Cast","Rainbow"],"picked":"Singing Bowl","floor":46.0},{"not_picked":["Machine Learning+1","All For One"],"picked":"Thunder Strike","floor":48.0},{"not_picked":["All For One","Echo Form+1"],"picked":"Core Surge","floor":55.0}],"player_experience":222448,"relics_obtained":[{"floor":3.0,"key":"Cables"},{"floor":6.0,"key":"Ice Cream"},{"floor":8.0,"key":"Shuriken"},{"floor":9.0,"key":"Singing Bowl"},{"floor":10.0,"key":"FossilizedHelix"},{"floor":11.0,"key":"Vajra"},{"floor":12.0,"key":"Symbiotic Virus"},{"floor":14.0,"key":"MealTicket"},{"floor":20.0,"key":"Red Mask"},{"floor":23.0,"key":"Bird Faced Urn"},{"floor":24.0,"key":"Frozen Egg 2"},{"floor":25.0,"key":"Orichalcum"},{"floor":26.0,"key":"PreservedInsect"},{"floor":27.0,"key":"Thread and Needle"},{"floor":29.0,"key":"Pear"},{"floor":30.0,"key":"Girya"},{"floor":31.0,"key":"Juzu Bracelet"},{"floor":40.0,"key":"Bronze Scales"},{"floor":41.0,"key":"Boot"},{"floor":42.0,"key":"Ginger"},{"floor":44.0,"key":"Gambling Chip"},{"floor":45.0,"key":"Prayer Wheel"},{"floor":46.0,"key":"Peace Pipe"},{"floor":48.0,"key":"Turnip"},{"floor":55.0,"key":"Mercury Hourglass"}],"event_choices":[{"damage_healed":0.0,"max_hp_gain":0.0,"max_hp_loss":0.0,"gold_gain":0.0,"event_name":"Accursed Blacksmith","player_choice":"Forge","floor":4.0,"gold_loss":0.0,"damage_taken":0.0,"cards_upgraded":["Defragment"]},{"damage_healed":0.0,"max_hp_gain":0.0,"max_hp_loss":0.0,"gold_gain":0.0,"event_name":"Masked Bandits","player_choice":"Fought Bandits","floor":20.0,"gold_loss":0.0,"damage_taken":0.0},{"damage_healed":0.0,"max_hp_gain":0.0,"max_hp_loss":0.0,"gold_gain":0.0,"event_name":"Ghosts","player_choice":"Ignored","floor":21.0,"gold_loss":0.0,"damage_taken":0.0},{"cards_removed":["Coolheaded"],"damage_healed":0.0,"max_hp_gain":0.0,"max_hp_loss":0.0,"gold_gain":0.0,"event_name":"Back to Basics","player_choice":"Elegance","floor":22.0,"gold_loss":0.0,"damage_taken":0.0},{"damage_healed":0.0,"max_hp_gain":0.0,"max_hp_loss":0.0,"gold_gain":999.0,"event_name":"MindBloom","player_choice":"Gold","floor":36.0,"gold_loss":0.0,"damage_taken":0.0,"cards_obtained":["Normality","Normality"]},{"damage_healed":0.0,"max_hp_gain":0.0,"max_hp_loss":0.0,"gold_gain":0.0,"cards_transformed":["Ball Lightning"],"event_name":"Transmorgrifier","player_choice":"Transformed","floor":37.0,"gold_loss":0.0,"damage_taken":0.0,"cards_obtained":["Creative AI"]}],"is_beta":false,"boss_relics":[{"not_picked":["Cursed Key","Ectoplasm"],"picked":"Philosopher\u0027s Stone"},{"not_picked":["Snecko Eye","SacredBark"],"picked":"Runic Dome"}],"items_purged_floors":[38,54],"is_endless":false,"potions_floor_spawned":[1,5,16,19,23,24,29,31,33,35,42,44],"ascension_level":20}}