{"host":"mwdx0l95euupvs6p","time":1608524071,"event":{"mods":["BaseMod","Downfall","GifTheSpireLib","Minty Spire (QoL Compilation)","Quick Restart","StSLib","Stuff the Spire"],"gold_per_floor":[144,198,52,106,139,244,319,409,457,544,619,619,718,328,328,625,625,670,700,742,193,244,340,340,418,418,496,601,193,271,364,364,661,661,721,233,290,390,444,522,600,678,678,783,233,233,611,701,701,701],"floor_reached":51,"playtime":4515,"items_purged":[],"score":1612,"play_id":"f52b5a8c-6059-41a1-b1bd-ae46258c55b8","local_time":"20201220201431","daily_mods":["SealedDeck","Hoarder","Vintage","Heirloom","Flight","Elite Swarm","Midas"],"is_ascension_mode":false,"campfire_choices":[{"floor":12,"key":"REST"},{"floor":15,"key":"DIG"},{"floor":32,"key":"DIG"},{"floor":46,"key":"DIG"},{"floor":49,"key":"DIG"}],"circlet_count":0,"master_deck":["Poisoned Stab","Poisoned Stab","Poisoned Stab","Dodge and Roll","Dodge and Roll","Dodge and Roll+1","Backstab","Backstab","Backstab","Deflect","Deflect","Deflect","Dash","Dash","Dash","Deadly Poison","Deadly Poison","Deadly Poison","Flying Knee","Flying Knee","Flying Knee","Poisoned Stab","Poisoned Stab","Poisoned Stab","Flying Knee","Flying Knee","Flying Knee","Dodge and Roll","Dodge and Roll","Dodge and Roll","A Thousand Cuts","A Thousand Cuts","A Thousand Cuts","Die Die Die","Die Die Die","Die Die Die","Adrenaline","Adrenaline","Adrenaline","Deflect","Deflect","Deflect","Cloak And Dagger","Cloak And Dagger","Cloak And Dagger+1","PiercingWail","PiercingWail","PiercingWail","Finesse","Finesse","Finesse","After Image","After Image","After Image"],"relics":["Unceasing Top","Pocketwatch","StrikeDummy","Anchor","Potion Belt","Pantograph","Centennial Puzzle","Paper Crane","Gremlin Horn","Shovel","StuffTheSpire:MayFlowers","Prayer Wheel","Shuriken","Regal Pillow","Orichalcum","StuffTheSpire:GrapeVine","HoveringKite","Bag of Preparation","Dream Catcher","Singing Bowl","TwistedFunnel","Omamori","sneckomod:BlankCard","HornCleat","Guardian:PocketSentry","StuffTheSpire:Gunfinga","Incense Burner","StuffTheSpire:BottledEssence","StuffTheSpire:CocoNut","Torii","Tingsha","Busted Crown","InkBottle","Boot","StuffTheSpire:WitherSkull","hexamod:BolsterEngine","Eternal Feather","StuffTheSpire:ForceGauntlet","StuffTheSpire:HeavyRock","StuffTheSpire:Barrel","Question Card","Happy Flower","Letter Opener","StuffTheSpire:Nightcore","CeramicFish","Old Coin","War Paint"],"acts_visited":["Exordium","TheCity","TheBeyond"],"potions_floor_usage":[20,40,50],"damage_taken":[{"damage":0.0,"enemies":"Small Slimes","floor":1.0,"turns":1.0},{"damage":0.0,"enemies":"Cultist","floor":2.0,"turns":2.0},{"damage":0.0,"enemies":"Jaw Worm","floor":4.0,"turns":1.0},{"damage":0.0,"enemies":"3 Louse","floor":5.0,"turns":1.0},{"damage":6.0,"enemies":"3 Sentries","floor":6.0,"turns":4.0},{"damage":0.0,"enemies":"Gremlin Nob","floor":7.0,"turns":3.0},{"damage":8.0,"enemies":"3 Sentries","floor":8.0,"turns":3.0},{"damage":2,"enemies":"Lagavulin","floor":10,"turns":5},{"damage":0,"enemies":"Gremlin Nob","floor":11,"turns":3},{"damage":10,"enemies":"Lagavulin","floor":13,"turns":3},{"damage":10,"enemies":"The Guardian","floor":16,"turns":8},{"damage":0,"enemies":"Chosen","floor":18,"turns":3},{"damage":0,"enemies":"Shell Parasite","floor":19,"turns":3},{"damage":8,"enemies":"Centurion and Healer","floor":20,"turns":4},{"damage":0,"enemies":"Cultist and Chosen","floor":22,"turns":3},{"damage":0,"enemies":"Gremlin Leader","floor":23,"turns":3},{"damage":0,"enemies":"Slavers","floor":25,"turns":3},{"damage":1,"enemies":"Gremlin Leader","floor":27,"turns":3},{"damage":10,"enemies":"Book of Stabbing","floor":28,"turns":5},{"damage":0,"enemies":"Gremlin Leader","floor":30,"turns":2},{"damage":0,"enemies":"Slavers","floor":31,"turns":2},{"damage":6,"enemies":"Collector","floor":33,"turns":5},{"damage":0,"enemies":"Orb Walker","floor":35,"turns":2},{"damage":0,"enemies":"3 Darklings","floor":37,"turns":3},{"damage":0,"enemies":"Sphere and 2 Shapes","floor":39,"turns":2},{"damage":0,"enemies":"Giant Head","floor":40,"turns":5},{"damage":0,"enemies":"Nemesis","floor":41,"turns":4},{"damage":0,"enemies":"Giant Head","floor":42,"turns":6},{"damage":0,"enemies":"Reptomancer","floor":44,"turns":2},{"damage":0,"enemies":"Giant Head","floor":47,"turns":4},{"damage":0,"enemies":"Nemesis","floor":48,"turns":3},{"damage":0,"enemies":"Awakened One","floor":50,"turns":6}],"seed_played":"-4520444684444978708","potions_obtained":[{"floor":2.0,"key":"Swift Potion"},{"floor":13,"key":"Slimebound:ThreeZeroPotion"},{"floor":16,"key":"Guardian:BlockOnCardUsePotion"},{"floor":19,"key":"CunningPotion"},{"floor":37,"key":"Explosive Potion"},{"floor":47,"key":"ColorlessPotion"}],"is_trial":true,"path_per_floor":["M","M","$","M","M","E","E","E","T","E","E","R","E","$","R","B",null,"M","M","M","$","M","E","$","E","T","E","E","$","E","E","R","B",null,"M","$","M","?","M","E","E","E","T","E","$","R","E","E","R","B",null],"character_chosen":"THE_SILENT","items_purchased":["Potion Belt","Deflect","Regal Pillow","Orichalcum","Energy Potion","Singing Bowl","TwistedFunnel","Omamori","StuffTheSpire:BottledEssence","StuffTheSpire:CocoNut","Boot","StuffTheSpire:WitherSkull","Cloak And Dagger","PiercingWail","Finesse","Letter Opener","StuffTheSpire:Nightcore"],"campfire_rested":1,"item_purchase_floors":[3,14,14,14,14,21,21,21,29,29,36,36,36,36,36,45,45],"current_hp_per_floor":[70,70,70,70,70,64,64,56,56,54,54,70,60,60,60,66,70,70,70,62,62,62,64,64,66,66,67,59,66,68,70,70,85,91,91,91,91,91,91,93,95,95,95,97,97,97,99,101,101,101],"gold":701,"neow_bonus":"","is_daily":false,"chose_seed":false,"campfire_upgraded":0,"win_rate":0.0,"timestamp":1608524071,"path_taken":["M","M","$","M","M","E","E","E","T","E","E","R","E","$","R","BOSS","M","M","M","$","M","E","$","E","T","E","E","$","E","E","R","BOSS","M","$","M","?","M","E","E","E","T","E","$","R","E","E","R","BOSS"],"items_purchased_type":["Relic","Card","Relic","Relic","Potion","Relic","Relic","Relic","Relic","Relic","Relic","Relic","Card","Card","Card","Relic","Relic"],"build_version":"2020-12-13","purchased_purges":0,"victory":true,"max_hp_per_floor":[70,70,70,70,70,70,70,70,70,70,70,70,70,70,70,70,70,70,70,70,70,70,72,72,74,74,76,78,85,87,89,89,91,91,91,91,91,91,91,93,95,95,95,97,97,97,99,101,101,101],"card_choices":[{"not_picked":["Storm of Steel","Phantasmal Killer"],"picked":"A Thousand Cuts","floor":6.0},{"not_picked":["A Thousand Cuts","Corpse Explosion"],"picked":"Die Die Die","floor":7.0},{"not_picked":["Tools of the Trade","Glass Knife","Malaise"],"picked":"SKIP","floor":8.0},{"not_picked":["Phantasmal Killer","Bullet Time","Unload"],"picked":"SKIP","floor":10},{"not_picked":["Die Die Die","Grand Finale"],"picked":"Adrenaline","floor":11},{"not_picked":["Grand Finale","Wraith Form v2","Envenom"],"picked":"SKIP","floor":13},{"not_picked":["Unload","Bullet Time","Adrenaline"],"picked":"Singing Bowl","floor":23},{"not_picked":["Doppelganger","Venomology","Wraith Form v2"],"picked":"Singing Bowl","floor":25},{"not_picked":["Burst","Venomology","Grand Finale"],"picked":"Singing Bowl","floor":27},{"not_picked":["Tools of the Trade","Malaise","Phantasmal Killer"],"picked":"Singing Bowl","floor":28},{"not_picked":["Glass Knife","Night Terror","Doppelganger"],"picked":"Singing Bowl","floor":30},{"not_picked":["Adrenaline","Grand Finale","StuffTheSpire:FinalStruggle"],"picked":"Singing Bowl","floor":31},{"not_picked":["Adrenaline","Storm of Steel","StuffTheSpire:FinalStruggle"],"picked":"Singing Bowl","floor":33},{"not_picked":["Tools of the Trade"],"picked":"Singing Bowl","floor":40},{"not_picked":["Grand Finale"],"picked":"Singing Bowl","floor":41},{"not_picked":[],"picked":"After Image","floor":42},{"not_picked":["Envenom","Wraith Form v2"],"picked":"Singing Bowl","floor":44},{"not_picked":["Malaise","Glass Knife"],"picked":"Singing Bowl","floor":47},{"not_picked":["Burst","Unload"],"picked":"Singing Bowl","floor":48}],"player_experience":429818,"relics_obtained":[{"floor":1.0,"key":"StrikeDummy"},{"floor":2.0,"key":"Anchor"},{"floor":4.0,"key":"Pantograph"},{"floor":5.0,"key":"Centennial Puzzle"},{"floor":6.0,"key":"Paper Crane"},{"floor":7.0,"key":"Gremlin Horn"},{"floor":8.0,"key":"Shovel"},{"floor":10,"key":"StuffTheSpire:MayFlowers"},{"floor":11,"key":"Prayer Wheel"},{"floor":13,"key":"Shuriken"},{"floor":15,"key":"StuffTheSpire:GrapeVine"},{"floor":18,"key":"Bag of Preparation"},{"floor":19,"key":"Dream Catcher"},{"floor":22,"key":"sneckomod:BlankCard"},{"floor":23,"key":"HornCleat"},{"floor":25,"key":"Guardian:PocketSentry"},{"floor":26,"key":"StuffTheSpire:Gunfinga"},{"floor":28,"key":"Incense Burner"},{"floor":30,"key":"Torii"},{"floor":32,"key":"Tingsha"},{"floor":35,"key":"InkBottle"},{"floor":37,"key":"hexamod:BolsterEngine"},{"floor":39,"key":"Eternal Feather"},{"floor":40,"key":"StuffTheSpire:ForceGauntlet"},{"floor":41,"key":"StuffTheSpire:HeavyRock"},{"floor":42,"key":"StuffTheSpire:Barrel"},{"floor":43,"key":"Question Card"},{"floor":44,"key":"Happy Flower"},{"floor":46,"key":"CeramicFish"},{"floor":47,"key":"Old Coin"},{"floor":48,"key":"War Paint"}],"event_choices":[{"damage_healed":0,"gold_gain":100,"player_choice":"Pray","damage_taken":0,"max_hp_gain":0,"max_hp_loss":0,"event_name":"Golden Shrine","floor":38,"gold_loss":0}],"is_beta":false,"boss_relics":[{"not_picked":["Calling Bell","Velvet Choker"],"picked":"HoveringKite"},{"not_picked":["Empty Cage","Runic Dome"],"picked":"Busted Crown"}],"items_purged_floors":[],"is_endless":false,"potions_floor_spawned":[1,2,6,8,13,16,19,22,25,27,37,44,47],"ascension_level":0}}