{"host":"pl1fbpkom0aq337f","time":1608572221,"event":{"mods":["AchievementEnabler","BaseMod","Colored Map","Minty Spire (QoL Compilation)"],"gold_per_floor":[118,118,43,43,57,74,74,105,121,121,121,136,162,172,172,192,192,192,271,271,288,503,517,533,550,568,217,217,269,269,301,301,42,60,60,74,74,150,150,161,161,175,175,189,189,217,217,241,241,268,268,287,299,86,96,106,106,106],"floor_reached":59,"playtime":2923,"items_purged":["Parasite","Strike_R"],"score":1485,"play_id":"fa68b521-d752-4c90-becb-cc3e385e9815","local_time":"20201221183701","is_ascension_mode":true,"campfire_choices":[{"data":"Armaments","floor":7.0,"key":"SMITH"},{"data":"Feed","floor":10.0,"key":"SMITH"},{"data":"Heavy Blade","floor":17.0,"key":"SMITH"},{"data":"Spot Weakness","floor":18.0,"key":"SMITH"},{"floor":28.0,"key":"REST"},{"floor":32,"key":"REST"},{"data":"Disarm","floor":37,"key":"SMITH"},{"floor":45,"key":"REST"},{"floor":47,"key":"RECALL"},{"floor":51,"key":"REST"},{"floor":57,"key":"REST"}],"circlet_count":0,"master_deck":["AscendersBane","Strike_R","Strike_R","Strike_R","Strike_R","Defend_R","Defend_R","Defend_R","Defend_R","Bash+1","Feed+1","Spot Weakness+1","Hemokinesis","Armaments+1","Twin Strike","Pummel","Inflame+1","Heavy Blade+1","Double Tap","Rupture+1","Cleave","Disarm+1","Pummel","Metallicize+1","Flame Barrier","Hemokinesis","Blood for Blood","Impervious","Inflame+1","Combust+1","Headbutt+1"],"relics":["Burning Blood","Ancient Tea Set","Frozen Egg 2","Eternal Feather","Darkstone Periapt","Torii","Runic Pyramid","Old Coin","Membership Card","Potion Belt","Regal Pillow","Kunai","Tiny Chest","Gremlin Horn","Cauldron","Fusion Hammer","PreservedInsect","Question Card","Art of War","Strawberry","Orichalcum","Mercury Hourglass"],"acts_visited":["Exordium","TheCity","TheBeyond"],"potions_floor_usage":[31,31,34,36,38,44,44,58,58,58],"damage_taken":[{"damage":12.0,"enemies":"Cultist","floor":1.0,"turns":4.0},{"damage":0.0,"enemies":"Small Slimes","floor":5.0,"turns":2.0},{"damage":0.0,"enemies":"2 Louse","floor":6.0,"turns":2.0},{"damage":37.0,"enemies":"Lagavulin","floor":8.0,"turns":8.0},{"damage":12.0,"enemies":"Lots of Slimes","floor":9.0,"turns":4.0},{"damage":1.0,"enemies":"3 Louse","floor":12.0,"turns":3.0},{"damage":22.0,"enemies":"Gremlin Nob","floor":13.0,"turns":4.0},{"damage":8.0,"enemies":"Large Slime","floor":14.0,"turns":4.0},{"damage":18.0,"enemies":"Exordium Wildlife","floor":16.0,"turns":2.0},{"damage":31.0,"enemies":"Hexaghost","floor":19.0,"turns":8.0},{"damage":14.0,"enemies":"Chosen","floor":21.0,"turns":3.0},{"damage":33.0,"enemies":"Shell Parasite","floor":23.0,"turns":3.0},{"damage":42.0,"enemies":"Shelled Parasite and Fungi","floor":24.0,"turns":3.0},{"damage":20.0,"enemies":"Snecko","floor":25.0,"turns":3.0},{"damage":12.0,"enemies":"Cultist and Chosen","floor":26.0,"turns":3.0},{"damage":64,"enemies":"Gremlin Leader","floor":31,"turns":6},{"damage":10,"enemies":"3 Cultists","floor":34,"turns":5},{"damage":28,"enemies":"Chosen and Byrds","floor":36,"turns":5},{"damage":65,"enemies":"Champ","floor":38,"turns":12},{"damage":35,"enemies":"3 Darklings","floor":40,"turns":4},{"damage":18,"enemies":"Orb Walker","floor":42,"turns":2},{"damage":14,"enemies":"3 Darklings","floor":44,"turns":3},{"damage":8,"enemies":"Giant Head","floor":46,"turns":6},{"damage":26,"enemies":"Nemesis","floor":50,"turns":5},{"damage":21,"enemies":"Jaw Worm Horde","floor":52,"turns":3},{"damage":52,"enemies":"4 Shapes","floor":53,"turns":6},{"damage":17,"enemies":"Sphere and 2 Shapes","floor":55,"turns":5},{"damage":15,"enemies":"3 Darklings","floor":56,"turns":3},{"damage":70,"enemies":"Donu and Deca","floor":58,"turns":7}],"seed_played":"-578330700042172313","potions_obtained":[{"floor":6.0,"key":"AttackPotion"},{"floor":12.0,"key":"AttackPotion"},{"floor":13.0,"key":"PowerPotion"},{"floor":16.0,"key":"FearPotion"},{"floor":26.0,"key":"Explosive Potion"},{"floor":33,"key":"Ancient Potion"},{"floor":33,"key":"SteroidPotion"},{"floor":33,"key":"HeartOfIron"},{"floor":33,"key":"SkillPotion"},{"floor":34,"key":"FearPotion"},{"floor":36,"key":"LiquidMemories"},{"floor":40,"key":"FairyPotion"},{"floor":46,"key":"Energy Potion"},{"floor":53,"key":"DuplicationPotion"}],"is_trial":false,"path_per_floor":["M","?","$","?","M","M","R","E","M","R","T","M","E","M","?","M","R","R","B",null,"M","?","M","M","M","M","$","R","T","T","E","R","$","M","?","M","R","B",null,"M","?","M","T","M","R","E","R","T","T","E","R","M","M","$","M","M","R","B",null],"character_chosen":"IRONCLAD","items_purchased":["Membership Card","Pummel","Potion Belt","Metallicize+1","Regen Potion","Gremlin Horn","Hemokinesis","Cauldron","SpeedPotion","Mercury Hourglass"],"campfire_rested":5,"item_purchase_floors":[27,27,27,27,27,33,33,33,54,54],"current_hp_per_floor":[65,65,65,60,69,78,78,50,48,48,48,57,41,43,43,35,44,53,32,86,82,82,59,27,13,7,7,56,56,56,13,77,77,77,77,59,74,19,101,76,69,61,61,53,126,128,140,140,147,131,151,140,98,98,87,82,163,99],"gold":106,"neow_bonus":"THREE_RARE_CARDS","is_daily":false,"chose_seed":false,"campfire_upgraded":5,"win_rate":0.0,"timestamp":1608572221,"path_taken":["M","?","$","?","M","M","R","E","M","R","T","M","E","M","?","?","R","R","BOSS","M","?","M","M","M","M","$","R","T","T","E","R","$","M","?","M","R","BOSS","M","?","?","?","M","R","E","R","T","T","E","R","M","M","$","M","M","R","BOSS"],"items_purchased_type":["Relic","Card","Relic","Card","Potion","Relic","Card","Relic","Potion","Relic"],"build_version":"2020-12-13","purchased_purges":2,"victory":true,"max_hp_per_floor":[78,78,75,75,78,81,81,84,88,88,88,92,92,96,96,100,100,100,104,104,108,108,112,116,116,116,116,116,116,116,116,116,116,120,120,124,124,128,128,132,132,136,136,136,136,140,140,140,147,151,151,155,159,159,159,163,163,163],"card_choices":[{"not_picked":["Brutality","Berserk"],"picked":"Feed","floor":0.0},{"not_picked":["Pommel Strike","Warcry"],"picked":"Spot Weakness","floor":1.0},{"not_picked":["Body Slam","Entrench"],"picked":"Hemokinesis","floor":5.0},{"not_picked":["Headbutt","Flex"],"picked":"Armaments","floor":6.0},{"not_picked":["Heavy Blade","Iron Wave"],"picked":"Twin Strike","floor":8.0},{"not_picked":["Iron Wave","Heavy Blade"],"picked":"Pummel","floor":9.0},{"not_picked":["Clothesline","Iron Wave","Warcry"],"picked":"SKIP","floor":12.0},{"not_picked":["Fiend Fire","Cleave"],"picked":"Inflame+1","floor":13.0},{"not_picked":["Feel No Pain+1","Iron Wave","Searing Blow"],"picked":"SKIP","floor":14.0},{"not_picked":["True Grit","Second Wind"],"picked":"Heavy Blade","floor":16.0},{"not_picked":["Bludgeon","Juggernaut+1"],"picked":"Double Tap","floor":19.0},{"not_picked":["Inflame+1","Clothesline","Perfected Strike"],"picked":"SKIP","floor":21.0},{"not_picked":["Shrug It Off","Fire Breathing+1"],"picked":"Rupture+1","floor":23.0},{"not_picked":["Flex","Havoc","Rampage"],"picked":"SKIP","floor":24.0},{"not_picked":["Clothesline","Pommel Strike"],"picked":"Cleave","floor":25.0},{"not_picked":["Flex","Pommel Strike+1"],"picked":"Disarm","floor":26.0},{"not_picked":["Juggernaut+1","Havoc"],"picked":"Flame Barrier","floor":31},{"not_picked":["Havoc","Battle Trance","Flame Barrier"],"picked":"SKIP","floor":34},{"not_picked":["Pommel Strike+1","Dropkick"],"picked":"Blood for Blood","floor":36},{"not_picked":["Brutality+1","Offering"],"picked":"Impervious","floor":38},{"not_picked":["Flex","Thunderclap","Clash"],"picked":"SKIP","floor":40},{"not_picked":["Dual Wield+1","Inflame+1","Heavy Blade"],"picked":"SKIP","floor":42},{"not_picked":["Warcry","Rage+1"],"picked":"Inflame+1","floor":44},{"not_picked":["Armaments","Shockwave+1","Body Slam"],"picked":"SKIP","floor":46},{"not_picked":["Shrug It Off","Ghostly Armor","Metallicize+1","Bloodletting"],"picked":"SKIP","floor":50},{"not_picked":["Havoc","Armaments","Iron Wave"],"picked":"Combust+1","floor":52},{"not_picked":["Sword Boomerang","Flex","Clothesline","Armaments"],"picked":"SKIP","floor":53},{"not_picked":["Sword Boomerang","Flex","Clothesline","Armaments"],"picked":"SKIP","floor":53},{"not_picked":["Wild Strike","Thunderclap+1","Immolate","Heavy Blade"],"picked":"SKIP","floor":55},{"not_picked":["Twin Strike","Armaments","Heavy Blade"],"picked":"Headbutt+1","floor":56}],"player_experience":400276,"relics_obtained":[{"floor":8.0,"key":"Frozen Egg 2"},{"floor":11.0,"key":"Eternal Feather"},{"floor":13.0,"key":"Darkstone Periapt"},{"floor":29.0,"key":"Regal Pillow"},{"floor":30.0,"key":"Kunai"},{"floor":31,"key":"Tiny Chest"},{"floor":43,"key":"PreservedInsect"},{"floor":46,"key":"Question Card"},{"floor":48,"key":"Art of War"},{"floor":49,"key":"Strawberry"},{"floor":50,"key":"Orichalcum"}],"event_choices":[{"damage_healed":0.0,"max_hp_gain":0.0,"max_hp_loss":0.0,"gold_gain":0.0,"event_name":"Living Wall","player_choice":"Grow","floor":2.0,"gold_loss":0.0,"damage_taken":0.0,"cards_upgraded":["Bash"]},{"damage_healed":0.0,"max_hp_gain":0.0,"max_hp_loss":0.0,"gold_gain":0.0,"event_name":"Scrap Ooze","player_choice":"Success","floor":4.0,"gold_loss":0.0,"damage_taken":5.0,"relics_obtained":["Ancient Tea Set"]},{"damage_healed":0.0,"max_hp_gain":0.0,"max_hp_loss":0.0,"gold_gain":0.0,"event_name":"WeMeetAgain","player_choice":"Gave Potion","floor":15.0,"gold_loss":0.0,"damage_taken":0.0,"relics_obtained":["Torii"]},{"damage_healed":0.0,"max_hp_gain":0.0,"max_hp_loss":0.0,"gold_gain":0.0,"event_name":"Addict","player_choice":"Obtained Relic","floor":22.0,"gold_loss":85.0,"damage_taken":0.0,"relics_obtained":["Old Coin"]},{"damage_healed":0,"gold_gain":0,"player_choice":"Ignored","damage_taken":0,"max_hp_gain":0,"max_hp_loss":0,"event_name":"Ghosts","floor":35,"gold_loss":0},{"damage_healed":0,"gold_gain":0,"player_choice":"Bought 0 Potions","damage_taken":0,"max_hp_gain":0,"max_hp_loss":0,"event_name":"The Woman in Blue","floor":41,"gold_loss":0}],"is_beta":false,"boss_relics":[{"not_picked":["Empty Cage","SlaversCollar"],"picked":"Runic Pyramid"},{"not_picked":["Sozu","Mark of Pain"],"picked":"Fusion Hammer"}],"items_purged_floors":[3,54],"is_endless":false,"potions_floor_spawned":[6,12,13,16,26,34,36,40,46,53],"ascension_level":17}}