{"host":"icfpfg8l7slpscsh","time":1608584303,"event":{"mods":["AchievementEnabler","BaseMod","Colored Map","Colored Powertips","Highlight Path","Minty Spire (QoL Compilation)","Permanent Neow","Quick Restart","StSLib"],"gold_per_floor":[114,114,134,148,161,161,181,198,280,280,292,325,325,377,377,377,377],"floor_reached":16,"playtime":899,"items_purged":[],"score":208,"play_id":"b16af56b-cd1a-4694-a5e7-5b9b9769cff8","local_time":"20201221155823","is_ascension_mode":true,"campfire_choices":[{"data":"Bash","floor":6,"key":"SMITH"},{"data":"Whirlwind","floor":10,"key":"SMITH"},{"data":"Flame Barrier","floor":13,"key":"SMITH"},{"data":"Clothesline","floor":15,"key":"SMITH"}],"circlet_count":0,"master_deck":["AscendersBane","Strike_R","Strike_R","Strike_R","Strike_R","Strike_R","Defend_R","Defend_R","Defend_R","Defend_R","Bash+1","Dark Shackles","Whirlwind+1","Clothesline+1","Flame Barrier+1","Hemokinesis","Shrug It Off","Cleave","Cleave","Shrug It Off"],"relics":["Burning Blood","Mummified Hand","Singing Bowl"],"acts_visited":["Exordium"],"potions_floor_usage":[5,16,16],"damage_taken":[{"damage":1,"enemies":"Cultist","floor":1,"turns":4},{"damage":5,"enemies":"2 Louse","floor":3,"turns":3},{"damage":4,"enemies":"Jaw Worm","floor":4,"turns":7},{"damage":5,"enemies":"Gremlin Gang","floor":5,"turns":5},{"damage":2,"enemies":"2 Fungi Beasts","floor":7,"turns":4},{"damage":5,"enemies":"Red Slaver","floor":8,"turns":4},{"damage":3,"enemies":"Looter","floor":11,"turns":4},{"damage":39,"enemies":"Gremlin Nob","floor":12,"turns":6},{"damage":91,"enemies":"The Guardian","floor":16,"turns":12}],"seed_played":"4271141760510058721","potions_obtained":[{"floor":1,"key":"Dexterity Potion"},{"floor":3,"key":"Fire Potion"},{"floor":5,"key":"Regen Potion"}],"is_trial":false,"path_per_floor":["M","?","M","M","M","R","M","M","T","R","M","E","R","?","R","B"],"character_chosen":"IRONCLAD","items_purchased":[],"campfire_rested":0,"item_purchase_floors":[],"current_hp_per_floor":[73,73,74,75,75,75,75,75,75,75,75,42,42,42,42,0,0],"gold":377,"neow_bonus":"RANDOM_COLORLESS","is_daily":false,"chose_seed":false,"campfire_upgraded":4,"win_rate":0.0,"timestamp":1608584303,"path_taken":["M","?","M","M","M","R","M","M","T","R","M","E","R","?","R","BOSS"],"items_purchased_type":[],"build_version":"2020-12-13","purchased_purges":0,"victory":false,"max_hp_per_floor":[75,75,75,75,75,75,75,75,75,75,75,75,75,75,75,75,75],"card_choices":[{"not_picked":["Finesse","Bandage Up"],"picked":"Dark Shackles","floor":0},{"not_picked":["Reckless Charge","Wild Strike"],"picked":"Whirlwind","floor":1},{"not_picked":["Bloodletting","Clash"],"picked":"Clothesline","floor":3},{"not_picked":["Clash","Anger"],"picked":"Flame Barrier","floor":4},{"not_picked":["Armaments","Seeing Red"],"picked":"Hemokinesis","floor":5},{"not_picked":["Havoc","Burning Pact"],"picked":"Shrug It Off","floor":7},{"not_picked":["Uppercut","True Grit"],"picked":"Cleave","floor":8},{"not_picked":["Thunderclap","Rage"],"picked":"Cleave","floor":11},{"not_picked":["Twin Strike","Heavy Blade"],"picked":"Shrug It Off","floor":12}],"player_experience":1412276,"relics_obtained":[{"floor":9,"key":"Mummified Hand"},{"floor":12,"key":"Singing Bowl"}],"event_choices":[{"damage_healed":0,"gold_gain":0,"player_choice":"Leave","damage_taken":0,"max_hp_gain":0,"max_hp_loss":0,"event_name":"The Cleric","floor":2,"gold_loss":0},{"damage_healed":0,"gold_gain":52,"player_choice":"Gained Gold","damage_taken":0,"max_hp_gain":0,"max_hp_loss":0,"event_name":"Golden Wing","floor":14,"gold_loss":0}],"is_beta":false,"boss_relics":[],"items_purged_floors":[],"is_endless":false,"potions_floor_spawned":[1,3,5,8,11,12],"killed_by":"The Guardian","ascension_level":20}}