{"host":"aunmuzt9j70r7vun","time":1608567846,"event":{"mods":["BaseMod","Better Altar","Better Third Choice","BetterRewards","Clockwork Mod","Curses Come First","Downfall","Infinite Spire","LagranYue(???·?)","Mad Scientist","Marisa????????","Minty Spire (QoL Compilation)","Rare Cards Sparkle","Relic Sorter","Replay The Spire","Say the Spire","Shop Mod","Spicy Shops","StSLib","The Cursed","The Disciple","The Edgeheg","The Mystic","The Servant 0.9.4"],"gold_per_floor":[110,285,299,299,374,374,392,61,61,75,85,85,85],"floor_reached":12,"playtime":454,"items_purged":["Looming Evil"],"score":95,"play_id":"4e60da56-5646-468f-bb51-78e363234fa5","local_time":"20201221122406","is_ascension_mode":true,"campfire_choices":[{"data":"infinitespire:NeuralNetwork","floor":6,"key":"SMITH"}],"circlet_count":0,"master_deck":["Strike_B","Strike_B","Strike_B","Strike_B","Defend_B","Defend_B","Defend_B","Defend_B","Zap","Dualcast","Ball Lightning","Doubt","Regret","infinitespire:NeuralNetwork+1","Heatsinks"],"relics":["Cracked Core","LagranYue:RandomDrawCardRelic","NeowsBlessing","infinitespire:Broken Mirror","Girya"],"acts_visited":["Exordium"],"potions_floor_usage":[],"damage_taken":[{"damage":0,"enemies":"Small Slimes","floor":1,"turns":1},{"damage":0,"enemies":"Jaw Worm","floor":3,"turns":1},{"damage":0,"enemies":"2 Louse","floor":7,"turns":1},{"damage":10,"enemies":"Exordium Wildlife","floor":10,"turns":5},{"damage":9,"enemies":"2 Fungi Beasts","floor":11,"turns":3},{"damage":47,"enemies":"Gremlin Nob","floor":12,"turns":3}],"seed_played":"7698306899809311515","potions_obtained":[{"floor":7,"key":"SmokeBomb"}],"is_trial":false,"path_per_floor":["M","?","M","?","?","R","M","$","T","M","M","E"],"character_chosen":"DEFECT","items_purchased":["infinitespire:Broken Mirror"],"campfire_rested":0,"item_purchase_floors":[8],"current_hp_per_floor":[68,68,68,68,57,57,57,57,57,47,38,0,0],"gold":85,"neow_bonus":"THREE_ENEMY_KILL","is_daily":false,"chose_seed":false,"campfire_upgraded":1,"win_rate":0.0,"timestamp":1608567846,"path_taken":["M","?","M","?","?","R","M","$","T","M","M","E"],"items_purchased_type":["Relic"],"build_version":"2020-12-13","purchased_purges":1,"victory":false,"max_hp_per_floor":[75,75,75,75,75,75,75,75,75,75,75,75,75],"card_choices":[{"not_picked":["Conserve Battery","ReplayTheSpireMod:Calculation Training"],"picked":"Ball Lightning","floor":1},{"not_picked":["Sunder","Turbo","ReplayGash"],"picked":"SKIP","floor":3},{"not_picked":["infinitespire:FinalStrike","ReplayTheSpireMod:Echoes of Time"],"picked":"infinitespire:NeuralNetwork","floor":4},{"not_picked":["Recycle","Sunder","Doom and Gloom"],"picked":"SKIP","floor":7},{"not_picked":["Coolheaded","Recycle"],"picked":"Heatsinks","floor":10},{"not_picked":["Cold Snap","Steam","Turbo"],"picked":"SKIP","floor":11}],"player_experience":751776,"relics_obtained":[{"floor":9,"key":"Girya"}],"event_choices":[{"damage_healed":0,"gold_gain":175,"player_choice":"AGREE","damage_taken":110,"max_hp_gain":0,"max_hp_loss":0,"event_name":"betterThird:BetterSerpent","floor":2,"gold_loss":0},{"damage_healed":0,"gold_gain":75,"player_choice":"Gold","damage_taken":11,"max_hp_gain":0,"max_hp_loss":0,"event_name":"betterThird:BetterGoop","floor":5,"gold_loss":0}],"is_beta":false,"boss_relics":[],"items_purged_floors":[8],"is_endless":false,"potions_floor_spawned":[7],"killed_by":"Gremlin Nob","ascension_level":7}}