{"host":"o7j6aatxjwpw1421","time":1608561222,"event":{"mods":["2.2 Compatiblity","BaseMod","Colored Map","DeckTracker","Highlight Path","Keyboard Shortcuts","Minty Spire (QoL Compilation)","Permanent Neow","Quick Restart","StSLib","SuperFastMode","everything is the same but u backflip on backflip"],"gold_per_floor":[110,110,121,136,61,61,71,71,71,85,85,97,123,138,138,234,234,247,280,297,297,132,132,151,51,51,51,51,62,94,94,94,194,194,213,233,244,260,260,260,287,304,327,343,93,93,93,26,26,26],"floor_reached":51,"playtime":3760,"items_purged":["Strike_R","Defend_R"],"score":909,"play_id":"607668cf-9fe0-4750-b49b-eca9894e97e0","local_time":"20201221233342","is_ascension_mode":true,"campfire_choices":[{"data":"Clothesline","floor":6.0,"key":"SMITH"},{"data":"Fire Breathing","floor":8.0,"key":"SMITH"},{"data":"Seeing Red","floor":15.0,"key":"SMITH"},{"data":"Apotheosis","floor":23.0,"key":"SMITH"},{"data":"Barricade","floor":27.0,"key":"SMITH"},{"floor":32.0,"key":"REST"},{"data":"Impervious","floor":40.0,"key":"SMITH"},{"floor":46.0,"key":"REST"},{"floor":49.0,"key":"REST"}],"circlet_count":0,"master_deck":["Bash","Clothesline+1","Reckless Charge","Fire Breathing+1","Seeing Red+1","Wild Strike","Reckless Charge","Barricade+1","Impervious+1","Dual Wield+1","Wild Strike+1","Evolve+1","Impervious+1","Flame Barrier","Apotheosis+1","Warcry+1","Shockwave","Double Tap","Power Through+1","Parasite","Fire Breathing+1","Second Wind"],"relics":["Burning Blood","Shuriken","Mercury Hourglass","Astrolabe","Red Mask","Eternal Feather","Potion Belt","Mark of Pain","Pantograph","Oddly Smooth Stone","HornCleat"],"acts_visited":["Exordium","TheCity","TheBeyond"],"potions_floor_usage":[50],"damage_taken":[{"damage":3.0,"enemies":"Small Slimes","floor":1.0,"turns":5.0},{"damage":0.0,"enemies":"Cultist","floor":3.0,"turns":3.0},{"damage":4.0,"enemies":"2 Louse","floor":4.0,"turns":2.0},{"damage":6.0,"enemies":"Looter","floor":7.0,"turns":3.0},{"damage":12.0,"enemies":"Blue Slaver","floor":10.0,"turns":3.0},{"damage":10.0,"enemies":"Exordium Thugs","floor":12.0,"turns":4.0},{"damage":12.0,"enemies":"Gremlin Nob","floor":13.0,"turns":4.0},{"damage":7.0,"enemies":"2 Fungi Beasts","floor":14.0,"turns":2.0},{"damage":23.0,"enemies":"Slime Boss","floor":16.0,"turns":6.0},{"damage":6.0,"enemies":"3 Byrds","floor":18.0,"turns":3.0},{"damage":36.0,"enemies":"Masked Bandits","floor":19.0,"turns":4.0},{"damage":3.0,"enemies":"Chosen","floor":20.0,"turns":4.0},{"damage":0.0,"enemies":"Snecko","floor":24.0,"turns":5.0},{"damage":0.0,"enemies":"Snake Plant","floor":29.0,"turns":3.0},{"damage":18.0,"enemies":"Gremlin Leader","floor":30.0,"turns":5.0},{"damage":7.0,"enemies":"Champ","floor":33.0,"turns":8.0},{"damage":0.0,"enemies":"3 Shapes","floor":35.0,"turns":4.0},{"damage":0.0,"enemies":"Orb Walker","floor":36.0,"turns":4.0},{"damage":0.0,"enemies":"Writhing Mass","floor":37.0,"turns":5.0},{"damage":12.0,"enemies":"Transient","floor":38.0,"turns":5.0},{"damage":49.0,"enemies":"Reptomancer","floor":41.0,"turns":6.0},{"damage":38.0,"enemies":"Jaw Worm Horde","floor":42.0,"turns":5.0},{"damage":3.0,"enemies":"4 Shapes","floor":44.0,"turns":5.0},{"damage":11,"enemies":"Time Eater","floor":50,"turns":9}],"seed_played":"4005880379233220301","potions_obtained":[{"floor":4.0,"key":"SkillPotion"},{"floor":7.0,"key":"EssenceOfSteel"},{"floor":10.0,"key":"SpeedPotion"},{"floor":12.0,"key":"PowerPotion"},{"floor":16.0,"key":"BlessingOfTheForge"},{"floor":19.0,"key":"DistilledChaos"},{"floor":29.0,"key":"HeartOfIron"},{"floor":36.0,"key":"Fire Potion"},{"floor":38.0,"key":"SteroidPotion"},{"floor":42.0,"key":"Weak Potion"}],"is_trial":false,"path_per_floor":["M","?","M","M","$","R","M","R","T","M","?","M","E","M","R","B",null,"M","?","M","?","$","R","M","$","T","R","?","M","E","?","R","B",null,"M","M","M","M","?","R","E","M","T","M","$","R","$","$","R","B",null],"character_chosen":"IRONCLAD","items_purchased":["Apotheosis","HornCleat","Second Wind"],"campfire_rested":3,"item_purchase_floors":[22,45,48],"current_hp_per_floor":[54,54,60,62,62,62,62,62,62,56,61,57,51,50,50,33,72,72,42,45,45,45,45,51,51,51,60,60,66,54,38,74,73,86,90,90,90,84,84,90,47,15,15,18,18,57,57,57,90,85],"gold":26,"neow_bonus":"REMOVE_TWO","is_daily":false,"chose_seed":false,"campfire_upgraded":6,"win_rate":0.0,"timestamp":1608561222,"path_taken":["M","?","?","M","$","R","M","R","T","M","?","M","E","M","R","BOSS","M","?","M","?","$","R","M","$","T","R","?","?","E","?","R","BOSS","M","M","M","M","?","R","E","M","T","M","$","R","?","$","R","BOSS"],"items_purchased_type":["Card","Relic","Card"],"build_version":"2020-12-13","purchased_purges":2,"victory":true,"max_hp_per_floor":[80,80,80,80,80,80,80,80,80,80,85,85,85,85,85,85,85,85,85,85,85,85,85,85,85,85,85,85,85,85,90,90,90,90,90,90,90,90,90,90,90,90,90,90,90,90,90,90,90,90],"card_choices":[{"not_picked":["Disarm","Sword Boomerang"],"picked":"Clothesline","floor":1.0},{"not_picked":["Blood for Blood","Headbutt"],"picked":"Cleave","floor":3.0},{"not_picked":["Heavy Blade","Carnage"],"picked":"Reckless Charge","floor":4.0},{"not_picked":["True Grit","Clothesline"],"picked":"Fire Breathing","floor":7.0},{"not_picked":["Headbutt","Perfected Strike","True Grit"],"picked":"SKIP","floor":10.0},{"not_picked":["Bloodletting","Armaments"],"picked":"Seeing Red","floor":12.0},{"not_picked":["Heavy Blade","Feel No Pain"],"picked":"Wild Strike","floor":13.0},{"not_picked":["Corruption","Heavy Blade"],"picked":"Reckless Charge","floor":14.0},{"not_picked":["Offering","Exhume"],"picked":"Barricade","floor":16.0},{"not_picked":["Pommel Strike","Clothesline+1","Iron Wave+1"],"picked":"SKIP","floor":18.0},{"not_picked":["Pummel+1","Hemokinesis"],"picked":"Wild Strike+1","floor":19.0},{"not_picked":["Feel No Pain+1","Clash"],"picked":"Evolve+1","floor":20.0},{"not_picked":["Heavy Blade+1","Pommel Strike+1"],"picked":"Warcry+1","floor":24.0},{"not_picked":["Perfected Strike","Metallicize","Wild Strike"],"picked":"SKIP","floor":29.0},{"not_picked":["Armaments","Offering"],"picked":"Shockwave","floor":30.0},{"not_picked":["Berserk","Corruption"],"picked":"Double Tap","floor":33.0},{"not_picked":["Carnage","Pommel Strike"],"picked":"Power Through+1","floor":35.0},{"not_picked":["Clothesline","Pommel Strike+1","Twin Strike"],"picked":"SKIP","floor":36.0},{"not_picked":["Metallicize+1","Perfected Strike","Havoc+1"],"picked":"SKIP","floor":37.0},{"not_picked":["Dark Embrace+1","Shockwave+1","Spot Weakness"],"picked":"SKIP","floor":38.0},{"not_picked":["Combust+1","Double Tap","Clothesline"],"picked":"SKIP","floor":41.0},{"not_picked":["Pommel Strike+1","Fire Breathing+1","Rupture+1"],"picked":"SKIP","floor":42.0},{"not_picked":["Heavy Blade","Clothesline","Dropkick+1"],"picked":"SKIP","floor":44.0}],"player_experience":312103,"relics_obtained":[{"floor":9.0,"key":"Shuriken"},{"floor":13.0,"key":"Mercury Hourglass"},{"floor":19.0,"key":"Red Mask"},{"floor":26.0,"key":"Eternal Feather"},{"floor":30.0,"key":"Potion Belt"},{"floor":41.0,"key":"Pantograph"},{"floor":43.0,"key":"Oddly Smooth Stone"}],"event_choices":[{"cards_removed":["Strike_R"],"damage_healed":0.0,"max_hp_gain":0.0,"max_hp_loss":0.0,"gold_gain":0.0,"event_name":"Bonfire Elementals","player_choice":"Offered Basic","floor":2.0,"gold_loss":0.0,"damage_taken":0.0},{"damage_healed":0.0,"max_hp_gain":5.0,"max_hp_loss":0.0,"gold_gain":0.0,"event_name":"Big Fish","player_choice":"Donut","floor":11.0,"gold_loss":0.0,"damage_taken":0.0},{"damage_healed":0.0,"max_hp_gain":0.0,"max_hp_loss":0.0,"gold_gain":0.0,"event_name":"Masked Bandits","player_choice":"Fought Bandits","floor":19.0,"gold_loss":0.0,"damage_taken":0.0},{"damage_healed":0.0,"max_hp_gain":0.0,"max_hp_loss":0.0,"gold_gain":0.0,"cards_transformed":["Perfected Strike","Cleave"],"event_name":"Drug Dealer","player_choice":"Became Test Subject","floor":21.0,"gold_loss":0.0,"damage_taken":0.0,"cards_obtained":["Impervious","Flame Barrier"]},{"cards_removed":["Defend_R"],"damage_healed":0.0,"max_hp_gain":0.0,"max_hp_loss":0.0,"gold_gain":0.0,"event_name":"Purifier","player_choice":"Purged","floor":28.0,"gold_loss":0.0,"damage_taken":0.0},{"damage_healed":0.0,"max_hp_gain":5.0,"max_hp_loss":0.0,"gold_gain":0.0,"event_name":"Forgotten Altar","player_choice":"Shed Blood","floor":31.0,"gold_loss":0.0,"damage_taken":21.0},{"damage_healed":0.0,"max_hp_gain":0.0,"max_hp_loss":0.0,"gold_gain":0.0,"event_name":"Duplicator","player_choice":"Copied","floor":39.0,"gold_loss":0.0,"damage_taken":0.0,"cards_obtained":["Fire Breathing"]}],"is_beta":false,"boss_relics":[{"not_picked":["Pandora\u0027s Box","Coffee Dripper"],"picked":"Astrolabe"},{"not_picked":["Philosopher\u0027s Stone","Black Star"],"picked":"Mark of Pain"}],"items_purged_floors":[5,25],"is_endless":false,"potions_floor_spawned":[4,7,10,12,16,19,29,36,38,42],"ascension_level":8}}