{"host":"ixbvfs3so5a39bhe","time":1608545746,"event":{"mods":["BaseMod","Minty Spire (QoL Compilation)","Quick Restart","StSLib"],"gold_per_floor":[113,113,63,83,83,113,38,67,119,151,169,169,169],"floor_reached":12,"playtime":437,"items_purged":["Strike_P"],"score":145,"play_id":"2b099ec7-5434-4d4e-a60e-7c0e5da04134","local_time":"20201221181546","is_ascension_mode":true,"campfire_choices":[],"circlet_count":0,"master_deck":["Strike_P","Strike_P","Strike_P","Defend_P","Defend_P","Defend_P","Defend_P","Eruption+1","Vigilance","Adaptation"],"relics":["PureWater","NeowsBlessing","Blood Vial","GoldenEye","Anchor","Bronze Scales","Strawberry"],"acts_visited":["Exordium"],"potions_floor_usage":[11,12],"damage_taken":[{"damage":0.0,"enemies":"Small Slimes","floor":1.0,"turns":1.0},{"damage":0.0,"enemies":"2 Louse","floor":4.0,"turns":1.0},{"damage":0.0,"enemies":"Lagavulin","floor":6.0,"turns":1.0},{"damage":44.0,"enemies":"3 Sentries","floor":8.0,"turns":10.0},{"damage":24,"enemies":"Gremlin Nob","floor":10,"turns":4},{"damage":0,"enemies":"Cultist","floor":11,"turns":2},{"damage":12,"enemies":"Lagavulin","floor":12,"turns":3}],"seed_played":"-3738980726436848200","potions_obtained":[{"floor":6.0,"key":"BottledMiracle"},{"floor":8.0,"key":"SkillPotion"},{"floor":10,"key":"FearPotion"}],"is_trial":false,"path_per_floor":["M","?","?","M","?","E","$","E","T","E","M","E"],"character_chosen":"WATCHER","items_purchased":[],"campfire_rested":0,"item_purchase_floors":[],"current_hp_per_floor":[72,72,72,72,72,72,72,28,28,13,15,5,5],"gold":169,"neow_bonus":"THREE_ENEMY_KILL","is_daily":false,"chose_seed":false,"campfire_upgraded":0,"win_rate":0.0,"timestamp":1608545746,"path_taken":["M","?","?","M","?","E","$","E","T","E","M","E"],"items_purchased_type":[],"build_version":"2020-12-13","purchased_purges":1,"victory":false,"max_hp_per_floor":[72,72,72,72,72,72,72,72,72,79,79,79,79],"card_choices":[{"not_picked":["CrushJoints","ClearTheMind"],"picked":"Adaptation","floor":1.0},{"not_picked":["FlyingSleeves","Indignation","BattleHymn"],"picked":"SKIP","floor":4.0},{"not_picked":["WaveOfTheHand","Study","Nirvana"],"picked":"SKIP","floor":6.0},{"not_picked":["WindmillStrike","CrushJoints","Protect"],"picked":"SKIP","floor":8.0},{"not_picked":["MasterReality","SashWhip","Protect"],"picked":"SKIP","floor":10},{"not_picked":["Study","ThirdEye","FollowUp"],"picked":"SKIP","floor":11}],"player_experience":189138,"relics_obtained":[{"floor":6.0,"key":"GoldenEye"},{"floor":8.0,"key":"Anchor"},{"floor":9.0,"key":"Bronze Scales"},{"floor":10,"key":"Strawberry"}],"event_choices":[{"damage_healed":0.0,"max_hp_gain":0.0,"max_hp_loss":0.0,"gold_gain":0.0,"event_name":"Big Fish","player_choice":"Box","floor":2.0,"gold_loss":0.0,"damage_taken":0.0,"relics_obtained":["Blood Vial"],"cards_obtained":["Regret"]},{"cards_removed":["Regret"],"damage_healed":0.0,"max_hp_gain":0.0,"max_hp_loss":0.0,"gold_gain":0.0,"event_name":"The Cleric","player_choice":"Card Removal","floor":3.0,"gold_loss":50.0,"damage_taken":0.0},{"damage_healed":0.0,"max_hp_gain":0.0,"max_hp_loss":0.0,"gold_gain":0.0,"event_name":"Accursed Blacksmith","player_choice":"Forge","floor":5.0,"gold_loss":0.0,"damage_taken":0.0,"cards_upgraded":["Eruption"]}],"is_beta":false,"boss_relics":[],"items_purged_floors":[7],"is_endless":false,"potions_floor_spawned":[6,8,10],"killed_by":"Lagavulin","ascension_level":4}}