{"host":"vhrbb9mxb8fcxsba","time":1608520469,"event":{"mods":["2.2 Compatiblity","Act Like it!","Aspiration","BaseMod","Downfall","GungeonMod","Infinite Spire","Minty Spire (QoL Compilation)","Quick Restart","StSLib","The Disciple","Wandering Minibosses"],"gold_per_floor":[99,112,112,112,146,163,163,174,190,221,236,250,262,2,12,12,12,12],"floor_reached":16,"playtime":781,"items_purged":[],"score":116,"play_id":"a94567aa-e9fd-4d7f-8640-3ea0241df119","local_time":"20201221161429","is_ascension_mode":false,"campfire_choices":[{"data":"hexamod:Float","floor":1,"key":"SMITH"},{"data":"hexamod:GhostLash","floor":4,"key":"SMITH"}],"circlet_count":0,"master_deck":["hexamod:Strike","hexamod:Strike","hexamod:Strike","hexamod:Strike","hexamod:Defend","hexamod:Defend","hexamod:Defend","hexamod:Sear","hexamod:Float+1","hexamod:GhostLash+1","hexamod:RecurringNightmare","hexamod:SearingWound","hexamod:Hexaguard","hexamod:HeatShield","hexamod:RadiantFlame","hexamod:SearingWound","hexamod:BurningTouch","expansioncontent:DashGenerateEvil","hexamod:SpectersWail"],"relics":["hexamod:SpiritBrand","Omamori","Blue Candle","aspiration:SeaSaltIceCream","aspiration:Nostalgia","Cracked Core","DemoMod:GlassGuonStoneRelic"],"acts_visited":["Exordium"],"potions_floor_usage":[10,13,14],"damage_taken":[{"damage":0,"enemies":"Cultist","floor":2,"turns":3},{"damage":20,"enemies":"Gremlin Nob","floor":5,"turns":4},{"damage":4,"enemies":"Small Slimes","floor":6,"turns":3},{"damage":0,"enemies":"2 Louse","floor":8,"turns":2},{"damage":5,"enemies":"2 Fungi Beasts","floor":9,"turns":3},{"damage":30,"enemies":"Lagavulin","floor":10,"turns":6},{"damage":0,"enemies":"3 Louse","floor":11,"turns":3},{"damage":6,"enemies":"Blue Slaver","floor":12,"turns":2},{"damage":0,"enemies":"Exordium Thugs","floor":13,"turns":3},{"damage":0,"enemies":"downfall:FleeingMerchant","floor":14,"turns":7},{"damage":0,"enemies":"Red Slaver","floor":15,"turns":3},{"damage":12,"enemies":"downfall:Watcher","floor":16,"turns":4}],"seed_played":"-2277826478377553685","potions_obtained":[{"floor":6,"key":"DuplicationPotion"},{"floor":10,"key":"EssenceOfSteel"},{"floor":11,"key":"Weak Potion"},{"floor":12,"key":"Guardian:BlockOnCardUsePotion"},{"floor":15,"key":"SteroidPotion"}],"is_trial":false,"path_per_floor":["R","M","?","R","E","M","T","M","M","E","M","M","M","$","M","B"],"character_chosen":"THE_SPIRIT","items_purchased":["hexamod:BurningTouch","expansioncontent:DashGenerateEvil"],"campfire_rested":0,"item_purchase_floors":[14,14],"current_hp_per_floor":[77,77,77,77,57,53,53,53,48,18,18,12,12,12,12,0,0,0],"gold":12,"neow_bonus":"TEN_PERCENT_HP_BONUS","is_daily":false,"chose_seed":false,"campfire_upgraded":2,"win_rate":0.0,"timestamp":1608520469,"path_taken":["R","M","?","R","E","M","T","M","M","E","?","?","M","$","M","BOSS"],"items_purchased_type":["Card","Card"],"build_version":"2020-12-13","purchased_purges":0,"victory":false,"max_hp_per_floor":[77,77,77,77,77,77,77,77,77,77,77,77,77,77,77,77,77,77],"card_choices":[{"not_picked":["hexamod:NightmareGuise","hexamod:GhostShield"],"picked":"hexamod:GhostLash","floor":2},{"not_picked":["hexamod:SpectersWail","hexamod:BurningTouch"],"picked":"hexamod:RecurringNightmare","floor":5},{"not_picked":["hexamod:SoulSteal","hexamod:SpectralAdrenaline"],"picked":"hexamod:SearingWound","floor":6},{"not_picked":["hexamod:BacktrackSmack","hexamod:Firestarter"],"picked":"hexamod:Hexaguard","floor":8},{"not_picked":["hexamod:Hexaguard","hexamod:HauntingEcho","hexamod:NightmareGuise"],"picked":"SKIP","floor":9},{"not_picked":["hexamod:ShieldOfDarkness","hexamod:FastForward","hexamod:SpectersWail"],"picked":"SKIP","floor":10},{"not_picked":["hexamod:SpectralAdrenaline","hexamod:FastForward"],"picked":"hexamod:HeatShield","floor":11},{"not_picked":["hexamod:FifthSeal","hexamod:InspiringFlames"],"picked":"hexamod:RadiantFlame","floor":12},{"not_picked":["hexamod:GhostLash","hexamod:GhostOfSpireFuture","hexamod:SwordOfDarkness"],"picked":"SKIP","floor":13},{"not_picked":["hexamod:AdvancingGuard","hexamod:GhostOfSpireFuture"],"picked":"hexamod:SearingWound","floor":14},{"not_picked":["hexamod:FirstSeal","hexamod:FastForward"],"picked":"hexamod:SpectersWail","floor":15}],"player_experience":163341,"relics_obtained":[{"floor":5,"key":"Omamori"},{"floor":7,"key":"Blue Candle"},{"floor":10,"key":"aspiration:SeaSaltIceCream"}],"event_choices":[{"cards_removed":["hexamod:Defend"],"damage_healed":0,"gold_gain":0,"player_choice":"Offered Basic","damage_taken":0,"max_hp_gain":0,"max_hp_loss":0,"event_name":"Bonfire Elementals","floor":3,"gold_loss":0}],"is_beta":false,"boss_relics":[],"items_purged_floors":[],"is_endless":false,"potions_floor_spawned":[6,10,11,12,15],"killed_by":"downfall:Watcher","ascension_level":0}}