{"host":"8u40nq559zpgb6zp","time":1608566092,"event":{"mods":["Aspiration","Bard","BaseMod","Beaked The Cultist","Better Altar","Better Match","Better Note","Better Sensory Stone","Better Skull","Better Third Choice","BetterRewards","CCEM","Clawfect","Conspire","Duelist Mod","Googly Eyes","Halation","Hermit","Highlight Path","Infinite Spire","Jedi Mod","Jorbs\u0027s Wanderer Trilogy","Mad Scientist","Marisa（霧雨　魔理沙）","Minty Spire (QoL Compilation)","Permanent Neow","Replay The Spire","Shade Mod","Shop Mod","Spicy Shops","StSLib","The Bladedancer","The Construct","The Cursed","The Disciple","The Druid","The Gatherer","The Hierophant","The IronCluck","The Jungle","The Mystic","The Necromancer","The Runesmith","The Senshi","The Servant 0.9.4","The Spell Scribe","The Witch","slay the spire mod where everything is the same but ironclad has a cowboy hat"],"gold_per_floor":[117,131,144,156,175,205,205,205,205,205,234,245,245,279,279,384,384,398,465,273,291,341,341,376,376,453,521,590,15,65,81,81,178,178,196,328,378,428,491,120,137,187,187,207,207,257,358,68,68,68,68,68,68,103,103,103],"floor_reached":55,"playtime":6003,"items_purged":["Writhe","Strike_W"],"score":882,"play_id":"ac5a4db0-3db6-4482-b0ab-8b64a8ca66ee","local_time":"20201221105452","is_ascension_mode":false,"campfire_choices":[{"data":"Summon_Lich","floor":8,"key":"SMITH"},{"data":"Finger_Of_Death","floor":10,"key":"SMITH"},{"data":"Summon_Undead_Army","floor":15,"key":"SMITH"},{"data":"Summon_Death_Knight","floor":23,"key":"SMITH"},{"floor":25,"key":"RECALL"},{"floor":32,"key":"DIG"},{"data":"Mayhem","floor":45,"key":"SMITH"},{"data":"Bone_Prison","floor":49,"key":"SMITH"},{"data":"Summon_Vampire_Lady","floor":52,"key":"SMITH"}],"circlet_count":0,"master_deck":["Strike_W","Strike_W","Defend_W","Defend_W","Defend_W","Defend_W","Negative_Energy_Arrows","Bone_Wall","Summon_Lich+1","Finger_Of_Death+1","Uncharnel+1","Chill_Blood","Negative_Energy_Sphere","Death_March_Dance","Negative_Energy_Javelin","Summon_Undead_Army+1","Scare","Summon_Death_Knight+1","Negative_Energy_Shield+1","Bone_Prison+1","Stop_Heart","Summon_Vampire_Lady+1","Scare","Chill_Blood","Summon_Undead+1","Summon_Lich","Finger_Of_Death","Blood_Curse","Summon_Vampire_Lady","CurseOfTheBell","Negative_Energy_Shield+1","Summon_Lich","Mayhem+1","Scare","Siphon_Strength","Reap_The_Weak+1","Negative_Energy_Javelin","Cloudkill","Bone_Prison","Summon_Undead_Army+1"],"relics":["Vampire_Amulet","Bag of Marbles","aspiration:HatOfInfinitePower","jedi:archwizardhat","infinitespire:CursedDice","SsserpentHead","Ornamental Fan","Replay:Fungal Core","infinitespire:FocusingShard","Quantum Egg","Shuriken","Blood Vial","War Paint","HandDrill","MutagenicStrength","jedi:shrinkray","Calling Bell","aspiration:EmptySkull","jedi:kaleidoscope","halation:BottledLove","aspiration:Lifesprig","BargainBundle","jedi:bottledfury","infinitespire:Beetle Shell","Oddly Smooth Stone","Dead Branch"],"acts_visited":["Exordium","TheCity","TheBeyond","TheEnding"],"potions_floor_usage":[6,6,14,14,21,33,44,44,50,50],"damage_taken":[{"damage":0,"enemies":"Cultist","floor":1,"turns":4},{"damage":1,"enemies":"Jaw Worm","floor":2,"turns":4},{"damage":19,"enemies":"infinitespire:Voidling","floor":3,"turns":4},{"damage":25,"enemies":"Exordium Thugs","floor":4,"turns":5},{"damage":4,"enemies":"Blue Slaver","floor":5,"turns":5},{"damage":0,"enemies":"Lagavulin","floor":6,"turns":3},{"damage":26,"enemies":"Gremlin Nob","floor":11,"turns":4},{"damage":0,"enemies":"conspire:2 RoseBushes","floor":12,"turns":3},{"damage":0,"enemies":"Replay:BlueRogue","floor":14,"turns":5},{"damage":24,"enemies":"The Guardian","floor":16,"turns":9},{"damage":2,"enemies":"3 Byrds","floor":18,"turns":5},{"damage":3,"enemies":"Spheric Guardian","floor":19,"turns":4},{"damage":23,"enemies":"Snecko","floor":21,"turns":6},{"damage":0,"enemies":"conspire:Head Lice","floor":24,"turns":6},{"damage":9,"enemies":"Centurion and Healer","floor":27,"turns":4},{"damage":0,"enemies":"conspire:HollyBat","floor":28,"turns":7},{"damage":3,"enemies":"3 Cultists","floor":31,"turns":4},{"damage":44,"enemies":"Champ","floor":33,"turns":10},{"damage":0,"enemies":"3 Shapes","floor":35,"turns":6},{"damage":25,"enemies":"3 Darklings","floor":39,"turns":4},{"damage":29,"enemies":"4 Shapes","floor":41,"turns":5},{"damage":0,"enemies":"Maw","floor":44,"turns":6},{"damage":62,"enemies":"conspire:OrnateMirror","floor":50,"turns":7},{"damage":51,"enemies":"Shield and Spear","floor":54,"turns":7},{"damage":60,"enemies":"The Heart","floor":55,"turns":2}],"seed_played":"-1699611886565852691","potions_obtained":[{"floor":3,"key":"jedi:StrikingPotion"},{"floor":4,"key":"jedi:StrikingPotion"},{"floor":6,"key":"jedi:StrikingPotion"},{"floor":12,"key":"PowerPotion"},{"floor":16,"key":"Energy Potion"},{"floor":24,"key":"Weak Potion"},{"floor":27,"key":"Dexterity Potion"},{"floor":33,"key":"Reflective Coating"},{"floor":35,"key":"Adrenaline Potion"},{"floor":44,"key":"Strength Potion"}],"is_trial":false,"path_per_floor":["M","M","M","M","M","E","?","R","T","R","E","M","?","E","R","B",null,"M","M","$","M","?","R","E","R","T","M","M","$","?","M","R","B",null,"M","?","?","?","M","$","M","T","T","M","R","?","T","$","R","B",null,"R","$","E","B"],"character_chosen":"NECROMANCER","items_purchased":["infinitespire:FocusingShard","Summon_Undead+1","Summon_Lich","Blood Vial","War Paint","HandDrill","Finger_Of_Death","BargainBundle","Mayhem","Scare","Siphon_Strength","Reap_The_Weak+1","Oddly Smooth Stone","Bone_Prison"],"campfire_rested":0,"item_purchase_floors":[20,29,29,29,29,29,29,40,40,40,40,40,48,48],"current_hp_per_floor":[82,82,72,51,49,51,51,51,51,51,27,31,31,33,33,11,82,82,81,81,60,60,60,80,80,80,78,82,82,82,82,82,58,82,82,50,71,71,53,53,37,37,37,44,44,44,44,44,44,39,82,82,82,35,0,0],"gold":103,"neow_bonus":"TEN_PERCENT_HP_BONUS","is_daily":false,"chose_seed":false,"campfire_upgraded":7,"win_rate":0.0,"timestamp":1608566092,"path_taken":["M","M","M","M","M","E","?","R","T","R","E","M","?","E","R","BOSS","M","?","?","M","?","R","E","R","T","?","?","?","?","M","R","BOSS","M","?","?","?","?","$","M","?","T","M","R","?","?","?","R","BOSS","R","$","E","BOSS"],"items_purchased_type":["Relic","Card","Card","Relic","Relic","Relic","Card","Relic","Card","Card","Card","Card","Relic","Card"],"build_version":"2020-12-13","purchased_purges":2,"victory":false,"max_hp_per_floor":[82,82,82,82,82,82,82,82,82,82,82,82,82,82,82,82,82,82,82,82,82,82,82,82,82,82,82,82,82,82,82,82,82,82,82,82,82,82,82,82,82,82,82,82,82,82,82,82,82,82,82,82,82,82,82,82],"card_choices":[{"not_picked":["Bone_Spikes","Negative_Energy_Mist"],"picked":"Summon_Lich","floor":1},{"not_picked":["Blood_Curse","Shackles_Of_Pain"],"picked":"Finger_Of_Death","floor":2},{"not_picked":["Negative_Energy_Mist","Bone_Armory"],"picked":"Uncharnel","floor":3},{"not_picked":["Spectral_Walk","Scare"],"picked":"Chill_Blood","floor":4},{"not_picked":["Acid_Javelin","Exploit"],"picked":"Negative_Energy_Sphere","floor":5},{"not_picked":["Negative_Energy_Burst","Siphon_Strength"],"picked":"Death_March_Dance","floor":6},{"not_picked":["Blood_Whip","Bone_Armory"],"picked":"Negative_Energy_Javelin","floor":11},{"not_picked":["Scare","Finger_Of_Death"],"picked":"Summon_Undead_Army","floor":12},{"not_picked":["Thousand_Bone_Knives","Bone_Bullets"],"picked":"Scare","floor":14},{"not_picked":["Cloudkill","Requiem"],"picked":"Summon_Death_Knight","floor":16},{"not_picked":["Bone_Armory","Blood_Curse+1"],"picked":"Negative_Energy_Shield","floor":18},{"not_picked":["Life_Tap","Negative_Energy_Javelin"],"picked":"Bone_Prison","floor":19},{"not_picked":["Bone_Armor","Death_March_Dance"],"picked":"Stop_Heart","floor":21},{"not_picked":["Blood_Curse","Negative_Energy_Shield"],"picked":"Summon_Vampire_Lady","floor":24},{"not_picked":["Chill_Blood","Shackles_Of_Pain"],"picked":"Scare","floor":27},{"not_picked":["Scare","Toxic_Smoke_Screen"],"picked":"Chill_Blood","floor":28},{"not_picked":["Bone_Armor+1","Blood_Shield"],"picked":"Blood_Curse","floor":31},{"not_picked":["Blood_Magic","Reap_The_Weak"],"picked":"Summon_Vampire_Lady","floor":33},{"not_picked":["Negative_Energy_Sphere+1","Bone_Armor"],"picked":"Negative_Energy_Shield+1","floor":35},{"not_picked":["Life_Drain","Bone_Armor"],"picked":"Summon_Lich","floor":36},{"not_picked":["Slay_Living","Bone_Spikes","Corrupt"],"picked":"SKIP","floor":39},{"not_picked":["Bone_Armory","Bones_to_Steel"],"picked":"Negative_Energy_Javelin","floor":41},{"not_picked":["Negative_Energy_Mist","Plague_Bolt"],"picked":"Cloudkill","floor":44},{"not_picked":["Bone_Armor+1","Corrupt+1"],"picked":"Summon_Undead_Army+1","floor":54}],"player_experience":906186,"relics_obtained":[{"floor":6,"key":"Bag of Marbles"},{"floor":7,"key":"aspiration:HatOfInfinitePower"},{"floor":9,"key":"jedi:archwizardhat"},{"floor":11,"key":"infinitespire:CursedDice"},{"floor":14,"key":"Ornamental Fan"},{"floor":24,"key":"Quantum Egg"},{"floor":26,"key":"Shuriken"},{"floor":32,"key":"jedi:shrinkray"},{"floor":34,"key":"aspiration:EmptySkull"},{"floor":34,"key":"jedi:kaleidoscope"},{"floor":34,"key":"halation:BottledLove"},{"floor":36,"key":"aspiration:Lifesprig"},{"floor":42,"key":"jedi:bottledfury"},{"floor":47,"key":"infinitespire:Beetle Shell"},{"floor":54,"key":"Dead Branch"}],"event_choices":[{"damage_healed":0,"gold_gain":0,"player_choice":"Trade","damage_taken":0,"relics_obtained":["SsserpentHead"],"max_hp_gain":0,"max_hp_loss":0,"event_name":"FaceTrader","floor":13,"gold_loss":0},{"cards_removed":["Strike_W"],"damage_healed":0,"gold_gain":0,"player_choice":"Give","damage_taken":0,"max_hp_gain":0,"max_hp_loss":0,"event_name":"betterNote:BetterNote","floor":22,"gold_loss":0,"cards_obtained":["Strike_W"]},{"damage_healed":0,"gold_gain":0,"player_choice":"Inject Mutagens","damage_taken":0,"relics_obtained":["MutagenicStrength"],"max_hp_gain":0,"max_hp_loss":0,"event_name":"Drug Dealer","floor":30,"gold_loss":0},{"damage_healed":21,"gold_gain":0,"player_choice":"Writhe","damage_taken":0,"max_hp_gain":0,"max_hp_loss":0,"event_name":"Winding Halls","floor":37,"gold_loss":0,"cards_obtained":["Writhe"]},{"cards_removed":["Strike_W"],"damage_healed":0,"gold_gain":0,"player_choice":"Removed Attack","damage_taken":0,"max_hp_gain":0,"max_hp_loss":0,"event_name":"Falling","floor":38,"gold_loss":0}],"is_beta":false,"boss_relics":[{"not_picked":["aspiration:MobileForge","halation:MonkeysPaw"],"picked":"Replay:Fungal Core"},{"not_picked":["Pandora\u0027s Box","aspiration:RitualDagger"],"picked":"Calling Bell"}],"items_purged_floors":[40,40],"is_endless":false,"potions_floor_spawned":[3,4,6,12,16,24,27,33,35,39,44],"killed_by":"The Heart","ascension_level":0}}