{"host":"ymmeoa1x24ihslbm","time":1608583908,"event":{"mods":["AchievementEnabler","BaseMod","Colored Map","Colored Powertips","Defuse TimeMaze Blight","Highlight Path","Minty Spire (QoL Compilation)","Permanent Neow","Quick Restart","StSLib","Unceasing Turn Reminder"],"gold_per_floor":[110,130,130,181,195,208,232,232,232,232,232,232,232,245,245,245,245],"floor_reached":16,"playtime":504,"items_purged":[],"score":101,"play_id":"c9874244-0b70-4d58-9231-01b074c6d127","local_time":"20201221215148","is_ascension_mode":true,"campfire_choices":[{"data":"Judgement","floor":8,"key":"SMITH"},{"data":"Eruption","floor":10,"key":"SMITH"},{"data":"Collect","floor":12,"key":"SMITH"},{"data":"Protect","floor":15,"key":"SMITH"}],"circlet_count":0,"master_deck":["Strike_P","Strike_P","Strike_P","Strike_P+1","Defend_P","Defend_P","Defend_P","Eruption+1","Vigilance","Judgement+1","Consecrate+1","Pray","Protect+1","Collect+1"],"relics":["PureWater","Golden Idol","Whetstone","Tiny Chest"],"acts_visited":["Exordium"],"potions_floor_usage":[16,16,16],"damage_taken":[{"damage":0,"enemies":"Small Slimes","floor":1,"turns":2},{"damage":2,"enemies":"Jaw Worm","floor":2,"turns":3},{"damage":0,"enemies":"Cultist","floor":5,"turns":2},{"damage":1,"enemies":"2 Fungi Beasts","floor":6,"turns":2},{"damage":1,"enemies":"Looter","floor":7,"turns":4},{"damage":1,"enemies":"Exordium Thugs","floor":14,"turns":3},{"damage":55,"enemies":"Hexaghost","floor":16,"turns":11}],"seed_played":"5888244890282342335","potions_obtained":[{"floor":1,"key":"EssenceOfSteel"},{"floor":2,"key":"EssenceOfSteel"},{"floor":6,"key":"ColorlessPotion"}],"is_trial":false,"path_per_floor":["M","M","?","T","M","M","M","R","T","R","?","R","?","M","R","B"],"character_chosen":"WATCHER","items_purchased":[],"campfire_rested":0,"item_purchase_floors":[],"current_hp_per_floor":[72,70,52,52,52,51,50,50,50,50,55,55,55,54,54,0,0],"gold":245,"neow_bonus":"ONE_RANDOM_RARE_CARD","is_daily":false,"chose_seed":false,"campfire_upgraded":4,"win_rate":0.0,"timestamp":1608583908,"path_taken":["M","M","?","?","M","M","?","R","T","R","?","R","?","M","R","BOSS"],"items_purchased_type":[],"build_version":"2020-12-13","purchased_purges":0,"victory":false,"max_hp_per_floor":[72,72,72,72,72,72,72,72,72,72,77,77,77,77,77,77,77],"card_choices":[{"not_picked":["EmptyMind","EmptyFist"],"picked":"Consecrate","floor":1},{"not_picked":["Evaluate","ClearTheMind"],"picked":"Pray","floor":2},{"not_picked":["Consecrate","FlyingSleeves","EmptyMind"],"picked":"SKIP","floor":5},{"not_picked":["BattleHymn","EmptyFist"],"picked":"Protect","floor":6},{"not_picked":["WindmillStrike","CutThroughFate"],"picked":"Collect","floor":7},{"not_picked":["Crescendo","Blasphemy","Halt"],"picked":"SKIP","floor":14}],"player_experience":589509,"relics_obtained":[{"floor":4,"key":"Whetstone"},{"floor":9,"key":"Tiny Chest"}],"event_choices":[{"damage_healed":0,"gold_gain":0,"player_choice":"Take Damage","damage_taken":18,"relics_obtained":["Golden Idol"],"max_hp_gain":0,"max_hp_loss":0,"event_name":"Golden Idol","floor":3,"gold_loss":0},{"damage_healed":0,"gold_gain":0,"player_choice":"Donut","damage_taken":0,"max_hp_gain":5,"max_hp_loss":0,"event_name":"Big Fish","floor":11,"gold_loss":0},{"cards_removed":["Defend_P"],"damage_healed":0,"gold_gain":0,"player_choice":"Offered Basic","damage_taken":0,"max_hp_gain":0,"max_hp_loss":0,"event_name":"Bonfire Elementals","floor":13,"gold_loss":0}],"is_beta":false,"boss_relics":[],"items_purged_floors":[],"is_endless":false,"potions_floor_spawned":[1,2,6,7],"killed_by":"Hexaghost","ascension_level":2}}