{"host":"h792lphzw6wlba86","time":1608581913,"event":{"mods":["AchievementEnabler","Aspiration","BaseMod","Better Altar","Better Match","Better Note","Better Sensory Stone","Better Skull","Better Third Choice","BetterRewards","CCEM","Colored Map","Conspire","Downfall","GifTheSpireLib","Googly Eyes","Halation","Highlight Path","Hubris","Hunter ??","Jedi Mod","Mimic Mod","Minty Spire (QoL Compilation)","Permanent Neow","Replay The Spire","Shop Mod","Spicy Shops","StSLib","Stuff the Spire","The Jungle","Unceasing Turn Reminder","everything is the same but u backflip on backflip","slay the spire mod where everything is the same but ironclad has a cowboy hat"],"gold_per_floor":[118,118,128,128,140,174,174,174,174,30,43,76,76,89,89,188,188,204,218,118,118,135,170,170,11,62,62,81,81,97,97,97,196,196,209,247,247,247,261,261,280,298,332,332,332],"floor_reached":44,"playtime":2328,"items_purged":["Regret","Strike_G","Strike_G"],"score":463,"play_id":"a6800420-5d27-497f-9be1-046d019cf401","local_time":"20201221141833","is_ascension_mode":false,"campfire_choices":[{"floor":7,"key":"REST"},{"data":"Neutralize","floor":13,"key":"SMITH"},{"floor":15,"key":"REST"},{"floor":24,"key":"REST"},{"data":"jedi:pocketpoison","floor":27,"key":"SMITH"},{"floor":29,"key":"REST"},{"data":"Caltrops","floor":32,"key":"SMITH"},{"floor":40,"key":"RECALL"}],"circlet_count":0,"master_deck":["Strike_G","Strike_G","Strike_G","Defend_G","Defend_G","Defend_G","Defend_G","Defend_G","Survivor","Neutralize+1","Grand Finale","Poisoned Stab","Sucker Punch","Blade Dance","Backstab","Caltrops+1","StuffTheSpire:Fury","jedi:pocketpoison+1","jedi:studyshivs","Hidden Blade","Footwork","jedi:unstablefumes+1","StuffTheSpire:Incantation+1","After Image","StuffTheSpire:Sprint","jedi:pocketpoison+1","Hidden Blade+1","Parasite","Terror+1","Adrenaline"],"relics":["Ring of the Snake","StuffTheSpire:RedRose","Garlic","Mercury Hourglass","Regal Pillow","jedi:hotpepper","halation:KoshaPiece","halation:ForbiddenBikini","StuffTheSpire:OldFever","Thread and Needle"],"acts_visited":["Exordium","TheCity","TheBeyond"],"potions_floor_usage":[6,16,16,23,23,33,33,44,44,44],"damage_taken":[{"damage":0,"enemies":"2 Louse","floor":1,"turns":3},{"damage":2,"enemies":"Cultist","floor":3,"turns":3},{"damage":5,"enemies":"conspire:RoseBush","floor":5,"turns":3},{"damage":47,"enemies":"3 Sentries","floor":6,"turns":10},{"damage":0,"enemies":"Lots of Slimes","floor":11,"turns":2},{"damage":21,"enemies":"Gremlin Nob","floor":12,"turns":4},{"damage":0,"enemies":"3 Louse","floor":14,"turns":2},{"damage":20,"enemies":"Hexaghost","floor":16,"turns":8},{"damage":14,"enemies":"2 Thieves","floor":18,"turns":3},{"damage":5,"enemies":"3 Byrds","floor":19,"turns":3},{"damage":11,"enemies":"Centurion and Healer","floor":22,"turns":7},{"damage":0,"enemies":"Slavers","floor":23,"turns":4},{"damage":24,"enemies":"Shelled Parasite and Fungi","floor":28,"turns":4},{"damage":11,"enemies":"Cultist and Chosen","floor":30,"turns":6},{"damage":39,"enemies":"Collector","floor":33,"turns":8},{"damage":4,"enemies":"3 Shapes","floor":35,"turns":6},{"damage":9,"enemies":"conspire:MimicChest","floor":36,"turns":7},{"damage":8,"enemies":"Orb Walker","floor":39,"turns":3},{"damage":7,"enemies":"Writhing Mass","floor":41,"turns":6},{"damage":5,"enemies":"Spire Growth","floor":42,"turns":4},{"damage":13,"enemies":"Jaw Worm Horde","floor":43,"turns":8},{"damage":21,"enemies":"Reptomancer","floor":44,"turns":2}],"seed_played":"9065149165754495742","potions_obtained":[{"floor":3,"key":"conspire:TimeTravelPotion"},{"floor":6,"key":"Reflective Coating"},{"floor":11,"key":"EssenceOfSteel"},{"floor":12,"key":"LiquidMemories"},{"floor":19,"key":"SpeedPotion"},{"floor":22,"key":"jedi:StrikingPotion"},{"floor":30,"key":"Death Potion"},{"floor":35,"key":"BlessingOfTheForge"},{"floor":36,"key":"Dexterity Potion"},{"floor":39,"key":"Guardian:BlockOnCardUsePotion"}],"is_trial":false,"path_per_floor":["M","?","M","?","M","E","R","?","T","$","M","E","R","M","R","B",null,"M","M","$","?","M","E","R","$","T","R","M","R","M","$","R","B",null,"M","?","$","?","M","R","M","M","MIM","E"],"character_chosen":"THE_SILENT","items_purchased":["Caltrops","Footwork"],"campfire_rested":4,"item_purchase_floors":[10,25],"current_hp_per_floor":[70,70,68,68,63,25,46,46,46,46,46,25,25,25,61,41,52,38,33,33,28,17,17,47,47,47,47,23,52,41,41,41,2,52,48,39,39,39,31,31,24,19,6,0,0],"gold":332,"neow_bonus":"ONE_RANDOM_RARE_CARD","is_daily":false,"chose_seed":false,"campfire_upgraded":3,"win_rate":0.0,"timestamp":1608581913,"path_taken":["M","?","M","?","M","E","R","?","T","$","M","E","R","?","R","BOSS","M","M","$","?","?","E","R","$","T","R","M","R","M","$","R","BOSS","M","?","?","?","M","R","?","?","MIM","E"],"items_purchased_type":["Card","Card"],"build_version":"2020-12-13","purchased_purges":3,"victory":false,"max_hp_per_floor":[70,70,70,70,70,70,70,70,70,70,70,70,70,70,70,70,52,52,52,52,52,52,52,52,52,52,52,52,52,52,52,52,52,52,52,52,52,49,49,49,49,49,49,49,49],"card_choices":[{"not_picked":["Deflect","StuffTheSpire:BumpUp"],"picked":"Poisoned Stab","floor":1},{"not_picked":["Sneak Up","StuffTheSpire:Injection"],"picked":"Sucker Punch","floor":3},{"not_picked":["Backflip","Acrobatics"],"picked":"Blade Dance","floor":5},{"not_picked":["Setup","Dodge and Roll"],"picked":"Backstab","floor":6},{"not_picked":["Sucker Punch","Poisoned Stab"],"picked":"StuffTheSpire:Fury","floor":11},{"not_picked":["Distraction","Calculated Gamble","StuffTheSpire:BrimstoneBlast"],"picked":"SKIP","floor":12},{"not_picked":["Cloak And Dagger","StuffTheSpire:Fury"],"picked":"jedi:pocketpoison","floor":14},{"not_picked":["A Thousand Cuts","Replay:Bag of Tricks"],"picked":"jedi:studyshivs","floor":16},{"not_picked":["hubris:SlightOfHand","Underhanded Strike+1","Draining Mist"],"picked":"SKIP","floor":18},{"not_picked":["Dagger Throw","Calculated Gamble","StuffTheSpire:Python"],"picked":"SKIP","floor":19},{"not_picked":["StuffTheSpire:Incursion","Flechettes"],"picked":"Hidden Blade","floor":22},{"not_picked":["jedi:poisonivy","Night Terror","Underhanded Strike+1"],"picked":"SKIP","floor":23},{"not_picked":["StuffTheSpire:Python","Deadly Poison"],"picked":"jedi:unstablefumes+1","floor":28},{"not_picked":["StuffTheSpire:ClusterCrunch","Draining Mist"],"picked":"StuffTheSpire:Incantation+1","floor":30},{"not_picked":["Glass Knife","Night Terror"],"picked":"After Image","floor":33},{"not_picked":["StuffTheSpire:BumpUp+1","Underhanded Strike"],"picked":"StuffTheSpire:Sprint","floor":35},{"not_picked":["Draining Mist","Outmaneuver+1"],"picked":"jedi:pocketpoison+1","floor":36},{"not_picked":["Masterful Stab+1","Heel Hook"],"picked":"Hidden Blade+1","floor":39},{"not_picked":["Underhanded Strike+1","Acrobatics+1","Poisoned Stab"],"picked":"SKIP","floor":41},{"not_picked":["Dodge and Roll","Deflect"],"picked":"Terror+1","floor":42},{"not_picked":["StuffTheSpire:ClusterCrunch","Underhanded Strike"],"picked":"Adrenaline","floor":43}],"player_experience":653354,"relics_obtained":[{"floor":6,"key":"Garlic"},{"floor":9,"key":"Mercury Hourglass"},{"floor":12,"key":"Regal Pillow"},{"floor":23,"key":"halation:KoshaPiece"},{"floor":36,"key":"StuffTheSpire:OldFever"},{"floor":43,"key":"Thread and Needle"}],"event_choices":[{"damage_healed":0,"gold_gain":0,"player_choice":"Relic","damage_taken":0,"max_hp_gain":0,"max_hp_loss":0,"event_name":"Wheel of Change","floor":8,"gold_loss":0},{"damage_healed":0,"gold_gain":0,"player_choice":"Damaged","damage_taken":5,"max_hp_gain":0,"max_hp_loss":0,"event_name":"Wheel of Change","floor":21,"gold_loss":0},{"damage_healed":0,"gold_gain":0,"player_choice":"Max HP","damage_taken":0,"max_hp_gain":0,"max_hp_loss":3,"event_name":"Winding Halls","floor":38,"gold_loss":0}],"is_beta":false,"boss_relics":[{"not_picked":["SacredBark","hubris:BlackHole"],"picked":"jedi:hotpepper"},{"not_picked":["halation:Risk","jedi:battlestandard"],"picked":"halation:ForbiddenBikini"}],"items_purged_floors":[10,20,25],"is_endless":false,"potions_floor_spawned":[3,6,11,12,19,22,30,35,36,39],"killed_by":"Reptomancer","ascension_level":0}}