{"host":"g53g9qlo34vrqi92","time":1608531164,"event":{"mods":["Aspiration","Bard","BaseMod","Beaked The Cultist","BetterRewards","Colored Map","Conspire","Energized Spire","Fiend Mod","GifTheSpireLib","Googly Eyes","Gremlin Skip","Halation","Hermit","Hubris","Infinite Spire","Jedi Mod","Minty Spire (QoL Compilation)","Permanent Neow","Quick Restart","Relic Filter","Replay The Spire","Spikes Relics","StSLib","Stuff the Spire","Synergy Search","The Bladedancer","The Bug Knight","The Construct","The Cursed","The Factory","The Forsaken","The Jungle","The Necromancer","The Spell Scribe","The Trickster","Trackpad","slay the spire mod where everything is the same but ironclad has a cowboy hat","vexMod"],"gold_per_floor":[119,119,137,137,56,82,95,95,95,163,213,213,213],"floor_reached":12,"playtime":327,"items_purged":[],"score":78,"play_id":"3584f63b-d686-443a-9c38-e0b80183ecba","local_time":"20201220221244","is_ascension_mode":false,"campfire_choices":[],"circlet_count":0,"master_deck":["Strike_B","Strike_B","Strike_B","Strike_B","Defend_B","Defend_B","Defend_B","Defend_B","Zap","Dualcast","Tempest","StuffTheSpire:Synthwave","Defragment","Defragment+1","Ball Lightning","Capacitor","jedi:reiji","jedi:markofdeath"],"relics":["Cracked Core","Carrot","jedi:paperfaux","HollowMod:PaleOreRelic","SsserpentHead","conspire:DeflatedDodgeball"],"acts_visited":["Exordium"],"potions_floor_usage":[10,12],"damage_taken":[{"damage":1,"enemies":"Cultist","floor":1,"turns":3},{"damage":5,"enemies":"Small Slimes","floor":3,"turns":2},{"damage":21,"enemies":"Lagavulin","floor":6,"turns":5},{"damage":6,"enemies":"Jaw Worm","floor":7,"turns":2},{"damage":3,"enemies":"3 Louse","floor":10,"turns":2},{"damage":9,"enemies":"3 Sentries","floor":12,"turns":1}],"seed_played":"-7402663246200831817","potions_obtained":[{"floor":3,"key":"Strength Potion"},{"floor":7,"key":"Adrenaline Potion"}],"is_trial":false,"path_per_floor":["M","?","M","?","$","E","M","?","T","M","?","E"],"character_chosen":"DEFECT","items_purchased":["Tempest","StuffTheSpire:Synthwave","Carrot","Defragment","jedi:paperfaux","Capacitor"],"campfire_rested":0,"item_purchase_floors":[0,0,0,0,0,5],"current_hp_per_floor":[39,39,34,34,34,13,7,7,7,4,4,0,0],"gold":213,"neow_bonus":"","is_daily":false,"chose_seed":false,"campfire_upgraded":0,"win_rate":0.0,"timestamp":1608531164,"path_taken":["M","?","M","?","$","E","?","?","T","?","?","E"],"items_purchased_type":["Card","Card","Relic","Card","Relic","Card"],"build_version":"2020-12-13","purchased_purges":0,"victory":false,"max_hp_per_floor":[75,75,75,75,75,75,75,75,75,75,75,75,75],"card_choices":[{"not_picked":["Doom and Gloom","Gash","Compile Driver"],"picked":"SKIP","floor":1},{"not_picked":["jedi:BurstFrost","Compile Driver"],"picked":"Ball Lightning","floor":3},{"not_picked":["Ball Lightning","StuffTheSpire:SnapShoot"],"picked":"jedi:reiji","floor":6},{"not_picked":["Consume","jedi:BurstLightning"],"picked":"jedi:markofdeath","floor":7},{"not_picked":["Beam Cell","BasicCrystalCard","ReplayTheSpireMod:GoodbyeWorld"],"picked":"SKIP","floor":10}],"player_experience":1021136,"relics_obtained":[{"floor":6,"key":"HollowMod:PaleOreRelic"},{"floor":9,"key":"conspire:DeflatedDodgeball"}],"event_choices":[{"damage_healed":0,"gold_gain":0,"player_choice":"Trade","damage_taken":0,"relics_obtained":["SsserpentHead"],"max_hp_gain":0,"max_hp_loss":0,"event_name":"FaceTrader","floor":8,"gold_loss":0}],"is_beta":false,"boss_relics":[],"items_purged_floors":[],"is_endless":false,"potions_floor_spawned":[3,7],"killed_by":"3 Sentries","ascension_level":0}}