{"host":"hjw1ay65n7jm40lc","time":1608579210,"event":{"mods":["AchievementEnabler","BaseMod","Block Reminder","Colored Map","Colored Powertips","Downfall","Googly Eyes","Highlight Path","Minty Spire (QoL Compilation)","Quick Restart","Relic Stats","StSLib"],"gold_per_floor":[99,249,274,274,291,216,240,251,251,281,281,297,4,20,40,143,143,143,143,91,91,107,107,134,153,153,153,153],"floor_reached":26,"playtime":11567,"items_purged":[],"score":267,"play_id":"a2e68ca8-534c-4775-bc4b-c7f8d38e6f95","local_time":"20201221143330","is_ascension_mode":true,"campfire_choices":[{"data":"Guardian:TwinSlam","floor":1,"key":"SMITH"},{"floor":4,"key":"RECALL"},{"data":"Guardian:GuardianWhirl","floor":6,"key":"SMITH"},{"floor":9,"key":"REST"},{"data":"Guardian:RevengeProtocol","floor":18,"key":"SMITH"},{"data":"Guardian:FuturePlans","floor":23,"key":"SMITH"}],"circlet_count":0,"master_deck":["Guardian:Strike_Guardian","Guardian:Strike_Guardian","Guardian:Strike_Guardian","Guardian:Strike_Guardian","Guardian:Defend_Guardian","Guardian:Defend_Guardian","Guardian:Defend_Guardian","Guardian:Defend_Guardian","Guardian:CurlUp","Guardian:TwinSlam+1","Guardian:Planning","Guardian:GuardianWhirl+1","Guardian:ChargeCore","Guardian:DonusPower","Guardian:Clone","Guardian:ArmoredProtocol","Guardian:StasisStrike","Guardian:RevengeProtocol+1","Guardian:Orbwalk","Guardian:DonusPower","Guardian:FuturePlans+1"],"relics":["SacredBark","Mercury Hourglass","downfall:HeartBlessingRed","Art of War","TungstenRod","Spirit Poop","HandDrill","Philosopher\u0027s Stone","Oddly Smooth Stone"],"acts_visited":["Exordium","TheCity"],"potions_floor_usage":[10,16,16,16,26],"damage_taken":[{"damage":39,"enemies":"3 Sentries","floor":3,"turns":11},{"damage":0,"enemies":"2 Louse","floor":5,"turns":2},{"damage":2,"enemies":"Jaw Worm","floor":8,"turns":2},{"damage":17,"enemies":"Lagavulin","floor":10,"turns":4},{"damage":5,"enemies":"Cultist","floor":12,"turns":3},{"damage":2,"enemies":"downfall:FleeingMerchant","floor":13,"turns":4},{"damage":0,"enemies":"2 Fungi Beasts","floor":14,"turns":2},{"damage":10,"enemies":"Exordium Thugs","floor":15,"turns":3},{"damage":21,"enemies":"downfall:Silent","floor":16,"turns":4},{"damage":0,"enemies":"downfall:FleeingMerchant","floor":20,"turns":4},{"damage":27,"enemies":"Chosen","floor":22,"turns":5},{"damage":4,"enemies":"Shell Parasite","floor":25,"turns":4},{"damage":41,"enemies":"Gremlin Leader","floor":26,"turns":2}],"seed_played":"7488294936468192653","potions_obtained":[{"floor":8,"key":"sneckomod:MuddlingPotion"},{"floor":14,"key":"LiquidBronze"},{"floor":15,"key":"Regen Potion"},{"floor":16,"key":"Ancient Potion"},{"floor":22,"key":"Energy Potion"}],"is_trial":false,"path_per_floor":["R","?","E","R","M","R","T","M","R","E","?","M","$","M","M","B",null,"R","?","$","?","M","R","T","M","E"],"character_chosen":"GUARDIAN","items_purchased":["Guardian:ArmoredProtocol","HandDrill","AttackPotion","SteroidPotion","Guardian:FuturePlans"],"campfire_rested":1,"item_purchase_floors":[13,13,13,13,20],"current_hp_per_floor":[80,80,41,41,41,41,41,39,63,46,46,41,39,39,29,35,69,69,69,69,69,42,42,42,38,0,0,0],"gold":153,"neow_bonus":"BOSS_RELIC","is_daily":false,"chose_seed":false,"campfire_upgraded":4,"win_rate":0.0,"timestamp":1608579210,"path_taken":["R","?","E","R","M","R","T","M","R","E","?","M","$","M","M","BOSS","R","?","$","?","M","R","T","M","E"],"items_purchased_type":["Card","Relic","Potion","Potion","Card"],"build_version":"2020-12-13","purchased_purges":0,"victory":false,"max_hp_per_floor":[80,80,80,80,80,80,80,80,80,80,80,80,80,80,80,80,80,80,80,80,80,80,80,80,80,80,80,80],"relic_stats":{"counters":[13,50],"Art of War":[1],"HandDrill":[18],"obtain_stats":[{"downfall:HeartBlessingRed":6,"SacredBark":0,"Guardian:ModeShifter":0,"Spirit Poop":11,"Oddly Smooth Stone":24,"Philosopher\u0027s Stone":17,"Art of War":7,"HandDrill":13,"TungstenRod":10,"Mercury Hourglass":3},{"downfall:HeartBlessingRed":2,"SacredBark":0,"Guardian:ModeShifter":0,"Spirit Poop":4,"Oddly Smooth Stone":11,"Philosopher\u0027s Stone":9,"Art of War":2,"HandDrill":6,"TungstenRod":4,"Mercury Hourglass":1},{"downfall:HeartBlessingRed":13,"SacredBark":0,"Guardian:ModeShifter":0,"Spirit Poop":19,"Oddly Smooth Stone":44,"Philosopher\u0027s Stone":35,"Art of War":13,"HandDrill":26,"TungstenRod":19,"Mercury Hourglass":11}],"TungstenRod":23,"Mercury Hourglass":[102]},"card_choices":[{"not_picked":["Guardian:SentryBeam","Guardian:PiercingHide"],"picked":"Guardian:Planning","floor":3},{"not_picked":["Guardian:PiercingHide","Guardian:TemporalStrike"],"picked":"Guardian:GuardianWhirl","floor":5},{"not_picked":["Guardian:Incinerate","Guardian:Planning"],"picked":"Guardian:ChargeCore","floor":8},{"not_picked":["Guardian:DecasProtection","Guardian:Reroute"],"picked":"Guardian:Gem_White","floor":10},{"not_picked":["Guardian:ChargeCore","Guardian:Gem_Blue"],"picked":"Guardian:DonusPower","floor":12},{"not_picked":["Guardian:VentSteam","Guardian:Repulse"],"picked":"Guardian:Clone","floor":13},{"not_picked":["Guardian:Clone","Guardian:BronzeArmor","Guardian:PrimingBeam"],"picked":"SKIP","floor":14},{"not_picked":["Guardian:Incinerate","Guardian:CrystalBeam"],"picked":"Guardian:StasisStrike","floor":15},{"not_picked":["Guardian:HyperBeam_Guardian","Guardian:CompilePackage"],"picked":"Guardian:RevengeProtocol","floor":16},{"not_picked":["Guardian:Recover","Guardian:Gem_Cyan"],"picked":"Guardian:DonusPower","floor":20},{"not_picked":["Guardian:Gem_Cyan","Guardian:Gem_Lightblue","Guardian:TemporalStrike"],"picked":"SKIP","floor":22},{"not_picked":["Guardian:Gem_Cyan","Guardian:RollAttack+1","Guardian:Gem_Purple"],"picked":"SKIP","floor":25}],"player_experience":445966,"relics_obtained":[{"floor":3,"key":"Mercury Hourglass"},{"floor":7,"key":"Art of War"},{"floor":10,"key":"TungstenRod"},{"floor":24,"key":"Oddly Smooth Stone"}],"event_choices":[{"cards_removed":["Slimebound:Icky"],"damage_healed":0,"gold_gain":0,"player_choice":"Offered Curse","damage_taken":0,"relics_obtained":["Spirit Poop"],"max_hp_gain":0,"max_hp_loss":0,"event_name":"Bonfire Elementals","floor":11,"gold_loss":0},{"damage_healed":0,"gold_gain":0,"player_choice":"Read","damage_taken":0,"max_hp_gain":0,"max_hp_loss":0,"event_name":"The Library","floor":19,"gold_loss":0,"cards_obtained":["Guardian:Orbwalk"]}],"is_beta":false,"boss_relics":[{"not_picked":["Ectoplasm","Snecko Eye"],"picked":"Philosopher\u0027s Stone"}],"items_purged_floors":[],"is_endless":false,"potions_floor_spawned":[8,14,15,16,22],"killed_by":"Gremlin Leader","ascension_level":5}}