{"host":"6azrrw3tf7wb0f4b","time":1608560032,"event":{"mods":["BaseMod","DeckTracker","Minty Spire (QoL Compilation)","SuperFastMode"],"gold_per_floor":[116,116,116,130,130,130,230,230,530,333,333,390,420,430,430,525,525,538,538,552,577,589,601,538,80,80,114,114,133,158,183,183,287,287,301,54,54,54,73,108,126,137,162,162,182,182,207,207,207,207],"floor_reached":51,"playtime":1430,"items_purged":["Strike_B","Defend_B"],"score":1061,"play_id":"51efe75b-7479-48b6-a6c7-ddec1bb3a30f","local_time":"20201221231352","is_ascension_mode":true,"campfire_choices":[{"data":"Defragment","floor":6,"key":"SMITH"},{"data":"Dualcast","floor":8,"key":"SMITH"},{"data":"Go for the Eyes","floor":11,"key":"SMITH"},{"data":"Sweeping Beam","floor":15,"key":"SMITH"},{"data":"Coolheaded","floor":23,"key":"SMITH"},{"floor":32,"key":"REST"},{"floor":44,"key":"REST"},{"data":"Seek","floor":46,"key":"SMITH"},{"floor":49,"key":"REST"}],"circlet_count":0,"master_deck":["Defend_B+1","Dualcast+1","Go for the Eyes+1","Ball Lightning","Defragment+1","Conserve Battery","Core Surge","Undo+1","Glacier","Sweeping Beam+1","Seek+1","Coolheaded+1","Leap+1","Ball Lightning","Barrage","FTL","Amplify","Static Discharge+1","Defragment+1","Fusion+1","Steam+1","Master of Strategy","Ball Lightning+1","Redo+1","Heatsinks","Capacitor+1"],"relics":["Cracked Core","Juzu Bracelet","Old Coin","Akabeko","Ornamental Fan","SlaversCollar","MawBank","PreservedInsect","Sling","Shuriken","Happy Flower","Red Mask","War Paint","Astrolabe","Kunai","Vajra","Frozen Egg 2"],"acts_visited":["Exordium","TheCity","TheBeyond"],"potions_floor_usage":[12,16,20,30,39,40,45],"damage_taken":[{"damage":3,"enemies":"2 Louse","floor":1,"turns":3},{"damage":1,"enemies":"Cultist","floor":4,"turns":3},{"damage":13,"enemies":"Gremlin Nob","floor":12,"turns":3},{"damage":10,"enemies":"Gremlin Nob","floor":13,"turns":3},{"damage":0,"enemies":"Jaw Worm","floor":14,"turns":3},{"damage":27,"enemies":"Slime Boss","floor":16,"turns":9},{"damage":3,"enemies":"3 Byrds","floor":18,"turns":5},{"damage":2,"enemies":"Shell Parasite","floor":20,"turns":7},{"damage":1,"enemies":"Book of Stabbing","floor":27,"turns":3},{"damage":4,"enemies":"3 Cultists","floor":29,"turns":5},{"damage":1,"enemies":"Masked Bandits","floor":30,"turns":3},{"damage":10,"enemies":"Gremlin Leader","floor":31,"turns":5},{"damage":25,"enemies":"Automaton","floor":33,"turns":11},{"damage":0,"enemies":"Orb Walker","floor":35,"turns":4},{"damage":28,"enemies":"3 Darklings","floor":39,"turns":4},{"damage":0,"enemies":"Reptomancer","floor":40,"turns":5},{"damage":5,"enemies":"4 Shapes","floor":41,"turns":6},{"damage":5,"enemies":"Maw","floor":42,"turns":7},{"damage":0,"enemies":"3 Darklings","floor":45,"turns":4},{"damage":28,"enemies":"Giant Head","floor":47,"turns":7},{"damage":29,"enemies":"Donu and Deca","floor":50,"turns":9}],"seed_played":"4330620250037051918","potions_obtained":[{"floor":4,"key":"Energy Potion"},{"floor":13,"key":"Fruit Juice"},{"floor":14,"key":"FearPotion"},{"floor":18,"key":"EssenceOfSteel"},{"floor":30,"key":"Explosive Potion"},{"floor":33,"key":"SkillPotion"},{"floor":38,"key":"PowerPotion"},{"floor":41,"key":"Block Potion"},{"floor":45,"key":"SteroidPotion"}],"is_trial":false,"path_per_floor":["M","?","?","M","?","R","?","R","T","$","R","?","E","M","R","B",null,"M","?","M","T","?","R","?","$","T","E","?","M","?","E","R","B",null,"M","$","?","?","M","E","M","M","T","R","M","R","E","?","R","B",null],"character_chosen":"DEFECT","items_purchased":["Conserve Battery","Core Surge","PreservedInsect","Sling","DuplicationPotion","Kunai"],"campfire_rested":3,"item_purchase_floors":[10,10,25,25,25,36],"current_hp_per_floor":[65,65,70,69,69,69,69,69,69,69,69,56,46,46,46,24,70,67,51,49,49,49,49,49,49,49,48,48,44,43,33,60,35,76,76,76,76,76,48,48,43,38,38,65,65,65,37,37,64,35],"gold":207,"neow_bonus":"RANDOM_COMMON_RELIC","is_daily":false,"chose_seed":false,"campfire_upgraded":6,"win_rate":0.0,"timestamp":1608560032,"path_taken":["M","?","?","M","?","R","?","R","T","$","R","?","E","M","R","BOSS","M","?","M","?","?","R","?","$","T","E","?","M","?","E","R","BOSS","M","$","?","?","M","E","M","M","T","R","M","R","E","?","R","BOSS"],"items_purchased_type":["Card","Card","Relic","Relic","Potion","Relic"],"build_version":"2020-12-13","purchased_purges":2,"victory":true,"max_hp_per_floor":[75,75,80,80,80,80,80,80,80,80,80,80,80,80,80,85,85,85,90,90,90,90,90,90,90,90,90,90,90,90,90,90,90,90,90,90,90,90,90,90,90,90,90,90,90,90,90,90,90,90],"card_choices":[{"not_picked":["Gash","Barrage"],"picked":"Go for the Eyes","floor":1},{"not_picked":["Double Energy","Rebound"],"picked":"Ball Lightning","floor":4},{"not_picked":["Genetic Algorithm","Go for the Eyes"],"picked":"Undo","floor":12},{"not_picked":["Cold Snap","Turbo"],"picked":"Glacier","floor":13},{"not_picked":["Conserve Battery","Echo Form"],"picked":"Sweeping Beam","floor":14},{"not_picked":["Fission","Multi-Cast"],"picked":"Seek","floor":16},{"not_picked":["Tempest","Double Energy"],"picked":"Coolheaded","floor":18},{"not_picked":["Steam","Skim"],"picked":"Leap+1","floor":20},{"not_picked":["Chaos","Fusion"],"picked":"Barrage","floor":27},{"not_picked":["Gash","Hello World","Cold Snap"],"picked":"SKIP","floor":29},{"not_picked":["Multi-Cast","Auto Shields"],"picked":"FTL","floor":31},{"not_picked":["Buffer","All For One"],"picked":"Amplify","floor":33},{"not_picked":["Cold Snap+1","Redo"],"picked":"Steam+1","floor":35},{"not_picked":["Mind Blast","Jack Of All Trades"],"picked":"Master of Strategy","floor":37},{"not_picked":["Chaos","Steam+1","Hello World"],"picked":"SKIP","floor":39},{"not_picked":["Recycle+1","Auto Shields"],"picked":"Ball Lightning+1","floor":40},{"not_picked":["Fusion+1","Hologram"],"picked":"Redo+1","floor":41},{"not_picked":["Doom and Gloom","Aggregate"],"picked":"Heatsinks","floor":42},{"not_picked":["Streamline","Steam Power","Gash"],"picked":"SKIP","floor":45},{"not_picked":["Sweeping Beam+1","Cold Snap+1"],"picked":"Capacitor+1","floor":47}],"player_experience":639550,"relics_obtained":[{"floor":9,"key":"Old Coin"},{"floor":13,"key":"Ornamental Fan"},{"floor":21,"key":"MawBank"},{"floor":26,"key":"Shuriken"},{"floor":27,"key":"Happy Flower"},{"floor":30,"key":"Red Mask"},{"floor":31,"key":"War Paint"},{"floor":40,"key":"Vajra"},{"floor":47,"key":"Frozen Egg 2"}],"event_choices":[{"damage_healed":0,"gold_gain":0,"player_choice":"0 cards matched","damage_taken":0,"max_hp_gain":0,"max_hp_loss":0,"event_name":"Match and Keep!","floor":2,"gold_loss":0,"cards_obtained":[]},{"damage_healed":0,"gold_gain":0,"player_choice":"Donut","damage_taken":0,"max_hp_gain":5,"max_hp_loss":0,"event_name":"Big Fish","floor":3,"gold_loss":0},{"damage_healed":0,"gold_gain":0,"cards_transformed":["Strike_B"],"player_choice":"Change","damage_taken":0,"max_hp_gain":0,"max_hp_loss":0,"event_name":"Living Wall","floor":5,"gold_loss":0,"cards_obtained":["Defragment"]},{"damage_healed":0,"gold_gain":100,"player_choice":"Pray","damage_taken":0,"max_hp_gain":0,"max_hp_loss":0,"event_name":"Golden Shrine","floor":7,"gold_loss":0},{"damage_healed":0,"gold_gain":0,"player_choice":"Searched \u00272\u0027 times","damage_taken":0,"relics_obtained":["Akabeko"],"max_hp_gain":0,"max_hp_loss":0,"event_name":"Dead Adventurer","floor":12,"gold_loss":0},{"damage_healed":0,"gold_gain":0,"player_choice":"Shed Blood","damage_taken":21,"max_hp_gain":5,"max_hp_loss":0,"event_name":"Forgotten Altar","floor":19,"gold_loss":0},{"damage_healed":0,"gold_gain":0,"cards_transformed":["Strike_B","Defend_B"],"player_choice":"Became Test Subject","damage_taken":0,"max_hp_gain":0,"max_hp_loss":0,"event_name":"Drug Dealer","floor":22,"gold_loss":0,"cards_obtained":["Stack","Ball Lightning"]},{"cards_removed":["Strike_B"],"damage_healed":0,"gold_gain":0,"player_choice":"Gave Gold","damage_taken":0,"max_hp_gain":0,"max_hp_loss":0,"event_name":"Beggar","floor":24,"gold_loss":75},{"damage_healed":0,"gold_gain":0,"player_choice":"Ignored","damage_taken":0,"max_hp_gain":0,"max_hp_loss":0,"event_name":"Ghosts","floor":28,"gold_loss":0},{"damage_healed":0,"gold_gain":0,"player_choice":"Fought Bandits","damage_taken":0,"max_hp_gain":0,"max_hp_loss":0,"event_name":"Masked Bandits","floor":30,"gold_loss":0},{"damage_healed":0,"gold_gain":0,"player_choice":"Memory 1","damage_taken":0,"max_hp_gain":0,"max_hp_loss":0,"event_name":"SensoryStone","floor":37,"gold_loss":0},{"damage_healed":0,"gold_gain":0,"player_choice":"Got Potions","damage_taken":0,"max_hp_gain":0,"max_hp_loss":0,"event_name":"Lab","floor":38,"gold_loss":0},{"damage_healed":0,"gold_gain":0,"player_choice":"Ignored","damage_taken":0,"max_hp_gain":0,"max_hp_loss":0,"event_name":"The Moai Head","floor":48,"gold_loss":0}],"is_beta":false,"boss_relics":[{"not_picked":["Sozu","Runic Pyramid"],"picked":"SlaversCollar"},{"not_picked":["Empty Cage","Pandora\u0027s Box"],"picked":"Astrolabe"}],"items_purged_floors":[10,25],"is_endless":false,"potions_floor_spawned":[4,13,14,18,30,33,35,41,45],"ascension_level":7}}