{"host":"cz3p2o9n3b1gdmkz","time":1608536815,"event":{"mods":["AchievementEnabler","BaseMod","CapriCore","GungeonMod","Hermit","Lobotomy","Minty Spire (QoL Compilation)","Replay The Spire","Shop Mod","StSLib","SuperFastMode","The Cursed","The Dragon Tamer","The Gatherer","The Jungle","The Poker Player","The Runesmith"],"gold_per_floor":[117,117,117,42,54,54,54,54,54,65,90,90,100,110,110,183,183,195,95,95,107,147,147,165,2,2,2,2,19,36,36,36,115,115,125,125,125,135,51,83,83,97,97,97,108,108,122,122,122,122,122],"floor_reached":50,"playtime":1861,"items_purged":["Strike_B","Strike_B"],"score":1440,"play_id":"8a2904b8-4e67-4e6c-ae2c-45db6905bb0f","local_time":"20201221164655","is_ascension_mode":true,"campfire_choices":[{"data":"Zap","floor":6.0,"key":"SMITH"},{"floor":8.0,"key":"REST"},{"data":"Dualcast","floor":12.0,"key":"SMITH"},{"data":"FTL","floor":15.0,"key":"SMITH"},{"data":"FTL","floor":23.0,"key":"SMITH"},{"floor":28.0,"key":"REST"},{"floor":32.0,"key":"REST"},{"floor":41.0,"key":"REST"},{"data":"Panache","floor":46.0,"key":"SMITH"}],"circlet_count":0,"master_deck":["AscendersBane","Defend_B+1","Zap+1","Dualcast+1","Gash","FTL+1","FTL+1","All For One","Gash+1","Panache+1","Specialist","Beam Cell","BootSequence"],"relics":["Cracked Core","DemoMod:Orange","TungstenRod","DemoMod:WaxWing","Replay:Bottled Steam","Medical Kit","DemoMod:OrangeGuonStone","Inserter","Prayer Wheel","Regal Pillow","DemoMod:MemoryAlloy"],"acts_visited":["Exordium","TheCity","TheBeyond"],"potions_floor_usage":[50,50],"damage_taken":[{"damage":7.0,"enemies":"Jaw Worm","floor":1.0,"turns":3.0},{"damage":4.0,"enemies":"Small Slimes","floor":5.0,"turns":4.0},{"damage":0.0,"enemies":"Cultist","floor":10.0,"turns":3.0},{"damage":8.0,"enemies":"Lagavulin","floor":11.0,"turns":6.0},{"damage":0.0,"enemies":"3 Louse","floor":13.0,"turns":3.0},{"damage":0.0,"enemies":"Large Slime","floor":14.0,"turns":4.0},{"damage":38.0,"enemies":"Fading Forest","floor":16.0,"turns":13.0},{"damage":0.0,"enemies":"Chosen","floor":18.0,"turns":2.0},{"damage":0.0,"enemies":"Shell Parasite","floor":21.0,"turns":3.0},{"damage":9.0,"enemies":"Centurion and Healer","floor":24.0,"turns":3.0},{"damage":2.0,"enemies":"Shelled Parasite and Fungi","floor":29.0,"turns":2.0},{"damage":0.0,"enemies":"Cultist and Chosen","floor":30.0,"turns":4.0},{"damage":1.0,"enemies":"Pondfish","floor":33.0,"turns":5.0},{"damage":0.0,"enemies":"3 Darklings","floor":35.0,"turns":5.0},{"damage":0.0,"enemies":"Orb Walker","floor":38.0,"turns":2.0},{"damage":36.0,"enemies":"Nemesis","floor":40.0,"turns":3.0},{"damage":6.0,"enemies":"4 Shapes","floor":42.0,"turns":7.0},{"damage":3.0,"enemies":"3 Darklings","floor":45.0,"turns":2.0},{"damage":1.0,"enemies":"Sphere and 2 Shapes","floor":47.0,"turns":3.0},{"damage":137,"enemies":"Time Eater","floor":50,"turns":9}],"seed_played":"5929034619423760005","potions_obtained":[{"floor":5.0,"key":"Flashbang"},{"floor":13.0,"key":"Explosive Potion"},{"floor":14.0,"key":"Languid Potion"},{"floor":18.0,"key":"GamblersBrew"},{"floor":22.0,"key":"Fruit Juice"},{"floor":24.0,"key":"Dexterity Potion"},{"floor":30.0,"key":"DemoMod:LeadSkinPotion"},{"floor":33.0,"key":"SkillPotion"},{"floor":38.0,"key":"DistilledChaos"},{"floor":40.0,"key":"Weak Potion"}],"is_trial":false,"path_per_floor":["M","?","?","$","M","R","?","R","T","M","E","R","M","M","R","B",null,"M","$","?","M","?","R","M","$","T","?","R","M","M","?","R","B",null,"M","?","$","M","$","E","R","M","T","?","M","R","M","?","R","B"],"character_chosen":"DEFECT","items_purchased":["Medical Kit","Venom Potion"],"campfire_rested":4,"item_purchase_floors":[25,39],"current_hp_per_floor":[57,57,38,38,34,34,34,53,65,65,57,57,57,57,57,27,64,64,64,64,64,40,40,31,31,31,31,53,51,56,56,80,79,81,81,72,72,72,72,36,75,69,69,69,66,66,65,65,81,0,0],"gold":122,"neow_bonus":"REMOVE_TWO","is_daily":false,"chose_seed":false,"campfire_upgraded":5,"win_rate":0.0,"timestamp":1608536815,"path_taken":["M","?","?","$","?","R","?","R","T","M","E","R","M","M","R","BOSS","M","$","?","M","?","R","?","$","T","?","R","M","?","?","R","BOSS","M","?","$","M","$","E","R","M","T","?","?","R","M","?","R","BOSS"],"items_purchased_type":["Relic","Potion"],"build_version":"2020-12-13","purchased_purges":2,"victory":false,"max_hp_per_floor":[64,64,64,64,64,64,64,64,76,76,76,76,76,76,76,76,76,76,76,76,76,76,76,76,76,76,76,76,76,81,81,81,81,81,81,81,81,81,81,81,81,81,81,81,81,81,81,81,81,81,81],"card_choices":[{"not_picked":["Barrage","Coolheaded","Go for the Eyes"],"picked":"SKIP","floor":1.0},{"not_picked":["Barrage","Aggregate","Time Bomb"],"picked":"SKIP","floor":5.0},{"not_picked":["Sunder","Coolheaded","BasicCrystalCard"],"picked":"SKIP","floor":10.0},{"not_picked":["Mirror Shield","Leap"],"picked":"Gash","floor":11.0},{"not_picked":["Ball Lightning","Redo"],"picked":"FTL","floor":13.0},{"not_picked":["Go for the Eyes","Panic Button"],"picked":"FTL","floor":14.0},{"not_picked":["Rainbow","Buffer"],"picked":"All For One","floor":16.0},{"not_picked":["Turbo","Cold Snap","Heatsinks"],"picked":"SKIP","floor":18.0},{"not_picked":["Crystallizer","Leap+1","Ball Lightning"],"picked":"SKIP","floor":21.0},{"not_picked":["Coolheaded+1","Capacitor","Storm"],"picked":"SKIP","floor":24.0},{"not_picked":["Leap","Steam","Time Bomb"],"picked":"SKIP","floor":29.0},{"not_picked":["Turbo","Aggregate","Ball Lightning"],"picked":"SKIP","floor":30.0},{"not_picked":["Mirror Shield","Hyperbeam"],"picked":"ReplayTheSpireMod:Fabricate Wheel","floor":33.0},{"not_picked":["Go for the Eyes","Doom and Gloom","Rebound"],"picked":"SKIP","floor":35.0},{"not_picked":["Reprogram+1","Turbo","Lockon"],"picked":"SKIP","floor":35.0},{"not_picked":["ReplayTheSpireMod:Trickstab","Deep Breath"],"picked":"Panache","floor":36.0},{"not_picked":["Forethought","Replay:BasicMightCard"],"picked":"Specialist","floor":36.0},{"not_picked":["BasicCrystalCard","Barrage"],"picked":"Beam Cell","floor":38.0},{"not_picked":["Leap","Storm","Glacier"],"picked":"SKIP","floor":38.0},{"not_picked":["Hologram","Redo","Compile Driver"],"picked":"SKIP","floor":40.0},{"not_picked":["ReplayTheSpireMod:GoodbyeWorld","Panic Button","Steam"],"picked":"SKIP","floor":42.0},{"not_picked":["Double Energy","Static Discharge","Undo"],"picked":"SKIP","floor":42.0},{"not_picked":["Coolheaded","Conserve Battery","Rebound"],"picked":"SKIP","floor":45.0},{"not_picked":["Steam","Sweeping Beam+1","Compile Driver+1"],"picked":"SKIP","floor":45.0},{"not_picked":["Genetic Algorithm+1","ReplayTheSpireMod:Repulse+1"],"picked":"BootSequence","floor":47.0},{"not_picked":["Stack+1","Lockon","Streamline"],"picked":"SKIP","floor":47.0}],"player_experience":1004614,"relics_obtained":[{"floor":9.0,"key":"DemoMod:Orange"},{"floor":11.0,"key":"TungstenRod"},{"floor":22.0,"key":"Replay:Bottled Steam"},{"floor":26.0,"key":"DemoMod:OrangeGuonStone"},{"floor":40.0,"key":"Regal Pillow"},{"floor":43.0,"key":"DemoMod:MemoryAlloy"}],"event_choices":[{"cards_removed":["Defend_B"],"damage_healed":0.0,"max_hp_gain":0.0,"max_hp_loss":0.0,"gold_gain":0.0,"event_name":"Living Wall","player_choice":"Forget","floor":2.0,"gold_loss":0.0,"damage_taken":0.0},{"damage_healed":0.0,"max_hp_gain":0.0,"max_hp_loss":0.0,"gold_gain":0.0,"event_name":"Shining Light","player_choice":"Entered Light","floor":3.0,"gold_loss":0.0,"damage_taken":19.0,"cards_upgraded":["Defend_B","Defend_B"]},{"cards_removed":["Strike_B"],"damage_healed":0.0,"max_hp_gain":0.0,"max_hp_loss":0.0,"gold_gain":0.0,"event_name":"Purifier","player_choice":"Purged","floor":7.0,"gold_loss":0.0,"damage_taken":0.0},{"damage_healed":0.0,"max_hp_gain":0.0,"max_hp_loss":0.0,"gold_gain":0.0,"event_name":"The Mausoleum","player_choice":"Ignored","floor":20.0,"gold_loss":0.0,"damage_taken":0.0},{"damage_healed":0.0,"max_hp_gain":0.0,"max_hp_loss":0.0,"gold_gain":0.0,"event_name":"Duplicator","player_choice":"Copied","floor":27.0,"gold_loss":0.0,"damage_taken":0.0,"cards_obtained":["Gash"]},{"cards_removed":["Defend_B"],"damage_healed":0.0,"max_hp_gain":0.0,"max_hp_loss":0.0,"gold_gain":0.0,"event_name":"Back to Basics","player_choice":"Elegance","floor":31.0,"gold_loss":0.0,"damage_taken":0.0},{"damage_healed":0.0,"max_hp_gain":0.0,"max_hp_loss":0.0,"gold_gain":0.0,"event_name":"SensoryStone","player_choice":"Memory 3","floor":36.0,"gold_loss":0.0,"damage_taken":10.0},{"damage_healed":0.0,"max_hp_gain":0.0,"max_hp_loss":0.0,"gold_gain":0.0,"event_name":"SecretPortal","player_choice":"Ignored","floor":44.0,"gold_loss":0.0,"damage_taken":0.0}],"is_beta":false,"boss_relics":[{"not_picked":["Tiny House","Coffee Dripper"],"picked":"DemoMod:WaxWing"},{"not_picked":["Astrolabe","Replay:Bronze Core"],"picked":"Inserter"}],"items_purged_floors":[4,19],"is_endless":false,"potions_floor_spawned":[5,13,14,18,24,30,33,38,40,45,47],"killed_by":"Time Eater","ascension_level":20}}