{"host":"mt3nndg5ku536gxi","time":1608530742,"event":{"mods":["BaseMod","Challenge The Spire","Colored Powertips","Minty Spire (QoL Compilation)","StSLib"],"gold_per_floor":[484,236,567,593,619,619,331,23,50,78,112,112,77,10,38,69,100,135],"floor_reached":19,"playtime":1877,"items_purged":["Strike_R","Strike_R","Strike_R"],"score":748,"play_id":"60d55843-7ea4-490b-9ad4-71eef763b8e5","local_time":"20201221140542","daily_mods":["challengethespire:Gold Difficulty","challengethespire:Elite Rush","Uncertain Future"],"is_ascension_mode":true,"campfire_choices":[],"circlet_count":0,"master_deck":["AscendersBane","Defend_R","Defend_R","Defend_R","Defend_R","Bash","Havoc","Pommel Strike","True Grit","Second Wind","Power Through","Burning Pact+1","Shrug It Off","Purity","Feel No Pain","Impatience","Apotheosis+1","Evolve","Feel No Pain","Offering","Dark Embrace","Rage","Finesse","Body Slam+1"],"relics":["Burning Blood","Black Star","Sling","PreservedInsect","Membership Card","Pocketwatch","Art of War","Old Coin","Champion Belt","Molten Egg 2","Mercury Hourglass","Lizard Tail","Cursed Key","Incense Burner","Oddly Smooth Stone","Bag of Preparation","Ancient Tea Set","Potion Belt","InkBottle","Orichalcum","War Paint","Pear","Empty Cage","Ginger","Strawberry","Self Forming Clay","The Courier","Shuriken","Boot","FossilizedHelix","StoneCalendar"],"acts_visited":["Exordium"],"potions_floor_usage":[],"damage_taken":[{"damage":13.0,"enemies":"3 Sentries","floor":3.0,"turns":12.0},{"damage":15.0,"enemies":"Gremlin Nob","floor":4.0,"turns":3.0},{"damage":8.0,"enemies":"Lagavulin","floor":5.0,"turns":7.0},{"damage":0.0,"enemies":"Book of Stabbing","floor":9.0,"turns":8.0},{"damage":20.0,"enemies":"Gremlin Leader","floor":10.0,"turns":5.0},{"damage":4.0,"enemies":"Slavers","floor":11.0,"turns":9.0},{"damage":6.0,"enemies":"Giant Head","floor":15.0,"turns":7.0},{"damage":6.0,"enemies":"Nemesis","floor":16.0,"turns":3.0},{"damage":6,"enemies":"Nemesis","floor":17,"turns":3},{"damage":6,"enemies":"Shield and Spear","floor":18,"turns":3}],"seed_played":"1627887823785813475","potions_obtained":[{"floor":4.0,"key":"Dexterity Potion"},{"floor":9.0,"key":"Weak Potion"},{"floor":11.0,"key":"FearPotion"},{"floor":17,"key":"Regen Potion"}],"is_trial":true,"path_per_floor":["$","$","E","E","E","T","$","$","E","E","E","T","$","$","E","E","E","E",null],"character_chosen":"IRONCLAD","items_purchased":["Membership Card","Havoc","Pommel Strike","LiquidMemories","Pocketwatch","True Grit","SpeedPotion","Shrug It Off","Incense Burner","Purity","Feel No Pain","Impatience","Apotheosis","Oddly Smooth Stone","Bag of Preparation","Dark Embrace","Rage","Finesse"],"campfire_rested":0,"item_purchase_floors":[1,1,1,1,2,2,2,7,7,7,8,8,8,8,8,13,14,14],"current_hp_per_floor":[68,68,61,52,50,50,50,50,56,42,54,54,54,54,61,61,61,61],"gold":135,"neow_bonus":"","is_daily":false,"chose_seed":false,"campfire_upgraded":0,"win_rate":0.0,"timestamp":1608530742,"path_taken":["$","$","E","E","E","T","$","$","E","E","E","T","$","$","E","E","E","E"],"items_purchased_type":["Relic","Card","Card","Potion","Relic","Card","Potion","Card","Relic","Card","Card","Card","Card","Relic","Relic","Card","Card","Card"],"build_version":"2020-12-13","purchased_purges":3,"victory":true,"max_hp_per_floor":[75,75,75,75,75,75,75,75,75,75,85,85,85,85,92,92,92,92],"card_choices":[],"player_experience":279488,"relics_obtained":[{"floor":3.0,"key":"Art of War"},{"floor":3.0,"key":"Old Coin"},{"floor":4.0,"key":"Champion Belt"},{"floor":4.0,"key":"Molten Egg 2"},{"floor":5.0,"key":"Mercury Hourglass"},{"floor":5.0,"key":"Lizard Tail"},{"floor":9.0,"key":"Ancient Tea Set"},{"floor":9.0,"key":"Potion Belt"},{"floor":10.0,"key":"InkBottle"},{"floor":10.0,"key":"Orichalcum"},{"floor":11.0,"key":"War Paint"},{"floor":11.0,"key":"Pear"},{"floor":15.0,"key":"Ginger"},{"floor":15.0,"key":"Strawberry"},{"floor":16.0,"key":"Self Forming Clay"},{"floor":16.0,"key":"The Courier"},{"floor":17,"key":"Shuriken"},{"floor":17,"key":"Boot"},{"floor":18,"key":"FossilizedHelix"},{"floor":18,"key":"StoneCalendar"}],"event_choices":[],"is_beta":false,"boss_relics":[{"not_picked":["Velvet Choker","SacredBark"],"picked":"Cursed Key"},{"not_picked":["Runic Cube","Fusion Hammer"],"picked":"Empty Cage"}],"items_purged_floors":[1,2,7],"is_endless":false,"potions_floor_spawned":[4,9,11,17],"ascension_level":15}}