{"host":"b4asi0laiv85suj9","time":1608552604,"event":{"mods":["BaseMod","Minty Spire (QoL Compilation)","MostiFishMod","Relic Stats","StSLib","TestMod","noobMod"],"gold_per_floor":[116,126,126,176,193,226,226,251,274,285,300,328,390,220,220,298,298,315,334,334,347,152,180,180,209,209,209,237,256,46,58,58,134,134,154,171,188,198,198,231,250,281,307,307,328,348,381,281,281,288,288,288,52,81,92],"floor_reached":56,"playtime":2417,"items_purged":["Strike_G","Strike_G","Unload+1","Predator"],"score":2590,"play_id":"d856c1eb-1981-4b48-8669-8a1c2194de06","local_time":"20201221201004","is_ascension_mode":true,"campfire_choices":[{"data":"testmod-Collector","floor":7.0,"key":"SMITH"},{"data":"testmod-Mystery","floor":15.0,"key":"SMITH"},{"data":"Body Slam","floor":24.0,"key":"SMITH"},{"data":"Second Wind","floor":27.0,"key":"SMITH"},{"floor":32.0,"key":"RECALL"},{"data":"Acrobatics","floor":44.0,"key":"SMITH"},{"data":"Power Through","floor":49.0,"key":"SMITH"},{"data":"Blade Dance","floor":52.0,"key":"SMITH"}],"circlet_count":0,"master_deck":["AscendersBane","Survivor","Neutralize","Prepared","Sanctity","testmod-Collector+1","Shrug It Off","BowlingBash","Escape Plan","Blade Dance+1","testmod-Mystery+1","Grand Finale","Second Wind+1","Power Through+1","Well Laid Plans","Body Slam+1","testmod-Automaton","testmod-Reverberation+1","MostiFishMod:Neurotoxin+1","MostiFishMod:ThornCasing","Caltrops","Footwork","Doppelganger+1","Calculated Gamble","Acrobatics+1","TalkToTheHand","Burning Pact+1"],"relics":["Ring of the Snake","testmod-TestBox","DaveBox","ice","NeowsBlessing","ImprovedEquipment","testmod-TurbochargingSystem","Question Card","PrismaticShard","Akabeko","Ancient Tea Set","Bag of Preparation","Singing Bowl","Pantograph","ImportantClient","Runic Pyramid","BrkXgEgg","Ninja Scroll","Pen Nib","Eternal Feather","PreservedInsect","testmod-ArcanaOfDestiny","Pandora\u0027s Box","Boot","Oddly Smooth Stone","testmod-Acrobat","Anchor","Snake Skull","Civilization"],"acts_visited":["Exordium","TheCity","TheBeyond","TheEnding"],"potions_floor_usage":[55,55],"damage_taken":[{"damage":0.0,"enemies":"2 Louse","floor":1.0,"turns":1.0},{"damage":0.0,"enemies":"Cultist","floor":2.0,"turns":1.0},{"damage":0.0,"enemies":"Small Slimes","floor":5.0,"turns":1.0},{"damage":8.0,"enemies":"3 Sentries","floor":6.0,"turns":6.0},{"damage":18.0,"enemies":"Lagavulin","floor":8.0,"turns":6.0},{"damage":0.0,"enemies":"Exordium Wildlife","floor":10.0,"turns":2.0},{"damage":0.0,"enemies":"3 Louse","floor":11.0,"turns":2.0},{"damage":0.0,"enemies":"3 Sentries","floor":12.0,"turns":4.0},{"damage":0.0,"enemies":"3 Sentries","floor":13.0,"turns":3.0},{"damage":27.0,"enemies":"The Guardian","floor":16.0,"turns":7.0},{"damage":0.0,"enemies":"Spheric Guardian","floor":18.0,"turns":2.0},{"damage":0.0,"enemies":"3 Byrds","floor":19.0,"turns":2.0},{"damage":0.0,"enemies":"Snake Plant","floor":21.0,"turns":1.0},{"damage":11.0,"enemies":"Book of Stabbing","floor":23.0,"turns":4.0},{"damage":0.0,"enemies":"Gremlin Leader","floor":25.0,"turns":2.0},{"damage":8.0,"enemies":"Book of Stabbing","floor":28.0,"turns":3.0},{"damage":1.0,"enemies":"Snecko","floor":29.0,"turns":4.0},{"damage":0.0,"enemies":"Shelled Parasite and Fungi","floor":31.0,"turns":2.0},{"damage":0.0,"enemies":"Automaton","floor":33.0,"turns":2.0},{"damage":0.0,"enemies":"Orb Walker","floor":35.0,"turns":1.0},{"damage":18.0,"enemies":"3 Darklings","floor":36.0,"turns":4.0},{"damage":23.0,"enemies":"Writhing Mass","floor":37.0,"turns":3.0},{"damage":21.0,"enemies":"Maw","floor":38.0,"turns":4.0},{"damage":8.0,"enemies":"Giant Head","floor":40.0,"turns":3.0},{"damage":0.0,"enemies":"3 Darklings","floor":41.0,"turns":1.0},{"damage":0.0,"enemies":"Reptomancer","floor":42.0,"turns":1.0},{"damage":0.0,"enemies":"Spire Growth","floor":45.0,"turns":1.0},{"damage":4.0,"enemies":"Writhing Mass","floor":46.0,"turns":3.0},{"damage":0.0,"enemies":"Giant Head","floor":47.0,"turns":3.0},{"damage":70.0,"enemies":"Awakened One","floor":50.0,"turns":7.0},{"damage":0.0,"enemies":"Shield and Spear","floor":54.0,"turns":1.0},{"damage":102,"enemies":"The Heart","floor":55,"turns":7}],"seed_played":"-3650456042325957357","potions_obtained":[{"floor":5.0,"key":"testmod-TestPotion"},{"floor":6.0,"key":"SkillPotion"},{"floor":10.0,"key":"Explosive Potion"},{"floor":12.0,"key":"AttackPotion"},{"floor":37.0,"key":"PowerPotion"},{"floor":45.0,"key":"DuplicationPotion"}],"is_trial":false,"path_per_floor":["M","M","?","?","M","E","R","E","T","M","M","E","?","$","R","B",null,"M","M","?","M","$","E","R","E","T","R","E","M","$","M","R","B",null,"M","M","M","M","?","E","M","E","T","R","M","M","E","$","R","B",null,"R","$","E","B",null],"character_chosen":"THE_SILENT","items_purchased":["testmod-Mystery","BrkXgEgg","testmod-ArcanaOfDestiny","Snake Skull"],"campfire_rested":0,"item_purchase_floors":[14,22,30,53],"current_hp_per_floor":[59,59,33,27,27,19,19,1,1,1,66,66,68,68,68,46,76,76,76,76,76,76,65,65,67,67,79,71,72,72,74,89,106,106,108,90,69,50,50,44,46,48,48,63,65,63,63,63,78,33,118,133,133,133,45],"gold":92,"neow_bonus":"THREE_ENEMY_KILL","is_daily":false,"chose_seed":false,"campfire_upgraded":7,"win_rate":0.0,"timestamp":1608552604,"path_taken":["M","M","?","?","M","E","R","E","T","?","M","E","?","?","R","BOSS","M","M","?","M","$","E","R","E","T","R","E","M","$","M","R","BOSS","M","?","?","M","?","E","M","E","T","R","M","M","E","$","R","BOSS","R","$","E","BOSS"],"items_purchased_type":["Card","Relic","Relic","Relic"],"build_version":"2020-12-13","purchased_purges":4,"victory":true,"max_hp_per_floor":[66,66,66,66,66,66,66,66,66,66,66,68,73,73,73,86,86,86,86,86,86,86,92,92,94,94,94,97,101,101,106,106,106,106,108,112,118,123,123,126,128,130,130,130,132,138,139,139,139,146,146,146,146,146,147],"relic_stats":{"Singing Bowl":24,"counters":[32,94],"Eternal Feather":72,"Pen Nib":[12],"PreservedInsect":400,"Snake Skull":[28],"Bag of Preparation":[18],"Question Card":30,"Boot":[13],"Pantograph":60,"Pandora\u0027s Box":["MostiFishMod:Neurotoxin","Predator","Unload","MostiFishMod:ThornCasing","Caltrops","Footwork","Doppelganger","Calculated Gamble"],"obtain_stats":[{"DaveBox":0,"Singing Bowl":12,"Snake Skull":53,"ice":0,"Bag of Preparation":8,"PrismaticShard":1,"Ancient Tea Set":6,"Boot":40,"Civilization":54,"Ninja Scroll":23,"Pantograph":13,"testmod-ArcanaOfDestiny":30,"Ring of the Snake":0,"ImportantClient":16,"Runic Pyramid":17,"testmod-TestBox":0,"NeowsBlessing":0,"ImprovedEquipment":0,"Oddly Smooth Stone":42,"Eternal Feather":26,"BrkXgEgg":22,"Pen Nib":25,"PreservedInsect":28,"testmod-TurbochargingSystem":0,"Question Card":1,"Akabeko":3,"Anchor":47,"testmod-Acrobat":43,"Pandora\u0027s Box":34},{"DaveBox":0,"Singing Bowl":8,"Snake Skull":30,"ice":0,"Bag of Preparation":5,"PrismaticShard":1,"Ancient Tea Set":4,"Boot":24,"Civilization":31,"Ninja Scroll":14,"Pantograph":9,"testmod-ArcanaOfDestiny":17,"Ring of the Snake":0,"ImportantClient":10,"Runic Pyramid":10,"testmod-TestBox":0,"NeowsBlessing":0,"ImprovedEquipment":0,"Oddly Smooth Stone":26,"Eternal Feather":15,"BrkXgEgg":13,"Pen Nib":15,"PreservedInsect":16,"testmod-TurbochargingSystem":0,"Question Card":1,"Akabeko":2,"Anchor":29,"testmod-Acrobat":26,"Pandora\u0027s Box":19},{"DaveBox":0,"Singing Bowl":23,"Snake Skull":86,"ice":0,"Bag of Preparation":15,"PrismaticShard":1,"Ancient Tea Set":9,"Boot":70,"Civilization":87,"Ninja Scroll":42,"Pantograph":26,"testmod-ArcanaOfDestiny":51,"Ring of the Snake":0,"ImportantClient":33,"Runic Pyramid":33,"testmod-TestBox":0,"NeowsBlessing":0,"ImprovedEquipment":0,"Oddly Smooth Stone":72,"Eternal Feather":44,"BrkXgEgg":38,"Pen Nib":44,"PreservedInsect":47,"testmod-TurbochargingSystem":0,"Question Card":1,"Akabeko":2,"Anchor":79,"testmod-Acrobat":72,"Pandora\u0027s Box":55}],"Ring of the Snake":[64]},"card_choices":[{"not_picked":["Distraction","Noxious Fumes"],"picked":"Prepared","floor":1.0},{"not_picked":["Twin Strike","Reinforced Body","Quick Slash"],"picked":"Sanctity","floor":2.0},{"not_picked":["Blur","Gash","Impatience"],"picked":"testmod-Collector","floor":5.0},{"not_picked":["Bouncing Flask","Buffer","Evaluate"],"picked":"Shrug It Off","floor":6.0},{"not_picked":["Shrug It Off","Hologram","PiercingWail"],"picked":"BowlingBash","floor":8.0},{"not_picked":["EmptyBody","MostiFishMod:#F4004","MostiFishMod:PerfectParry"],"picked":"Escape Plan","floor":10.0},{"not_picked":["Headbutt","Evaluate","Dropkick","Rip and Tear"],"picked":"SKIP","floor":11.0},{"not_picked":["Sweeping Beam","Rip and Tear","Poisoned Stab"],"picked":"Blade Dance","floor":12.0},{"not_picked":["Escape Plan","MostiFishMod:GatherIntelligence","Evaluate","Leap"],"picked":"Singing Bowl","floor":13.0},{"not_picked":["MostiFishMod:TalkingToTheRain","testmod-EnhanceArmerment","MostiFishMod:Dust"],"picked":"Grand Finale","floor":16.0},{"not_picked":["MostiFishMod:PreservedThorns","CutThroughFate+1","Heel Hook"],"picked":"Second Wind","floor":18.0},{"not_picked":["Barrage","Turbo+1","Evaluate"],"picked":"Power Through","floor":19.0},{"not_picked":["Storm","Underhanded Strike","Compile Driver+1"],"picked":"Well Laid Plans","floor":21.0},{"not_picked":["Consecrate+1","Corpse Explosion+1","Worship"],"picked":"Body Slam","floor":23.0},{"not_picked":["Trip","Hologram","MostiFishMod:PreservedThorns","CrushJoints"],"picked":"Singing Bowl","floor":25.0},{"not_picked":["LikeWater","Stack","Forethought"],"picked":"testmod-Automaton","floor":28.0},{"not_picked":["Stack","Ball Lightning","Endless Agony","Predator"],"picked":"Singing Bowl","floor":29.0},{"not_picked":["MentalFortress","FlyingSleeves+1","SashWhip","PathToVictory+1"],"picked":"Singing Bowl","floor":31.0},{"not_picked":["testmod-RepeatForm+1","MostiFishMod:LethalBlade+1","Corpse Explosion+1"],"picked":"testmod-Reverberation+1","floor":33.0},{"not_picked":["PanicButton","True Grit","testmod-BackupPower","Cloak And Dagger"],"picked":"Singing Bowl","floor":35.0},{"not_picked":["Gash","EmptyBody+1","Hologram+1"],"picked":"Acrobatics","floor":36.0},{"not_picked":["Heavy Blade","Conserve Battery","Carnage","Dodge and Roll"],"picked":"Singing Bowl","floor":37.0},{"not_picked":["Turbo","Wallop","Twin Strike+1","Coolheaded"],"picked":"Singing Bowl","floor":38.0},{"not_picked":["Infernal Blade+1","Terror","FollowUp","Ball Lightning+1"],"picked":"Singing Bowl","floor":40.0},{"not_picked":["EmptyBody","MostiFishMod:WinterMarkForm+1","Outmaneuver","Streamline+1"],"picked":"Singing Bowl","floor":41.0},{"not_picked":["Inflame","Cleave","Rupture+1","Lockon"],"picked":"Singing Bowl","floor":42.0},{"not_picked":["Go for the Eyes+1","Hologram+1","Barrage","EmptyBody+1"],"picked":"Singing Bowl","floor":45.0},{"not_picked":["Adaptation","Cleave","Body Slam","Dodge and Roll"],"picked":"Singing Bowl","floor":46.0},{"not_picked":["Pommel Strike","Force Field+1","Infinite Blades+1"],"picked":"TalkToTheHand","floor":47.0},{"not_picked":["Armaments","MostiFishMod:FireWorks+1","Halt"],"picked":"Burning Pact+1","floor":54}],"player_experience":223587,"relics_obtained":[{"floor":1.0,"key":"Question Card"},{"floor":1.0,"key":"PrismaticShard"},{"floor":6.0,"key":"Ancient Tea Set"},{"floor":8.0,"key":"Bag of Preparation"},{"floor":12.0,"key":"Singing Bowl"},{"floor":13.0,"key":"Pantograph"},{"floor":16.0,"key":"ImportantClient"},{"floor":23.0,"key":"Ninja Scroll"},{"floor":25.0,"key":"Pen Nib"},{"floor":26.0,"key":"Eternal Feather"},{"floor":28.0,"key":"PreservedInsect"},{"floor":40.0,"key":"Boot"},{"floor":42.0,"key":"Oddly Smooth Stone"},{"floor":43.0,"key":"testmod-Acrobat"},{"floor":47.0,"key":"Anchor"},{"floor":54,"key":"Civilization"}],"event_choices":[{"damage_healed":0.0,"max_hp_gain":0.0,"max_hp_loss":0.0,"gold_gain":0.0,"event_name":"Scrap Ooze","player_choice":"Success","floor":3.0,"gold_loss":0.0,"damage_taken":26.0,"relics_obtained":["Akabeko"]},{"damage_healed":0.0,"max_hp_gain":0.0,"max_hp_loss":0.0,"gold_gain":50.0,"event_name":"FaceTrader","player_choice":"Touch","floor":4.0,"gold_loss":0.0,"damage_taken":6.0},{"damage_healed":0.0,"max_hp_gain":0.0,"max_hp_loss":0.0,"gold_gain":0.0,"event_name":"Dead Adventurer","player_choice":"Searched \u00271\u0027 times","floor":13.0,"gold_loss":0.0,"damage_taken":0.0},{"damage_healed":0.0,"max_hp_gain":0.0,"max_hp_loss":0.0,"gold_gain":0.0,"event_name":"Match and Keep!","player_choice":"0 cards matched","floor":20.0,"gold_loss":0.0,"damage_taken":0.0,"cards_obtained":[]},{"damage_healed":0.0,"max_hp_gain":0.0,"max_hp_loss":0.0,"gold_gain":0.0,"event_name":"Tomb of Lord Red Mask","player_choice":"Ignored","floor":39.0,"gold_loss":0.0,"damage_taken":0.0}],"is_beta":false,"boss_relics":[{"not_picked":["SlaversCollar","RhineCircuit"],"picked":"Runic Pyramid"},{"not_picked":["Runic Dome","RhineFirstAidKit"],"picked":"Pandora\u0027s Box"}],"items_purged_floors":[14,22,48,53],"is_endless":false,"potions_floor_spawned":[5,6,10,12,13,19,21,23,25,37,38,40,41,45],"ascension_level":15}}