{"host":"dbzukadmkvvxpu74","time":1608547745,"event":{"mods":["2.2 Compatiblity","AchievementEnabler","Bartender","BaseMod","Better Altar","Better Match","Colored Powertips","Googly Eyes","Gremlin Mod","Hero for Fun","Highlight Path","Minty Spire (QoL Compilation)","StSLib","The Animator","The Bladedancer","The Wild Card"],"gold_per_floor":[109,155,155,168,178,205,218,548,548,562,575,575,575,592,592,694,694,711,730,747,747,763,763,763,788,788,815,866,894,493,523,523,625,625,625],"floor_reached":34,"playtime":4933,"items_purged":[],"score":499,"play_id":"399867c3-8f88-475b-aaa0-45e12330118b","local_time":"20201221034905","is_ascension_mode":false,"campfire_choices":[{"floor":12,"key":"REST"},{"data":"theWildCard:TheArcanaUnleashed","floor":15,"key":"SMITH"},{"floor":23,"key":"REST"},{"floor":32,"key":"REST"}],"circlet_count":0,"master_deck":["theWildCard:BasicStrike","theWildCard:BasicStrike","theWildCard:BasicStrike","theWildCard:BasicStrike","theWildCard:BasicDefend","theWildCard:BasicDefend","theWildCard:BasicDefend","theWildCard:CallToAdventure","theWildCard:Arsene","theWildCard:Metatron","theWildCard:ArcaneArts","theWildCard:BladeOfGenerations","theWildCard:PaleRider","theWildCard:Scathach","theWildCard:SeveringSlash","theWildCard:UnderLockAndKey","theWildCard:TheArcanaUnleashed+1","theWildCard:FinalHour","theWildCard:StalwartBlade","theWildCard:AllOutAttack","theWildCard:MaskChange+1","theWildCard:Providence","theWildCard:PowerOfTheArcana","theWildCard:TheArcanaUnleashed","theWildCard:Odin+1","theWildCard:MagicMettle","theWildCard:ChangingDestiny"],"relics":["theWildCard:VelvetContract","NeowsBlessing","Toy Ornithopter","Bag of Marbles","Old Coin","Eternal Feather","theWildCard:Wildcard","MutagenicStrength","Question Card","PreservedInsect","Anchor","MawBank","Ice Cream","Centennial Puzzle","theWildCard:FigureOfDeath"],"acts_visited":["Exordium","TheCity","TheBeyond"],"potions_floor_usage":[14,16,16,27,27],"damage_taken":[{"damage":0,"enemies":"Cultist","floor":1,"turns":1},{"damage":0,"enemies":"2 Louse","floor":4,"turns":1},{"damage":0,"enemies":"Small Slimes","floor":5,"turns":1},{"damage":21,"enemies":"3 Sentries","floor":6,"turns":4},{"damage":10,"enemies":"Gremlin Gang","floor":7,"turns":3},{"damage":20,"enemies":"Lagavulin","floor":8,"turns":7},{"damage":0,"enemies":"Looter","floor":10,"turns":2},{"damage":6,"enemies":"Blue Slaver","floor":11,"turns":3},{"damage":0,"enemies":"Large Slime","floor":14,"turns":3},{"damage":53,"enemies":"The Guardian","floor":16,"turns":10},{"damage":0,"enemies":"3 Byrds","floor":18,"turns":2},{"damage":15,"enemies":"Chosen","floor":19,"turns":4},{"damage":30,"enemies":"Centurion and Healer","floor":20,"turns":4},{"damage":0,"enemies":"3 Cultists","floor":22,"turns":2},{"damage":40,"enemies":"Gremlin Leader","floor":25,"turns":5},{"damage":0,"enemies":"Slavers","floor":27,"turns":1},{"damage":13,"enemies":"Snake Plant","floor":29,"turns":2},{"damage":0,"enemies":"Gremlin Leader","floor":31,"turns":4},{"damage":32,"enemies":"Collector","floor":33,"turns":5}],"seed_played":"-2964150075130033294","potions_obtained":[{"floor":5,"key":"PowerPotion"},{"floor":6,"key":"FairyPotion"},{"floor":8,"key":"SteroidPotion"},{"floor":14,"key":"Block Potion"},{"floor":20,"key":"SteroidPotion"},{"floor":25,"key":"Fruit Juice"},{"floor":27,"key":"GamblersBrew"},{"floor":31,"key":"BlessingOfTheForge"}],"is_trial":false,"path_per_floor":["M","T","?","M","M","E","M","E","T","M","M","R","?","M","R","B",null,"M","M","M","?","M","R","?","E","T","E","T","M","$","E","R","B",null],"character_chosen":"THE_WILD_CARD","items_purchased":["FairyPotion","Ice Cream"],"campfire_rested":3,"item_purchase_floors":[30,30],"current_hp_per_floor":[60,60,65,65,65,44,34,14,14,14,8,36,36,41,50,7,65,65,50,20,20,20,51,51,11,11,26,26,14,14,14,50,18,70,70],"gold":625,"neow_bonus":"THREE_ENEMY_KILL","is_daily":false,"chose_seed":false,"campfire_upgraded":1,"win_rate":0.0,"timestamp":1608547745,"path_taken":["M","?","?","M","M","E","M","E","T","M","M","R","?","M","R","BOSS","M","?","M","?","?","R","?","E","T","E","?","M","?","E","R","BOSS"],"items_purchased_type":["Potion","Relic"],"build_version":"2020-12-13","purchased_purges":0,"victory":false,"max_hp_per_floor":[60,60,65,65,65,65,65,65,65,65,65,65,65,65,65,65,65,65,65,65,65,65,65,65,65,65,70,70,70,70,70,70,70,70,70],"card_choices":[{"not_picked":["theWildCard:EnergizedStroke","theWildCard:Proficiency"],"picked":"theWildCard:Metatron","floor":1},{"not_picked":["theWildCard:Abstinence","theWildCard:Michael"],"picked":"theWildCard:ArcaneArts","floor":4},{"not_picked":["theWildCard:StingingStrike","theWildCard:Patience"],"picked":"theWildCard:BladeOfGenerations","floor":5},{"not_picked":["theWildCard:Amaterasu","theWildCard:SacrificialStroke"],"picked":"theWildCard:PaleRider","floor":6},{"not_picked":["theWildCard:Sakuya","theWildCard:ArcaneArts"],"picked":"theWildCard:Scathach","floor":7},{"not_picked":["theWildCard:Patience","theWildCard:Proficiency"],"picked":"theWildCard:SeveringSlash","floor":8},{"not_picked":["theWildCard:Polydeuces","theWildCard:ManOfManyFaces"],"picked":"theWildCard:UnderLockAndKey","floor":10},{"not_picked":["theWildCard:ArcaneArts","theWildCard:StalwartBlade"],"picked":"theWildCard:TheArcanaUnleashed","floor":11},{"not_picked":["theWildCard:Scathach","theWildCard:Polydeuces"],"picked":"theWildCard:StalwartBlade","floor":14},{"not_picked":["theWildCard:FinalHour","theWildCard:Desolation"],"picked":"theWildCard:AllOutAttack","floor":16},{"not_picked":["theWildCard:Safeguard","theWildCard:Attunement"],"picked":"theWildCard:MaskChange+1","floor":18},{"not_picked":["theWildCard:SacrificialStroke","theWildCard:TheGreatSeal+1"],"picked":"theWildCard:Providence","floor":19},{"not_picked":["theWildCard:PaleRider+1","theWildCard:BladeOfGenerations","theWildCard:EnergizedStroke"],"picked":"SKIP","floor":20},{"not_picked":["theWildCard:Metatron","theWildCard:Providence","theWildCard:SeveringSlash"],"picked":"SKIP","floor":22},{"not_picked":["theWildCard:Proficiency+1","theWildCard:MagicalMight"],"picked":"theWildCard:PowerOfTheArcana","floor":25},{"not_picked":["theWildCard:Scathach+1","theWildCard:SacrificialStroke","theWildCard:LadyLuck+1"],"picked":"theWildCard:TheArcanaUnleashed","floor":27},{"not_picked":["theWildCard:StingingStrike","theWildCard:Safeguard","theWildCard:PowerOfTheArcana+1"],"picked":"theWildCard:Odin+1","floor":29},{"not_picked":["theWildCard:Patience","theWildCard:StingingStrike","theWildCard:MagicalMight"],"picked":"theWildCard:MagicMettle","floor":31},{"not_picked":["theWildCard:TheArcanaUnleashed","theWildCard:FinalHour","theWildCard:Deicide"],"picked":"theWildCard:ChangingDestiny","floor":33}],"player_experience":41115,"relics_obtained":[{"floor":2,"key":"Toy Ornithopter"},{"floor":6,"key":"Bag of Marbles"},{"floor":8,"key":"Old Coin"},{"floor":9,"key":"Eternal Feather"},{"floor":25,"key":"Question Card"},{"floor":26,"key":"PreservedInsect"},{"floor":27,"key":"Anchor"},{"floor":28,"key":"MawBank"},{"floor":31,"key":"Centennial Puzzle"}],"event_choices":[{"damage_healed":0,"gold_gain":0,"player_choice":"Donut","damage_taken":0,"max_hp_gain":5,"max_hp_loss":0,"event_name":"Big Fish","floor":3,"gold_loss":0},{"damage_healed":0,"gold_gain":0,"cards_transformed":["theWildCard:BasicDefend"],"player_choice":"Transformed","damage_taken":0,"max_hp_gain":0,"max_hp_loss":0,"event_name":"Transmorgrifier","floor":13,"gold_loss":0,"cards_obtained":["theWildCard:FinalHour"]},{"damage_healed":0,"gold_gain":0,"player_choice":"Ignored","damage_taken":0,"max_hp_gain":0,"max_hp_loss":0,"event_name":"Transmorgrifier","floor":21,"gold_loss":0},{"damage_healed":0,"gold_gain":0,"player_choice":"Inject Mutagens","damage_taken":0,"relics_obtained":["MutagenicStrength"],"max_hp_gain":0,"max_hp_loss":0,"event_name":"Drug Dealer","floor":24,"gold_loss":0}],"is_beta":false,"boss_relics":[{"not_picked":["Silver_Glasses","Busted Crown"],"picked":"theWildCard:Wildcard"},{"not_picked":["Empty Cage","Runic Dome"],"picked":"theWildCard:FigureOfDeath"}],"items_purged_floors":[],"is_endless":false,"potions_floor_spawned":[5,6,8,11,14,20,25,27,31],"ascension_level":0}}