{"host":"s2jwg59yskzk2eda","time":1608582306,"event":{"mods":["Act Like it!","Bard","BaseMod","Beaked The Cultist","Better Match","Better Note","Better Sensory Stone","CCEM","Colored Powertips","Conspire","Downfall","Fiend Mod","Halation","Infinite Spire","Menagerie","Minty Spire (QoL Compilation)","Replay The Spire","Spicy Shops","StSLib","The Construct","The Disciple","The Dragon Tamer","The Druid","The Factory","The Jungle","The Marked","The Runesmith"],"gold_per_floor":[115,115,133,133,33,33,33,43,92,106,106,139,139,139,139,243,243,259,274,26,43,43,76,76,101,101,111,11,23,36,55,55,160,160,180,192,222,222,222,222,22,22,22,122,122,122],"floor_reached":44,"playtime":2386,"items_purged":["DTMod:Strike","DTMod:TargetDefense","DTMod:TargetDefense"],"score":846,"play_id":"589f29ca-7640-43ed-a5b4-929d56f5317e","local_time":"20201221212506","is_ascension_mode":false,"metric_token":1747,"campfire_choices":[{"data":"DTMod:CrossStep","floor":7.0,"key":"SMITH"},{"data":"DTMod:SwitchingTactic","floor":11.0,"key":"SMITH"},{"data":"DTMod:WarmUp","floor":13.0,"key":"SMITH"},{"data":"DTMod:Strike","floor":15.0,"key":"PURGE"},{"data":"DTMod:Training","floor":24.0,"key":"SMITH"},{"data":"DTMod:TriAttack","floor":32,"key":"SMITH"},{"data":"DTMod:Training","floor":40,"key":"SMITH"}],"dtmod_dragon_data":[58,58,1,0,12,1],"circlet_count":0,"master_deck":["DTMod:Strike","DTMod:Strike","DTMod:DoubleHit","DTMod:TargetDefense","DTMod:TargetDefense","DTMod:SwitchingTactic+1","DTMod:BreakAttack","DTMod:CrossStep+1","DTMod:WarmUp+1","DTMod:ComboAttack","DTMod:Shift","DTMod:Cover","DTMod:TagTeam","champ:CheapShot","DTMod:TriAttack+1","DTMod:Shift","DTMod:Training+1","DTMod:Training+1","DTMod:HeatWave","DTMod:HeatWave","DTMod:ComboAttack","DTMod:ComboAttack","DTMod:ComboAttack","DTMod:ComboAttack","DTMod:ComboAttack","DTMod:ComboAttack","DTMod:ComboAttack","DTMod:ComboAttack","DTMod:ComboAttack","DTMod:ComboAttack","DTMod:ComboAttack","DTMod:ComboAttack","DTMod:ComboAttack","DTMod:ComboAttack","DTMod:ComboAttack","DTMod:ComboAttack","DTMod:ComboAttack","DTMod:ComboAttack","DTMod:ComboAttack","DTMod:ComboAttack","DTMod:ComboAttack","DTMod:ComboAttack","DTMod:ComboAttack","DTMod:ComboAttack","DTMod:ComboAttack","DTMod:ComboAttack","DTMod:BalancedStrike+1","DTMod:BalancedStrike+1","DTMod:BalancedStrike+1","DTMod:BalancedStrike+1","DTMod:BalancedStrike+1","DTMod:BalancedStrike+1","DTMod:BalancedStrike+1","DTMod:BalancedStrike+1","DTMod:BalancedStrike+1","DTMod:BalancedStrike+1","DTMod:BalancedStrike+1","DTMod:BalancedStrike+1","DTMod:BalancedStrike+1","DTMod:BalancedStrike+1","DTMod:BalancedStrike+1","DTMod:BalancedStrike+1","DTMod:GearUp","DTMod:GearUp","DTMod:GearUp","DTMod:GearUp","DTMod:GearUp","AscendersBane","AscendersBane","AscendersBane","AscendersBane","AscendersBane","AscendersBane","AscendersBane","AscendersBane","Madness","AscendersBane","Madness","AscendersBane","Madness","conspire:SpireCoStock","conspire:SpireCoStock","conspire:SpireCoStock","conspire:SpireCoStock","conspire:SpireCoStock","conspire:SpireCoStock","conspire:SpireCoStock","conspire:SpireCoStock","conspire:SpireCoStock","conspire:SpireCoStock","conspire:SpireCoStock","conspire:SpireCoStock","conspire:SpireCoStock","conspire:SpireCoStock","conspire:SpireCoStock","conspire:SpireCoStock","conspire:SpireCoStock","conspire:SpireCoStock","conspire:SpireCoStock","conspire:SpireCoStock"],"relics":["DTMod:PactStone","NeowsBlessing","CCEMRelics:FryingPan","halation:EternalFortune","Smiling Mask","Juzu Bracelet","SacredBark","halation:NonexistentMirror","infinitespire:CheckeredPen","ReplayTheSpireMod:Shallot","CCEMRelics:OldTooth","Fiend:Scarf","Lizard Tail","infinitespire:Eraser"],"acts_visited":["Exordium","TheCity","TheBeyond"],"potions_floor_usage":[37],"damage_taken":[{"damage":0.0,"enemies":"Small Slimes","floor":1.0,"turns":1.0},{"damage":0.0,"enemies":"2 Louse","floor":3.0,"turns":1.0},{"damage":0.0,"enemies":"Jaw Worm","floor":8.0,"turns":1.0},{"damage":0.0,"enemies":"Looter","floor":10.0,"turns":4.0},{"damage":0.0,"enemies":"Lagavulin","floor":12.0,"turns":8.0},{"damage":0.0,"enemies":"Slime Boss","floor":16.0,"turns":14.0},{"damage":0.0,"enemies":"Shell Parasite","floor":18.0,"turns":3.0},{"damage":0.0,"enemies":"3 Byrds","floor":19.0,"turns":6.0},{"damage":0.0,"enemies":"conspire:HollyBat","floor":21.0,"turns":7.0},{"damage":0.0,"enemies":"Replay:Snechameleon","floor":23.0,"turns":5.0},{"damage":0.0,"enemies":"conspire:SneckoGhost","floor":25.0,"turns":5.0},{"damage":1,"enemies":"Cultist and Chosen","floor":27,"turns":5},{"damage":8,"enemies":"Snake Plant","floor":29,"turns":4},{"damage":0,"enemies":"Chosen and Byrds","floor":30,"turns":4},{"damage":0,"enemies":"Cultist and Chosen","floor":31,"turns":3},{"damage":10,"enemies":"conspire:MysteriousRune","floor":33,"turns":5},{"damage":0,"enemies":"3 Shapes","floor":35,"turns":1},{"damage":0,"enemies":"3 Darklings","floor":36,"turns":2},{"damage":0,"enemies":"conspire:MimicChest","floor":37,"turns":3},{"damage":76,"enemies":"Nightmare","floor":44,"turns":8}],"seed_played":"-4755163282850833605","potions_obtained":[{"floor":8.0,"key":"Elixir"},{"floor":10.0,"key":"Languid Potion"},{"floor":18.0,"key":"Explosive Potion"},{"floor":21.0,"key":"Block Potion"},{"floor":25.0,"key":"Energy Potion"}],"is_trial":false,"path_per_floor":["M","?","M","?","$","?","R","M","T","M","R","E","R","?","R","B",null,"M","M","$","M","?","E","R","E","T","M","$","M","M","M","R","B",null,"M","M","?","?","?","R","?","$","T","NM"],"character_chosen":"THE_DT","items_purchased":["DTMod:WarmUp","DTMod:ComboAttack","halation:NonexistentMirror","DTMod:Training"],"campfire_rested":0,"item_purchase_floors":[5,5,20,20],"current_hp_per_floor":[45,45,45,38,38,41,41,41,41,41,41,41,41,41,41,41,48,48,48,48,48,48,48,48,48,48,47,47,39,39,39,39,29,48,48,48,48,48,48,48,48,48,48,0,0,0],"gold":122,"neow_bonus":"THREE_ENEMY_KILL","is_daily":false,"chose_seed":false,"campfire_upgraded":6,"win_rate":0.0,"timestamp":1608582306,"path_taken":["M","?","M","?","?","?","R","M","T","?","R","E","R","?","R","BOSS","M","M","?","M","?","E","R","E","T","M","$","M","M","M","R","BOSS","M","M","?","?","?","R","?","$","T","NM"],"items_purchased_type":["Card","Card","Relic","Card"],"build_version":"2020-12-13","purchased_purges":3,"victory":false,"max_hp_per_floor":[45,45,45,45,45,48,48,48,48,48,48,48,48,48,48,48,48,48,48,48,48,48,48,48,48,48,48,48,48,48,48,48,48,48,48,48,48,48,48,48,48,48,48,48,48,48],"card_choices":[{"not_picked":["DTMod:InvisibleFlame","DTMod:Haste"],"picked":"DTMod:BreakAttack","floor":1.0},{"not_picked":["DTMod:Cover","DTMod:MasterPlan"],"picked":"DTMod:CrossStep","floor":3.0},{"not_picked":["DTMod:StarRain","DTMod:Observe"],"picked":"DTMod:Shift","floor":8.0},{"not_picked":["DTMod:BurningForce","DTMod:BreakAttack"],"picked":"DTMod:Cover","floor":10.0},{"not_picked":["DTMod:Feint","DTMod:Conduct"],"picked":"DTMod:TagTeam","floor":12.0},{"not_picked":["DTMod:Multitask","DTMod:Outburst"],"picked":"DTMod:TriAttack","floor":16.0},{"not_picked":["DTMod:Weaken","DTMod:MagicField"],"picked":"DTMod:Shift","floor":18.0},{"not_picked":["DTMod:Hide+1","DTMod:Feint","DTMod:BlueScale"],"picked":"SKIP","floor":19.0},{"not_picked":["DTMod:BlazingStrike","DTMod:DeepFocus","DTMod:DarkBreath"],"picked":"SKIP","floor":21.0},{"not_picked":["DTMod:Shift","DTMod:Weaken","DTMod:MagicField+1"],"picked":"SKIP","floor":23.0},{"not_picked":["DTMod:Coolant+1","DTMod:BurningEnergy+1"],"picked":"DTMod:HeatWave","floor":25.0},{"not_picked":["DTMod:Punisher","DTMod:ComboAttack","DTMod:QuickFly"],"picked":"SKIP","floor":27},{"not_picked":["DTMod:WarmUp+1","DTMod:Observe+1","DTMod:HeatWave+1"],"picked":"SKIP","floor":29},{"not_picked":["DTMod:DragonDance","DTMod:QuickFly+1"],"picked":"DTMod:ComboAttack","floor":30},{"not_picked":["DTMod:BreakAttack","DTMod:ForkedFire"],"picked":"DTMod:BalancedStrike+1","floor":31},{"not_picked":["DTMod:EchoTactic","DTMod:RepeatStrike"],"picked":"DTMod:GearUp","floor":33},{"not_picked":["DTMod:WarmUp","DTMod:ComboAttack+1","DTMod:Weaken"],"picked":"SKIP","floor":35},{"not_picked":["DTMod:ComboAttack","DTMod:BizarreTactic","DTMod:Hide+1"],"picked":"SKIP","floor":36}],"player_experience":1131172,"relics_obtained":[{"floor":9.0,"key":"Smiling Mask"},{"floor":12.0,"key":"Juzu Bracelet"},{"floor":23.0,"key":"infinitespire:CheckeredPen"},{"floor":25.0,"key":"ReplayTheSpireMod:Shallot"},{"floor":26,"key":"CCEMRelics:OldTooth"},{"floor":37,"key":"Lizard Tail"},{"floor":43,"key":"infinitespire:Eraser"}],"event_choices":[{"damage_healed":0.0,"max_hp_gain":0.0,"max_hp_loss":0.0,"gold_gain":0.0,"event_name":"Big Fish","player_choice":"Box","floor":2.0,"gold_loss":0.0,"damage_taken":0.0,"relics_obtained":["CCEMRelics:FryingPan"],"cards_obtained":["Regret"]},{"cards_removed":["Regret"],"damage_healed":0.0,"max_hp_gain":0.0,"max_hp_loss":0.0,"gold_gain":0.0,"event_name":"Golden Wing","player_choice":"Card Removal","floor":4.0,"gold_loss":0.0,"damage_taken":7.0},{"cards_removed":["DTMod:ComboAttack"],"damage_healed":0.0,"max_hp_gain":0.0,"max_hp_loss":0.0,"gold_gain":0.0,"event_name":"betterNote:BetterNote","player_choice":"Take \u0026 Give","floor":14.0,"gold_loss":0.0,"damage_taken":0.0,"cards_obtained":["champ:CheapShot"]},{"damage_healed":0,"gold_gain":3,"player_choice":"3","damage_taken":0,"max_hp_gain":0,"max_hp_loss":0,"event_name":"betterStone:BetterStone","floor":38,"gold_loss":0,"cards_obtained":["Madness"]},{"damage_healed":0,"gold_gain":0,"player_choice":"Bought 0 Potions","damage_taken":0,"max_hp_gain":0,"max_hp_loss":0,"event_name":"The Woman in Blue","floor":39,"gold_loss":0},{"damage_healed":0,"gold_gain":0,"player_choice":"Invest 4","damage_taken":0,"max_hp_gain":0,"max_hp_loss":0,"event_name":"conspire:Investor","floor":41,"gold_loss":0}],"is_beta":false,"boss_relics":[{"not_picked":["beaked:MawFillet","SlaversCollar"],"picked":"SacredBark"},{"not_picked":["Replay:Bronze Core","Replay:Wanted Poster"],"picked":"Fiend:Scarf"}],"items_purged_floors":[20,28,28],"is_endless":false,"potions_floor_spawned":[8,10,18,21,25,33],"killed_by":"Nightmare","ascension_level":0}}