{"host":"xhamcave7q47vrco","time":1608538734,"event":{"mods":["BaseMod","Minty Spire (QoL Compilation)","Permanent Neow","Quick Restart","StSLib","TestMod"],"gold_per_floor":[19,39,39,39,139,139,159,159,229,229,243,260,271,305,305,404,404,419,329,329,22,40,40,73,73,73,73,103,123,125,125],"floor_reached":30,"playtime":1074,"items_purged":["Defend_R"],"score":281,"play_id":"42417d36-df60-4652-9fd3-bcc7848f920b","local_time":"20201221161854","is_ascension_mode":true,"campfire_choices":[{"data":"Armaments","floor":6.0,"key":"SMITH"},{"data":"Armaments","floor":10.0,"key":"SMITH"},{"floor":15.0,"key":"RECALL"},{"data":"J.A.X.","floor":23.0,"key":"SMITH"},{"floor":25.0,"key":"REST"}],"circlet_count":0,"master_deck":["Strike_R+1","Strike_R+1","Defend_R+1","Defend_R","Bash","Armaments+1","Flex","Armaments+1","Whirlwind","J.A.X.+1","testmod-LimitFlipper","testmod-LimitFlipper"],"relics":["Burning Blood","testmod-BalancedPeriapt","Juzu Bracelet","Vajra","testmod-AssaultLearning","Sozu","DollysMirror","testmod-Acrobat","Shuriken","Whetstone"],"acts_visited":["Exordium","TheCity"],"potions_floor_usage":[],"damage_taken":[{"damage":5.0,"enemies":"Small Slimes","floor":1.0,"turns":4.0},{"damage":8.0,"enemies":"2 Louse","floor":2.0,"turns":2.0},{"damage":0.0,"enemies":"Cultist","floor":7.0,"turns":3.0},{"damage":0.0,"enemies":"Exordium Wildlife","floor":11.0,"turns":3.0},{"damage":3.0,"enemies":"Red Slaver","floor":12.0,"turns":3.0},{"damage":10.0,"enemies":"Looter","floor":13.0,"turns":3.0},{"damage":20.0,"enemies":"Gremlin Nob","floor":14.0,"turns":4.0},{"damage":46.0,"enemies":"Slime Boss","floor":16.0,"turns":7.0},{"damage":0.0,"enemies":"3 Byrds","floor":18.0,"turns":3.0},{"damage":12.0,"enemies":"Shell Parasite","floor":22.0,"turns":3.0},{"damage":43.0,"enemies":"Book of Stabbing","floor":24.0,"turns":5.0},{"damage":60.0,"enemies":"Slavers","floor":28.0,"turns":5.0},{"damage":0.0,"enemies":"3 Cultists","floor":29.0,"turns":3.0},{"damage":16,"enemies":"Gremlin Leader","floor":30,"turns":1}],"seed_played":"-8050869254371525410","potions_obtained":[{"floor":2.0,"key":"Ancient Potion"},{"floor":11.0,"key":"BloodPotion"},{"floor":16.0,"key":"Block Potion"}],"is_trial":false,"path_per_floor":["M","M","?","?","?","R","M","?","T","R","M","M","M","E","R","B",null,"M","?","?","$","M","R","E","R","T","?","E","M","E"],"character_chosen":"IRONCLAD","items_purchased":["testmod-LimitFlipper","DollysMirror"],"campfire_rested":1,"item_purchase_floors":[21,21],"current_hp_per_floor":[80,78,78,71,71,71,77,59,59,59,65,68,64,66,66,26,80,80,80,80,80,74,74,37,61,61,61,7,13,0,0],"gold":125,"neow_bonus":"REMOVE_TWO","is_daily":false,"chose_seed":false,"campfire_upgraded":3,"win_rate":0.0,"timestamp":1608538734,"path_taken":["M","M","?","?","?","R","M","?","T","R","M","M","M","E","R","BOSS","M","?","?","$","M","R","E","R","T","?","E","M","E"],"items_purchased_type":["Card","Relic"],"build_version":"2020-12-13","purchased_purges":1,"victory":false,"max_hp_per_floor":[80,80,80,80,80,80,80,80,80,80,80,80,80,80,80,80,80,80,80,80,80,80,80,80,80,80,80,80,80,80,80],"card_choices":[{"not_picked":["Thunderclap","Sword Boomerang"],"picked":"Armaments","floor":1.0},{"not_picked":["Warcry","Evolve"],"picked":"Flex","floor":2.0},{"not_picked":["Wild Strike","Dual Wield"],"picked":"Armaments","floor":7.0},{"not_picked":["True Grit","Searing Blow","Rage"],"picked":"SKIP","floor":11.0},{"not_picked":["Clothesline","Wild Strike","Body Slam"],"picked":"SKIP","floor":12.0},{"not_picked":["Perfected Strike","Headbutt","Iron Wave"],"picked":"SKIP","floor":13.0},{"not_picked":["Combust","Second Wind"],"picked":"Whirlwind","floor":14.0},{"not_picked":["Armaments","Pommel Strike","Body Slam+1"],"picked":"SKIP","floor":18.0},{"not_picked":["Infernal Blade","Twin Strike","Cleave"],"picked":"SKIP","floor":22.0},{"not_picked":["Sword Boomerang","Fire Breathing","Rupture"],"picked":"SKIP","floor":24.0},{"not_picked":["Clash","Armaments","Barricade"],"picked":"SKIP","floor":28.0},{"not_picked":["Warcry","Hemokinesis","Power Through"],"picked":"SKIP","floor":29}],"player_experience":33910,"relics_obtained":[{"floor":14.0,"key":"testmod-AssaultLearning"},{"floor":24.0,"key":"testmod-Acrobat"},{"floor":26.0,"key":"Shuriken"},{"floor":28.0,"key":"Whetstone"}],"event_choices":[{"damage_healed":0.0,"max_hp_gain":0.0,"max_hp_loss":0.0,"gold_gain":0.0,"event_name":"给自己的盒子","player_choice":"Swap Relic","floor":3.0,"relics_lost":["testmod-TestBox"],"gold_loss":0.0,"damage_taken":0.0,"relics_obtained":["Juzu Bracelet"]},{"cards_removed":["Strike_R"],"damage_healed":0.0,"max_hp_gain":0.0,"max_hp_loss":0.0,"gold_gain":0.0,"event_name":"Golden Wing","player_choice":"Card Removal","floor":4.0,"gold_loss":0.0,"damage_taken":7.0},{"damage_healed":0.0,"max_hp_gain":0.0,"max_hp_loss":0.0,"gold_gain":100.0,"event_name":"Golden Shrine","player_choice":"Pray","floor":5.0,"gold_loss":0.0,"damage_taken":0.0},{"damage_healed":0.0,"max_hp_gain":0.0,"max_hp_loss":0.0,"gold_gain":0.0,"event_name":"Scrap Ooze","player_choice":"Success","floor":8.0,"gold_loss":0.0,"damage_taken":18.0,"relics_obtained":["Vajra"]},{"cards_removed":["Strike_R"],"damage_healed":0.0,"max_hp_gain":0.0,"max_hp_loss":0.0,"gold_gain":0.0,"event_name":"Designer","player_choice":"Upgrade and Remove","floor":19.0,"gold_loss":90.0,"damage_taken":0.0,"cards_upgraded":["Defend_R"]},{"damage_healed":0.0,"max_hp_gain":0.0,"max_hp_loss":0.0,"gold_gain":0.0,"event_name":"Drug Dealer","player_choice":"Obtain J.A.X.","floor":20.0,"gold_loss":0.0,"damage_taken":0.0,"cards_obtained":["J.A.X."]},{"damage_healed":0.0,"max_hp_gain":0.0,"max_hp_loss":0.0,"gold_gain":0.0,"event_name":"The Woman in Blue","player_choice":"Bought 0 Potions","floor":27.0,"gold_loss":0.0,"damage_taken":0.0}],"is_beta":false,"boss_relics":[{"not_picked":["testmod-KeyOfTheVoid","testmod-PortableAltar"],"picked":"Sozu"}],"items_purged_floors":[21],"is_endless":false,"potions_floor_spawned":[2,11,16,24,28,29],"killed_by":"Gremlin Leader","ascension_level":1}}