{"host":"a4s27ghlnr83kbqz","time":1608533707,"event":{"mods":["AchievementEnabler","BaseMod","Colored Map","Minty Spire (QoL Compilation)","Permanent Neow","SuperFastMode"],"gold_per_floor":[111,122,122,134,59,59,59,78,78,96,112,127,140,156,156,156,156],"floor_reached":16,"playtime":260,"items_purged":["Strike_B"],"score":162,"play_id":"a0009cf9-50a5-4480-8a48-07678d2e025e","local_time":"20201221145507","is_ascension_mode":true,"campfire_choices":[{"data":"Streamline","floor":6.0,"key":"SMITH"},{"data":"Fusion","floor":15,"key":"SMITH"}],"circlet_count":0,"master_deck":["AscendersBane","Strike_B","Strike_B","Defend_B","Defend_B","Defend_B","Defend_B","Zap","Dualcast","Cold Snap","Streamline+1","Hologram","Ball Lightning","Sweeping Beam","Core Surge","Beam Cell","Glacier","Fusion+1","Defragment"],"relics":["Cracked Core","CultistMask","Question Card"],"acts_visited":["Exordium"],"potions_floor_usage":[11],"damage_taken":[{"damage":2.0,"enemies":"2 Louse","floor":1.0,"turns":3.0},{"damage":1.0,"enemies":"Cultist","floor":2.0,"turns":3.0},{"damage":2.0,"enemies":"Jaw Worm","floor":4.0,"turns":3.0},{"damage":2,"enemies":"2 Fungi Beasts","floor":8,"turns":3},{"damage":4,"enemies":"Exordium Thugs","floor":10,"turns":4},{"damage":0,"enemies":"Gremlin Gang","floor":11,"turns":1},{"damage":6,"enemies":"Blue Slaver","floor":12,"turns":2},{"damage":8,"enemies":"Exordium Wildlife","floor":13,"turns":2},{"damage":9,"enemies":"Red Slaver","floor":14,"turns":2},{"damage":36,"enemies":"Slime Boss","floor":16,"turns":5}],"seed_played":"4512391697315301555","potions_obtained":[{"floor":4.0,"key":"Energy Potion"},{"floor":10,"key":"AttackPotion"},{"floor":11,"key":"Block Potion"}],"is_trial":false,"path_per_floor":["M","M","?","M","$","R","$","M","T","M","M","M","M","M","R","B"],"character_chosen":"DEFECT","items_purchased":[],"campfire_rested":0,"item_purchase_floors":[],"current_hp_per_floor":[66,65,65,63,63,63,63,61,61,57,57,51,43,34,34,0,0],"gold":156,"neow_bonus":"TRANSFORM_CARD","is_daily":false,"chose_seed":false,"campfire_upgraded":2,"win_rate":0.0,"timestamp":1608533707,"path_taken":["M","M","?","M","?","R","$","M","T","?","M","M","M","M","R","BOSS"],"items_purchased_type":[],"build_version":"2020-12-13","purchased_purges":1,"victory":false,"max_hp_per_floor":[75,75,75,75,75,75,75,75,75,75,75,75,75,75,75,75,75],"card_choices":[{"not_picked":["Rebound","Go for the Eyes"],"picked":"Streamline","floor":1.0},{"not_picked":["Consume","Cold Snap"],"picked":"Hologram","floor":2.0},{"not_picked":["Turbo","Streamline"],"picked":"Ball Lightning","floor":4.0},{"not_picked":["Redo","Aggregate"],"picked":"Sweeping Beam","floor":8},{"not_picked":["Redo","Steam Power","Coolheaded"],"picked":"Core Surge","floor":10},{"not_picked":["Steam","Tempest","Cold Snap"],"picked":"Beam Cell","floor":11},{"not_picked":["Barrage","Tempest","Cold Snap"],"picked":"Glacier","floor":12},{"not_picked":["Reinforced Body","Lockon","Multi-Cast"],"picked":"Fusion","floor":13},{"not_picked":["Stack","Streamline","Double Energy"],"picked":"Defragment","floor":14}],"player_experience":1040905,"relics_obtained":[{"floor":9,"key":"Question Card"}],"event_choices":[{"damage_healed":0.0,"max_hp_gain":0.0,"max_hp_loss":0.0,"gold_gain":0.0,"event_name":"FaceTrader","player_choice":"Trade","floor":3.0,"gold_loss":0.0,"damage_taken":0.0,"relics_obtained":["CultistMask"]}],"is_beta":false,"boss_relics":[],"items_purged_floors":[5],"is_endless":false,"potions_floor_spawned":[4,10,11,12,13,14],"killed_by":"Slime Boss","ascension_level":13}}