{"host":"12piqfhmdln9x2la","time":1608565865,"event":{"mods":["2.2 Compatiblity","AchievementEnabler","BaseMod","BetterRewards","Colored Powertips","Minty Spire (QoL Compilation)","Quick Restart","SuperFastMode"],"gold_per_floor":[114,114,131,51,51,84,84,84,156,166,183,183,217,234,234,234,234],"floor_reached":16,"playtime":296,"items_purged":[],"score":135,"play_id":"07818e3a-3f6d-446c-bda8-690949cd435a","local_time":"20201222005105","is_ascension_mode":false,"campfire_choices":[{"data":"Cold Snap","floor":8,"key":"SMITH"},{"data":"Blizzard","floor":12,"key":"SMITH"},{"data":"Chill","floor":15,"key":"SMITH"}],"circlet_count":0,"master_deck":["Strike_B","Strike_B","Strike_B","Defend_B","Defend_B","Defend_B","Zap","Dualcast","Blizzard+1","Cold Snap+1","Chill+1","Defragment","Conserve Battery","Aggregate","Self Repair"],"relics":["Cracked Core","NeowsBlessing","Kunai","Darkstone Periapt","Bottled Flame","Centennial Puzzle"],"acts_visited":["Exordium"],"potions_floor_usage":[16,16],"damage_taken":[{"damage":0,"enemies":"2 Louse","floor":1,"turns":1},{"damage":0,"enemies":"Cultist","floor":3,"turns":1},{"damage":0,"enemies":"Gremlin Nob","floor":6,"turns":1},{"damage":4,"enemies":"Small Slimes","floor":10,"turns":4},{"damage":7,"enemies":"3 Louse","floor":11,"turns":3},{"damage":5,"enemies":"3 Sentries","floor":13,"turns":8},{"damage":0,"enemies":"Lots of Slimes","floor":14,"turns":1},{"damage":27,"enemies":"The Guardian","floor":16,"turns":7}],"seed_played":"-1512696249332133771","potions_obtained":[{"floor":1,"key":"Strength Potion"},{"floor":6,"key":"Block Potion"},{"floor":13,"key":"ColorlessPotion"},{"floor":14,"key":"ColorlessPotion"}],"is_trial":false,"path_per_floor":["M","?","M","$","?","E","?","R","T","M","M","R","E","M","R","B"],"character_chosen":"DEFECT","items_purchased":["Chill"],"campfire_rested":0,"item_purchase_floors":[4],"current_hp_per_floor":[75,75,75,75,75,75,75,75,75,71,64,64,59,59,59,32,32],"gold":234,"neow_bonus":"THREE_ENEMY_KILL","is_daily":false,"chose_seed":false,"campfire_upgraded":3,"win_rate":0.0,"timestamp":1608565865,"path_taken":["M","?","?","$","?","E","?","R","T","?","M","R","E","M","R","BOSS"],"items_purchased_type":["Card"],"build_version":"2020-12-13","purchased_purges":0,"victory":false,"max_hp_per_floor":[75,75,75,75,75,75,75,75,75,75,75,75,75,75,75,75,75],"card_choices":[{"not_picked":["Gash","Turbo"],"picked":"Blizzard","floor":1},{"not_picked":["Self Repair","Aggregate"],"picked":"Cold Snap","floor":3},{"not_picked":["Rebound","Blizzard"],"picked":"Consume","floor":6},{"not_picked":["Go for the Eyes","Self Repair"],"picked":"Defragment","floor":10},{"not_picked":["Darkness","Tempest"],"picked":"Conserve Battery","floor":11},{"not_picked":["Beam Cell","Chill"],"picked":"Aggregate","floor":13},{"not_picked":["Leap","Barrage"],"picked":"Self Repair","floor":14}],"player_experience":107070,"relics_obtained":[{"floor":6,"key":"Kunai"},{"floor":9,"key":"Bottled Flame"},{"floor":13,"key":"Centennial Puzzle"}],"event_choices":[{"cards_removed":["Strike_B"],"damage_healed":0,"gold_gain":0,"player_choice":"Purged","damage_taken":0,"max_hp_gain":0,"max_hp_loss":0,"event_name":"Purifier","floor":2,"gold_loss":0},{"cards_removed":["Defend_B"],"damage_healed":0,"gold_gain":0,"player_choice":"Forget","damage_taken":0,"max_hp_gain":0,"max_hp_loss":0,"event_name":"Living Wall","floor":5,"gold_loss":0},{"cards_removed":["Consume"],"damage_healed":0,"gold_gain":0,"player_choice":"Gave Card","damage_taken":0,"relics_obtained":["Darkstone Periapt"],"max_hp_gain":0,"max_hp_loss":0,"event_name":"WeMeetAgain","floor":7,"gold_loss":0}],"is_beta":false,"boss_relics":[],"items_purged_floors":[],"is_endless":false,"potions_floor_spawned":[1,6,13,14],"killed_by":"The Guardian","ascension_level":0}}