{"host":"27cnk69rbdk9vsnt","time":1608567954,"event":{"mods":["BaseMod","Beaked The Cultist","Duelist Mod","Ekko","Energized Spire","Glutton Mod","JesterMod","Jorbs\u0027s Wanderer Trilogy","Mimic Mod","Minty Spire (QoL Compilation)","Shop Mod","StSLib","The Elementalist","Thieving Mod"],"gold_per_floor":[118,118,193,211,227,227,259,184,184,184,200,231,231,266,266,281,281],"floor_reached":16,"playtime":666,"items_purged":["Glutton:Strike"],"score":150,"play_id":"b5ad7f01-cf17-401a-9453-523d1a899aa3","local_time":"20201221172554","is_ascension_mode":false,"campfire_choices":[{"data":"Glutton:Feed","floor":6,"key":"SMITH"},{"data":"1","floor":10,"key":"LIFT"},{"data":"2","floor":13,"key":"LIFT"},{"data":"3","floor":15,"key":"LIFT"}],"circlet_count":0,"master_deck":["Glutton:Strike","Glutton:Strike","Glutton:Strike","Glutton:Strike","Glutton:Defend","Glutton:Defend","Glutton:Defend","Glutton:Flail","Glutton:Borborygmi","Glutton:Feed+1","Glutton:FragileMight","Glutton:Mug","Glutton:Masochism","Glutton:Treat","Glutton:Inversion"],"relics":["Glutton:EternalHunger","Girya","Meat on the Bone","Odd Mushroom"],"acts_visited":["Exordium"],"potions_floor_usage":[16,16,16],"damage_taken":[{"damage":16,"enemies":"Small Slimes","floor":1,"turns":3},{"damage":7,"enemies":"Jaw Worm","floor":4,"turns":5},{"damage":6,"enemies":"2 Louse","floor":5,"turns":2},{"damage":64,"enemies":"Lagavulin","floor":7,"turns":8},{"damage":4,"enemies":"2 Fungi Beasts","floor":11,"turns":4},{"damage":15,"enemies":"Red Slaver","floor":12,"turns":5},{"damage":25,"enemies":"The Mushroom Lair","floor":14,"turns":4},{"damage":40,"enemies":"Hexaghost","floor":16,"turns":9}],"seed_played":"-6767197963789631482","potions_obtained":[{"floor":4,"key":"DuplicationPotion"},{"floor":7,"key":"GamblersBrew"},{"floor":11,"key":"PowerPotion"},{"floor":12,"key":"EntropicBrew"}],"is_trial":false,"path_per_floor":["M","?","?","M","M","R","E","$","T","R","M","M","R","?","R","B"],"character_chosen":"GLUTTON","items_purchased":[],"campfire_rested":0,"item_purchase_floors":[],"current_hp_per_floor":[116,116,105,98,95,95,35,35,35,35,47,48,48,39,39,0,0],"gold":281,"neow_bonus":"TEN_PERCENT_HP_BONUS","is_daily":false,"chose_seed":false,"campfire_upgraded":1,"win_rate":0.0,"timestamp":1608567954,"path_taken":["M","?","?","M","M","R","E","?","T","R","M","?","R","?","R","BOSS"],"items_purchased_type":[],"build_version":"2020-12-13","purchased_purges":1,"victory":false,"max_hp_per_floor":[132,132,132,132,135,135,139,139,139,139,143,147,147,151,151,151,151],"card_choices":[{"not_picked":["Glutton:Brace","Glutton:Tantrum"],"picked":"Glutton:Borborygmi","floor":1},{"not_picked":["Glutton:Thrombosis","Glutton:SelfFlagellate"],"picked":"Glutton:Feed","floor":4},{"not_picked":["Glutton:Clot","Glutton:Migraine"],"picked":"Glutton:FragileMight","floor":5},{"not_picked":["Glutton:Voracity","Glutton:Yearn"],"picked":"Glutton:Mug","floor":7},{"not_picked":["Glutton:Salivate","Glutton:LashOut"],"picked":"Glutton:Masochism","floor":11},{"not_picked":["Glutton:Regurgitate","Glutton:Scab"],"picked":"Glutton:Treat","floor":12},{"not_picked":["Glutton:Toxicity","Glutton:Yearn"],"picked":"Glutton:Inversion","floor":14}],"player_experience":482470,"relics_obtained":[{"floor":7,"key":"Girya"},{"floor":9,"key":"Meat on the Bone"},{"floor":14,"key":"Odd Mushroom"}],"event_choices":[{"cards_removed":["Glutton:Strike"],"damage_healed":0,"gold_gain":0,"player_choice":"Forget","damage_taken":0,"max_hp_gain":0,"max_hp_loss":0,"event_name":"Living Wall","floor":2,"gold_loss":0},{"damage_healed":0,"gold_gain":75,"player_choice":"Gather Gold","damage_taken":11,"max_hp_gain":0,"max_hp_loss":0,"event_name":"World of Goop","floor":3,"gold_loss":0},{"damage_healed":0,"gold_gain":0,"player_choice":"Fought Mushrooms","damage_taken":0,"max_hp_gain":0,"max_hp_loss":0,"event_name":"Mushrooms","floor":14,"gold_loss":0}],"is_beta":false,"boss_relics":[],"items_purged_floors":[8],"is_endless":false,"potions_floor_spawned":[4,7,11,12],"killed_by":"Hexaghost","ascension_level":0}}