{"host":"bpszg8uald72z2zd","time":1608555388,"event":{"mods":["AchievementEnabler","BaseMod","Colored Map","DeckTracker","Keyboard Shortcuts","Minty Spire (QoL Compilation)","Relic Stats","SuperFastMode"],"gold_per_floor":[119,119,1,1,1,35,48,48,97,97,97,97,122,159,159,247,247,247,247],"floor_reached":18,"playtime":301,"items_purged":["Defend_R"],"score":363,"play_id":"9c1a9cfa-9417-425a-a7ce-ae66b4abe71e","local_time":"20201221215628","is_ascension_mode":true,"campfire_choices":[{"data":"Fire Breathing","floor":8,"key":"SMITH"},{"data":"Feel No Pain","floor":12,"key":"SMITH"},{"floor":15,"key":"REST"}],"circlet_count":0,"master_deck":["AscendersBane","Strike_R","Strike_R","Strike_R","Defend_R","Defend_R","Defend_R","Bash","Fire Breathing+1","Feel No Pain+1","Wild Strike","Disarm","Pommel Strike","Shockwave","Barricade"],"relics":["Burning Blood","NeowsBlessing","Pen Nib","Potion Belt","CeramicFish","Molten Egg 2","SacredBark"],"acts_visited":["Exordium","TheCity"],"potions_floor_usage":[14],"damage_taken":[{"damage":0,"enemies":"Jaw Worm","floor":1,"turns":1},{"damage":0,"enemies":"Gremlin Nob","floor":6,"turns":1},{"damage":0,"enemies":"Cultist","floor":7,"turns":1},{"damage":23,"enemies":"Small Slimes","floor":13,"turns":4},{"damage":11,"enemies":"3 Sentries","floor":14,"turns":4},{"damage":24,"enemies":"The Guardian","floor":16,"turns":12},{"damage":76,"enemies":"Spheric Guardian","floor":18,"turns":7}],"seed_played":"-1608606154504884165","potions_obtained":[{"floor":6,"key":"Swift Potion"}],"is_trial":false,"path_per_floor":["M","?","$","?","$","E","M","R","T","?","?","R","M","E","R","B",null,"M"],"character_chosen":"IRONCLAD","items_purchased":["Feel No Pain"],"campfire_rested":1,"item_purchase_floors":[3],"current_hp_per_floor":[74,74,74,67,67,73,75,75,75,40,45,45,28,23,47,29,67,0,0],"gold":247,"neow_bonus":"THREE_ENEMY_KILL","is_daily":false,"chose_seed":false,"campfire_upgraded":2,"win_rate":0.0,"timestamp":1608555388,"path_taken":["M","?","?","?","$","E","M","R","T","?","?","R","?","E","R","BOSS","M"],"items_purchased_type":["Card"],"build_version":"2020-12-13","purchased_purges":1,"victory":false,"max_hp_per_floor":[75,75,75,75,75,75,75,75,75,75,80,80,80,80,80,80,80,80,80],"relic_stats":{"counters":[7,30],"CeramicFish":27,"Pen Nib":[2],"obtain_stats":[{"Potion Belt":9,"NeowsBlessing":0,"CeramicFish":10,"SacredBark":17,"Molten Egg 2":14,"Pen Nib":6,"Burning Blood":0},{"Potion Belt":3,"NeowsBlessing":0,"CeramicFish":3,"SacredBark":6,"Molten Egg 2":5,"Pen Nib":2,"Burning Blood":0},{"Potion Belt":3,"NeowsBlessing":0,"CeramicFish":3,"SacredBark":23,"Molten Egg 2":11,"Pen Nib":2,"Burning Blood":0}],"Burning Blood":32},"card_choices":[{"not_picked":["Wild Strike","Clothesline"],"picked":"Fire Breathing","floor":1},{"not_picked":["Shrug It Off","Hemokinesis"],"picked":"Wild Strike","floor":6},{"not_picked":["Twin Strike","Armaments"],"picked":"Disarm","floor":7},{"not_picked":["Rage","Flex"],"picked":"Pommel Strike","floor":13},{"not_picked":["Rupture","Entrench"],"picked":"Shockwave","floor":14},{"not_picked":["Brutality","Feed+1"],"picked":"Barricade","floor":16}],"player_experience":438819,"relics_obtained":[{"floor":6,"key":"Pen Nib"},{"floor":9,"key":"Potion Belt"},{"floor":14,"key":"Molten Egg 2"}],"event_choices":[{"cards_removed":["Strike_R"],"damage_healed":0,"gold_gain":0,"player_choice":"Offered Basic","damage_taken":0,"max_hp_gain":0,"max_hp_loss":0,"event_name":"Bonfire Elementals","floor":2,"gold_loss":0},{"cards_removed":["Strike_R"],"damage_healed":0,"gold_gain":0,"player_choice":"Card Removal","damage_taken":7,"max_hp_gain":0,"max_hp_loss":0,"event_name":"Golden Wing","floor":4,"gold_loss":0},{"damage_healed":0,"gold_gain":0,"player_choice":"Success","damage_taken":35,"relics_obtained":["CeramicFish"],"max_hp_gain":0,"max_hp_loss":0,"event_name":"Scrap Ooze","floor":10,"gold_loss":0},{"damage_healed":0,"gold_gain":0,"player_choice":"Donut","damage_taken":0,"max_hp_gain":5,"max_hp_loss":0,"event_name":"Big Fish","floor":11,"gold_loss":0}],"is_beta":false,"boss_relics":[{"not_picked":["Runic Dome","Velvet Choker"],"picked":"SacredBark"}],"items_purged_floors":[3],"is_endless":false,"potions_floor_spawned":[6],"killed_by":"Spheric Guardian","ascension_level":18}}