{"host":"zh06ha8197vgjo02","time":1608534430,"event":{"mods":["AchievementEnabler","Arknights The Spire","BaseMod","Better Skull","CapriCore","DeckTracker","GifTheSpireLib","Hermit","Koishi","Marisa£¨Ùöéë¡¡Øª×âÞÞ£©","Minty Spire (QoL Compilation)","Reimu£¨ÚÏ???£©","StSLib","SuperFastMode","Td1madao Mod","The Cursed","The Immortal","TheBandit","WarShipGirlsR/??á´Ò³R mod"],"gold_per_floor":[119,130,144,144,24,24,24,57,83,83,83],"floor_reached":10,"playtime":244,"items_purged":[],"score":66,"play_id":"e72cb2bd-b767-422a-b4c7-984d4963c8ed","local_time":"20201221160710","is_ascension_mode":false,"campfire_choices":[{"data":"Machining","floor":6,"key":"SMITH"}],"circlet_count":0,"master_deck":["Strike_C","Strike_C","Strike_C","Strike_C+1","Defend_C","Defend_C","Defend_C","Defend_C","Knight Kick","Chip+1","Defend System","Fire Blade","Floating Swing Kick","Fire Up","Machining+1","Fire Blade","Format All Data","Black Execution"],"relics":["Apod","NeowsBlessing","Pen Nib","Dream Catcher"],"acts_visited":["Exordium"],"potions_floor_usage":[8],"damage_taken":[{"damage":0,"enemies":"Cultist","floor":1,"turns":1},{"damage":0,"enemies":"Jaw Worm","floor":2,"turns":1},{"damage":0,"enemies":"Small Slimes","floor":3,"turns":1},{"damage":31,"enemies":"Gremlin Nob","floor":8,"turns":5},{"damage":31,"enemies":"3 Sentries","floor":10,"turns":4}],"seed_played":"-7888200615935780065","potions_obtained":[{"floor":1,"key":"Ancient Potion"},{"floor":3,"key":"Block Potion"}],"is_trial":false,"path_per_floor":["M","M","M","?","$","R","?","E","T","E"],"character_chosen":"TD1MADAO_CLASS","items_purchased":["Fire Up","Machining","Fire Blade"],"campfire_rested":0,"item_purchase_floors":[5,5,5],"current_hp_per_floor":[70,70,70,56,56,56,56,25,25,0,0],"gold":83,"neow_bonus":"THREE_ENEMY_KILL","is_daily":false,"chose_seed":false,"campfire_upgraded":1,"win_rate":0.0,"timestamp":1608534430,"path_taken":["M","?","M","?","$","R","?","E","T","E"],"items_purchased_type":["Card","Card","Card"],"build_version":"2020-12-13","purchased_purges":0,"victory":false,"max_hp_per_floor":[70,70,70,70,70,70,70,70,70,70,70],"card_choices":[{"not_picked":["Pod Fire","Black Shadow"],"picked":"Defend System","floor":1},{"not_picked":["Black Spear","Cooling Song"],"picked":"Fire Blade","floor":2},{"not_picked":["Weapon Shift","Cursed Blade"],"picked":"Floating Swing Kick","floor":3},{"not_picked":[],"picked":"Format All Data","floor":7},{"not_picked":["Twin Teeth","Provocative"],"picked":"Black Execution","floor":8}],"player_experience":720716,"relics_obtained":[{"floor":8,"key":"Pen Nib"},{"floor":9,"key":"Dream Catcher"}],"event_choices":[{"damage_healed":0,"gold_gain":0,"player_choice":"Entered Light","damage_taken":14,"max_hp_gain":0,"max_hp_loss":0,"event_name":"Shining Light","floor":4,"gold_loss":0,"cards_upgraded":["Strike_C","Chip"]}],"is_beta":false,"boss_relics":[],"items_purged_floors":[],"is_endless":false,"potions_floor_spawned":[1,3],"killed_by":"3 Sentries","ascension_level":0}}