{"host":"3olzf542l24t7rz7","time":1608576729,"event":{"mods":["Aspiration","BaseMod","BetterRewards","Colored Map","Colored Powertips","Conspire","Halation","Hubris","Infinite Spire","Luminous","Minty Spire (QoL Compilation)","Replay The Spire","Shop Mod","StSLib","The Blue Laboratory","The Runesmith","TheSwordswoman","Waifu the Spire","WarShipGirlsR/????R mod","vexMod"],"gold_per_floor":[114,114,114,74,74,74,104,104,104,114,145,162,188,236,236,338,338,356,271,271,296,221,302,302,374,374,386,418,434,452,19,19,182,182,202,220,220,220,288,288,334,334,334,357,357,357,357,386,386,442],"floor_reached":51,"playtime":2786,"items_purged":["Barricade","Strike_R"],"score":987,"play_id":"c8a76835-2c60-419d-90ad-cdc7a4aff582","local_time":"20201221135209","is_ascension_mode":true,"campfire_choices":[{"data":"Clothesline","floor":6,"key":"SMITH"},{"data":"Bash","floor":8,"key":"SMITH"},{"floor":15,"key":"REST"},{"floor":24,"key":"REST"},{"floor":32,"key":"REST"},{"data":"Seeing Red","floor":40,"key":"SMITH"},{"floor":47,"key":"REST"},{"data":"Demon Form","floor":49,"key":"SMITH"}],"circlet_count":0,"master_deck":["Strike_R","Strike_R+1","Strike_R+1","Defend_R","Defend_R","Defend_R","Defend_R","Bash+1","Demon Form+1","Clothesline+1","conspire:ExplosiveBarrier+1","Reckless Charge","Cleave","Feel No Pain","Armaments+1","CurseOfTheBell","Seeing Red+1","Heavy Blade+1","Pommel Strike+1","Flash of Steel","Limit Break","Massacre+1","Offering","Flex","Second Wind+1","infinitespire:Collect+1","infinitespire:UltimateForm","Thunderclap+1"],"relics":["Burning Blood","aspiration:BabyByrd","Replay:Rubber Ducky","hubris:BottledRain","Thread and Needle","Calipers","aspiration:HiddenCompartment","Calling Bell","Gremlin Food","Singing Bowl","infinitespire:Golems Mask","vexMod:ConsolationPrize","Ring of Peace","Iron Hammer","Tiny Chest","Replay:PocketPolymizer","halation:AfternoonTea","Sozu","conspire:GiftBox","InkBottle","Toxic Egg 2","hubris:MedicalManual","hubris:Icosahedron","conspire:SpecialSausage","hubris:FunFungus"],"acts_visited":["Exordium","TheCity","TheBeyond"],"potions_floor_usage":[13,16,16,23,29,30,33,33,39],"damage_taken":[{"damage":9,"enemies":"Jaw Worm","floor":1,"turns":6},{"damage":13,"enemies":"Gremlin Nob","floor":7,"turns":4},{"damage":1,"enemies":"2 Louse","floor":10,"turns":2},{"damage":16,"enemies":"3 Sentries","floor":11,"turns":5},{"damage":0,"enemies":"Small Slimes","floor":12,"turns":3},{"damage":18,"enemies":"Lagavulin","floor":13,"turns":7},{"damage":17,"enemies":"The Guardian","floor":16,"turns":10},{"damage":41,"enemies":"3 Byrds","floor":18,"turns":7},{"damage":5,"enemies":"Spheric Guardian","floor":21,"turns":6},{"damage":49,"enemies":"Slavers","floor":23,"turns":10},{"damage":41,"enemies":"conspire:Head Lice","floor":25,"turns":6},{"damage":0,"enemies":"conspire:HollyBat","floor":27,"turns":7},{"damage":15,"enemies":"Snecko","floor":28,"turns":5},{"damage":0,"enemies":"Centurion and Healer","floor":29,"turns":7},{"damage":0,"enemies":"Snake Plant","floor":30,"turns":3},{"damage":59,"enemies":"Collector","floor":33,"turns":9},{"damage":0,"enemies":"Orb Walker","floor":35,"turns":4},{"damage":0,"enemies":"3 Shapes","floor":36,"turns":4},{"damage":0,"enemies":"3 Shapes","floor":38,"turns":3},{"damage":14,"enemies":"2 Orb Walkers","floor":39,"turns":5},{"damage":19,"enemies":"Giant Head","floor":41,"turns":7},{"damage":12,"enemies":"3 Darklings","floor":44,"turns":5},{"damage":10,"enemies":"Spire Growth","floor":48,"turns":4},{"damage":56,"enemies":"conspire:OrnateMirror","floor":50,"turns":5}],"seed_played":"1055389833227668339","potions_obtained":[{"floor":7,"key":"Venom Potion"},{"floor":11,"key":"Block Potion"},{"floor":13,"key":"ElixirPotion"},{"floor":23,"key":"blueLaboratory:FruitPreserves"},{"floor":25,"key":"blueLaboratory:BottleOfVodka"},{"floor":27,"key":"Explosive Potion"},{"floor":33,"key":"Energy Potion"}],"is_trial":false,"path_per_floor":["M","?","?","$","?","R","E","R","T","M","E","M","E","T","R","B",null,"M","?","?","M","$","E","R","E","T","M","M","M","M","$","R","B",null,"M","M","?","?","?","R","E","T","T","M","?","AVR","R","M","R","B",null],"character_chosen":"IRONCLAD","items_purchased":["Infernal Blade","halation:AfternoonTea","Flash of Steel","Dexterity Potion","Swift Potion"],"campfire_rested":4,"item_purchase_floors":[4,31,31,31,31],"current_hp_per_floor":[77,77,77,77,77,77,70,70,70,75,65,71,59,59,80,69,80,47,47,47,50,50,42,67,34,34,40,33,39,47,47,74,36,90,92,92,92,92,84,84,73,73,73,67,67,67,94,90,90,44],"gold":442,"neow_bonus":"ONE_RANDOM_RARE_CARD","is_daily":false,"chose_seed":false,"campfire_upgraded":4,"win_rate":0.0,"timestamp":1608576729,"path_taken":["M","?","?","?","?","R","E","R","T","M","E","M","E","?","R","BOSS","M","?","?","M","?","E","R","E","T","M","M","M","M","$","R","BOSS","M","M","?","?","?","R","E","?","T","?","?","AVR","R","M","R","BOSS"],"items_purchased_type":["Card","Relic","Card","Potion","Potion"],"build_version":"2020-12-13","purchased_purges":2,"victory":true,"max_hp_per_floor":[80,80,80,80,80,80,80,80,80,80,80,80,80,80,80,80,80,82,82,82,84,84,84,84,86,86,86,88,88,90,90,90,90,90,92,92,92,92,92,92,94,94,94,94,94,94,94,94,94,94],"card_choices":[{"not_picked":["Heavy Blade","Anger"],"picked":"Clothesline","floor":1},{"not_picked":["Life Link","Shrug It Off"],"picked":"Reckless Charge","floor":7},{"not_picked":["Rupture","conspire:ExplosiveBarrier"],"picked":"Cleave","floor":10},{"not_picked":["Warcry","Fiend Fire"],"picked":"Feel No Pain","floor":11},{"not_picked":["Clothesline","Infernal Blade","Warcry"],"picked":"SKIP","floor":12},{"not_picked":["Rampage","Twin Strike"],"picked":"Armaments","floor":13},{"not_picked":["Corruption","Immolate"],"picked":"Barricade","floor":16},{"not_picked":["Headbutt","ReplayTheSpireMod:Limb From Limb+1","Power Through"],"picked":"Singing Bowl","floor":18},{"not_picked":["Warcry+1","Searing Blow","ReplayTheSpireMod:LeadingStrike"],"picked":"Singing Bowl","floor":21},{"not_picked":["Wild Strike","Replay:Many Hands"],"picked":"Seeing Red","floor":23},{"not_picked":["Battle Trance","Wild Strike","infinitespire:OneForAll"],"picked":"Singing Bowl","floor":25},{"not_picked":["ReplayTheSpireMod:Strike From Hell","Rage"],"picked":"Heavy Blade+1","floor":27},{"not_picked":["Run Through","Defy Death","Seeing Red"],"picked":"Singing Bowl","floor":28},{"not_picked":["Iron Wave","Life Link"],"picked":"Pommel Strike+1","floor":29},{"not_picked":["ReplayTheSpireMod:Strike From Hell","hubris:ReadiedAction","Clash"],"picked":"Singing Bowl","floor":30},{"not_picked":["Exhume","Feed"],"picked":"Limit Break","floor":33},{"not_picked":["True Grit+1","Headbutt","hubris:ReadiedAction+1"],"picked":"Singing Bowl","floor":35},{"not_picked":["Pommel Strike+1","Feel No Pain"],"picked":"Massacre+1","floor":36},{"not_picked":["Corruption","Juggernaut"],"picked":"Offering","floor":39},{"not_picked":["Clothesline+1","Burning Pact"],"picked":"Flex","floor":39},{"not_picked":["Rampage","Body Slam","ReplayTheSpireMod:Strike From Hell"],"picked":"Singing Bowl","floor":41},{"not_picked":["Iron Wave","Carnage+1"],"picked":"Second Wind+1","floor":44},{"not_picked":["Wild Strike","Feed"],"picked":"Thunderclap+1","floor":48}],"player_experience":416934,"relics_obtained":[{"floor":7,"key":"Replay:Rubber Ducky"},{"floor":9,"key":"hubris:BottledRain"},{"floor":11,"key":"Thread and Needle"},{"floor":13,"key":"Calipers"},{"floor":14,"key":"aspiration:HiddenCompartment"},{"floor":17,"key":"Gremlin Food"},{"floor":17,"key":"Singing Bowl"},{"floor":17,"key":"infinitespire:Golems Mask"},{"floor":20,"key":"Ring of Peace"},{"floor":23,"key":"Iron Hammer"},{"floor":25,"key":"Tiny Chest"},{"floor":26,"key":"Replay:PocketPolymizer"},{"floor":39,"key":"conspire:GiftBox"},{"floor":41,"key":"InkBottle"},{"floor":42,"key":"Toxic Egg 2"},{"floor":43,"key":"hubris:MedicalManual"}],"event_choices":[{"damage_healed":0,"gold_gain":0,"player_choice":"Obtained Relic","damage_taken":0,"relics_obtained":["vexMod:ConsolationPrize"],"max_hp_gain":0,"max_hp_loss":0,"event_name":"Addict","floor":19,"gold_loss":85},{"damage_healed":0,"gold_gain":0,"player_choice":"Fight","damage_taken":0,"max_hp_gain":0,"max_hp_loss":0,"event_name":"Mysterious Sphere","floor":39,"gold_loss":0}],"is_beta":false,"boss_relics":[{"not_picked":["aspiration:RitualDagger","infinitespire:Burning Sword"],"picked":"Calling Bell"},{"not_picked":["Empty Cage","ChewingGum"],"picked":"Sozu"}],"items_purged_floors":[22,31],"is_endless":false,"potions_floor_spawned":[7,11,13,23,25,27,33,41,44,48],"ascension_level":3}}