{"host":"0jm2u9rma46qko29","time":1608532909,"event":{"mods":["Act Like it!","BaseMod","Better Altar","Better Note","Better Skull","Better Third Choice","CapriCore","ChefMod","Hermit","JesterMod","Luminous","Marisa????????","Minty Spire (QoL Compilation)","Relic Stats","Robot Space Explorer","Shade Mod","StSLib","The Alterego","The Hierophant","Waifu the Spire"],"gold_per_floor":[109,123,73,84,10,10,10],"floor_reached":6,"playtime":327,"items_purged":[],"score":36,"play_id":"13dfbe1e-bb82-48f4-8843-84eaed50bfa2","local_time":"20201221004149","is_ascension_mode":false,"campfire_choices":[],"circlet_count":0,"master_deck":["chefmod:Strike","chefmod:Strike","chefmod:Strike","chefmod:Strike","chefmod:Defend","chefmod:Defend","chefmod:Defend","chefmod:QuickThaw","chefmod:TodaysSpecial","chefmod:AlooGobi","chefmod:DinoKale","chefmod:KnifeFlurry","chefmod:FarmersMarket"],"relics":["chefmod:TrustyPot","NeowsBlessing"],"acts_visited":["Exordium"],"potions_floor_usage":[],"damage_taken":[{"damage":0,"enemies":"Jaw Worm","floor":1,"turns":1},{"damage":0,"enemies":"Small Slimes","floor":2,"turns":1},{"damage":0,"enemies":"2 Louse","floor":4,"turns":1},{"damage":22,"enemies":"Gremlin Nob","floor":6,"turns":5}],"seed_played":"3355449695366907331","potions_obtained":[{"floor":2,"key":"BlessingOfTheForge"},{"floor":4,"key":"EssenceOfSteel"}],"is_trial":false,"path_per_floor":["M","M","?","M","$","E"],"character_chosen":"THE_CHEF","items_purchased":["chefmod:FarmersMarket"],"campfire_rested":0,"item_purchase_floors":[5],"current_hp_per_floor":[76,76,76,76,76,54,54],"gold":10,"neow_bonus":"THREE_ENEMY_KILL","is_daily":false,"chose_seed":false,"campfire_upgraded":0,"win_rate":0.0,"timestamp":1608532909,"path_taken":["M","M","?","M","$","E"],"items_purchased_type":["Card"],"build_version":"2020-12-13","purchased_purges":0,"victory":false,"max_hp_per_floor":[76,76,76,76,76,76,76],"relic_stats":{"counters":[4,8],"obtain_stats":[{"chefmod:TrustyPot":0,"NeowsBlessing":0},{"chefmod:TrustyPot":0,"NeowsBlessing":0},{"chefmod:TrustyPot":0,"NeowsBlessing":0}]},"card_choices":[{"not_picked":["chefmod:FarmersMarket","chefmod:ZaruSoba"],"picked":"chefmod:AlooGobi","floor":1},{"not_picked":["chefmod:Escargot","chefmod:ZaruSoba"],"picked":"chefmod:DinoKale","floor":2},{"not_picked":["chefmod:Gelato","chefmod:ColdSteel"],"picked":"chefmod:KnifeFlurry","floor":4}],"player_experience":174386,"relics_obtained":[],"event_choices":[{"cards_removed":["chefmod:Strike"],"damage_healed":0,"gold_gain":0,"player_choice":"Card Removal","damage_taken":0,"max_hp_gain":0,"max_hp_loss":0,"event_name":"The Cleric","floor":3,"gold_loss":50}],"is_beta":false,"boss_relics":[],"items_purged_floors":[],"is_endless":false,"potions_floor_spawned":[2,4],"killed_by":"Gremlin Nob","ascension_level":0}}