{"host":"pew4fjlaqz7m1maf","time":1608579104,"event":{"mods":["AchievementEnabler","Act Like it!","Bartender","BaseMod","Bestiary","Better Match","Better Note","Block Reminder","Booster Modes","Colored Map","Colored Powertips","Curses Come First","DeckTracker","Downfall","Duelist Mod","GifTheSpireLib","GungeonMod","Hallownest","Hero for Fun","Hyrulean Relics","Jedi Mod","LagranYue(ùfäiòNÅEåé)","Magitek Elite","MarisaÅiñ∂âJÅ@ñÇóùçπÅj","Melee Mod","Minty Spire (QoL Compilation)","Prisma Mod","Quick Restart","Random Character Button","Rare Cards Sparkle","Relic Stats","Replay The Spire","SOSÅiézîb?îVéqÅj","StSLib","Td1madao Mod","The Animator","The Blue Laboratory","The Bug Knight","The Mystic","The Servant 0.9.4","The Wild Card","TheHero","TheWitcher","Uncapped","Waifu the Spire","Åyå˜î\ModÅz?ñæìIç≈?Boss"],"gold_per_floor":[112,130,130,130,144,144,43,68,91,112,146,111,184,208,208,329,329,342,367,392,392,0,0,0,39,39,12,37,37,52,72,72,198,198,213,274,298,316,316,316,332,332,332,347,363,363,387,400,400,400,400,400,55,99,99],"floor_reached":56,"playtime":6880,"items_purged":["Regret","Ricochet+1"],"score":1375,"play_id":"edb7c174-01ef-4c28-bb84-7bc0f3d3985d","local_time":"20201221123144","is_ascension_mode":false,"campfire_choices":[{"data":"KidneyShot","floor":6.0,"key":"SMITH"},{"floor":15.0,"key":"REST"},{"data":"StarChef","floor":23.0,"key":"SMITH"},{"data":"StarChef","floor":32.0,"key":"SMITH"},{"data":"RitualDagger","floor":40.0,"key":"SMITH"},{"data":"Sunlight","floor":42.0,"key":"SMITH"},{"floor":46.0,"key":"RECALL"},{"data":"Ricochet","floor":49.0,"key":"SMITH"},{"data":"Rearm","floor":52.0,"key":"SMITH"}],"circlet_count":0,"master_deck":["Strike_S+1","Strike_S+1","Strike_S+1","Strike_S+1","Defend_S+1","Defend_S+1","Defend_S+1","Defend_S+1","KidneyShot+1","Exchange","Defy","Comet","Injury","BottledTime","Ricochet","Rearm","SoulSculpture","Replace","ForgedInTime","CurseOfTheBell","Defy","Revamp","StarChef+1","StarChef+1","Revamp","Rearm+1","RitualDagger+1","ShatteredReality","Defy","ShatteredReality+1","Sabotage","Advance+1","SoulSculpture","Alleviate+1","Revamp","Gouge+1","Read+1","Sunlight+1","ShatteredReality+1","Rearm+1","Desolation+1","Desolation","BestPractice","expansioncontent:Chronoboost","Contraction+1"],"relics":["Uniform","LagranYue:RandomDrawCardRelic","NeowsBlessing","Golden Idol","DemoMod:Metronome","Protect_Vest","DemoMod:GreenGuonStone","Power_Wrist","DemoMod:GlassGuonStoneRelic","Replay:Grab Bag","ReplayTheSpireMod:Onyx Gauntlets","Painkiller Herb","Calling Bell","Snecko Eye","Smiling Mask","Mummified Hand","Pocketwatch","DollysMirror","DemoMod:ClearGuonStone","Replay:Bottled Flurry","LagranYue:SoulBurningRelic","CatCart","Anchor","Bag of Preparation"],"acts_visited":["Exordium","TheCity","TheBeyond","TheEnding"],"potions_floor_usage":[55,55,55],"damage_taken":[{"damage":0.0,"enemies":"Small Slimes","floor":1.0,"turns":1.0},{"damage":1.0,"enemies":"2 Louse","floor":2.0,"turns":2.0},{"damage":0.0,"enemies":"Cultist","floor":5.0,"turns":1.0},{"damage":0.0,"enemies":"3 Louse","floor":8.0,"turns":2.0},{"damage":12.0,"enemies":"Large Slime","floor":10.0,"turns":6.0},{"damage":31.0,"enemies":"Gremlin Nob","floor":11.0,"turns":5.0},{"damage":0.0,"enemies":"2 Fungi Beasts","floor":14.0,"turns":2.0},{"damage":15.0,"enemies":"Fading Forest","floor":16.0,"turns":11.0},{"damage":0.0,"enemies":"2 Thieves","floor":18.0,"turns":2.0},{"damage":0.0,"enemies":"3 Byrds","floor":19.0,"turns":3.0},{"damage":0.0,"enemies":"Cultist and Chosen","floor":20.0,"turns":2.0},{"damage":0.0,"enemies":"Gremlin Leader","floor":25.0,"turns":5.0},{"damage":0.0,"enemies":"Snake Plant","floor":28.0,"turns":3.0},{"damage":0.0,"enemies":"3 Cultists","floor":30.0,"turns":2.0},{"damage":0.0,"enemies":"Centurion and Healer","floor":31.0,"turns":3.0},{"damage":0.0,"enemies":"Collector","floor":33.0,"turns":11.0},{"damage":0.0,"enemies":"3 Darklings","floor":35.0,"turns":3.0},{"damage":0.0,"enemies":"Orin","floor":36.0,"turns":10.0},{"damage":6.0,"enemies":"3 Shapes","floor":37.0,"turns":2.0},{"damage":0.0,"enemies":"Maw","floor":38.0,"turns":4.0},{"damage":0.0,"enemies":"Spire Growth","floor":41.0,"turns":3.0},{"damage":1.0,"enemies":"Sphere and 2 Shapes","floor":44.0,"turns":2.0},{"damage":0.0,"enemies":"Maw","floor":45.0,"turns":6.0},{"damage":0.0,"enemies":"Transient","floor":47.0,"turns":5.0},{"damage":0.0,"enemies":"4 Shapes","floor":48.0,"turns":2.0},{"damage":0.0,"enemies":"Donu and Deca","floor":50.0,"turns":6.0},{"damage":0,"enemies":"Shield and Spear","floor":54,"turns":5},{"damage":0,"enemies":"The Heart","floor":55,"turns":9}],"seed_played":"-8527954207038405974","potions_obtained":[{"floor":5.0,"key":"blueLaboratory:LouseDecoction"},{"floor":10.0,"key":"jedi:StrikingPotion"},{"floor":14.0,"key":"SkillPotion"},{"floor":16.0,"key":"blueLaboratory:FrostheartPotion"},{"floor":19.0,"key":"Reflective Coating"},{"floor":30.0,"key":"DemoMod:LeadSkinPotion"},{"floor":35.0,"key":"Strength Potion"},{"floor":36.0,"key":"blueLaboratory:NullPotion"},{"floor":44.0,"key":"SpeedPotion"}],"is_trial":false,"path_per_floor":["M","M","?","?","M","R","$","M","T","M","E","?","T","M","R","B",null,"?","?","?","?","T","T","?","E","T","T","?","?","?","?","T","B",null,"?","?","?","?","?","T","?","T","T","?","?","T","?","?","T","B",null,"T","T","E","B",null],"character_chosen":"THE_SERVANT","items_purchased":["Ricochet","DollysMirror","DemoMod:ClearGuonStone","Revamp","Rearm","Defy","Desolation","BestPractice","expansioncontent:Chronoboost","blueLaboratory:BottleOfVodka"],"campfire_rested":1,"item_purchase_floors":[7,22,22,22,22,27,53,53,53,53],"current_hp_per_floor":[65,64,64,64,64,64,64,64,64,52,21,37,37,37,56,62,65,65,65,65,65,65,65,59,59,59,59,59,59,59,59,59,59,65,65,65,59,59,59,59,59,59,59,58,58,58,58,58,58,58,65,65,65,65,65],"gold":99,"neow_bonus":"THREE_ENEMY_KILL","is_daily":false,"chose_seed":false,"campfire_upgraded":7,"win_rate":0.0,"timestamp":1608579104,"path_taken":["M","M","?","?","M","R","$","M","T","M","E","?","?","M","R","BOSS","?","?","?","?","T","T","?","E","T","T","?","?","?","?","T","BOSS","?","?","?","?","?","T","?","T","T","?","?","T","?","?","T","BOSS","T","T","E","BOSS"],"items_purchased_type":["Card","Relic","Relic","Card","Card","Card","Card","Card","Card","Potion"],"build_version":"2020-12-13","purchased_purges":2,"victory":true,"max_hp_per_floor":[65,65,65,65,65,65,65,65,65,65,65,65,65,65,65,65,65,65,65,65,65,65,65,65,65,65,65,65,65,65,65,65,65,65,65,65,65,65,65,65,65,65,65,65,65,65,65,65,65,65,65,65,65,65,65],"relic_stats":{"counters":[28,118],"Golden Idol":205,"Mummified Hand":[52],"Snecko Eye":[201,182,180,194],"Bag of Preparation":[2],"Smiling Mask":50,"obtain_stats":[{"DemoMod:GreenGuonStone":11,"LagranYue:RandomDrawCardRelic":0,"NeowsBlessing":0,"Golden Idol":3,"Replay:Grab Bag":17,"Painkiller Herb":17,"LagranYue:SoulBurningRelic":34,"DemoMod:GlassGuonStoneRelic":2,"Uniform":0,"Protect_Vest":9,"Bag of Preparation":54,"Power_Wrist":13,"Smiling Mask":17,"Calling Bell":17,"Anchor":43,"DemoMod:Metronome":4,"Mummified Hand":17,"DollysMirror":22,"Snecko Eye":17,"Replay:Bottled Flurry":25,"ReplayTheSpireMod:Onyx Gauntlets":17,"DemoMod:ClearGuonStone":22,"CatCart":36,"Pocketwatch":17},{"DemoMod:GreenGuonStone":6,"LagranYue:RandomDrawCardRelic":0,"NeowsBlessing":0,"Golden Idol":2,"Replay:Grab Bag":8,"Painkiller Herb":8,"LagranYue:SoulBurningRelic":16,"DemoMod:GlassGuonStoneRelic":2,"Uniform":0,"Protect_Vest":4,"Bag of Preparation":27,"Power_Wrist":6,"Smiling Mask":8,"Calling Bell":8,"Anchor":21,"DemoMod:Metronome":2,"Mummified Hand":8,"DollysMirror":11,"Snecko Eye":8,"Replay:Bottled Flurry":12,"ReplayTheSpireMod:Onyx Gauntlets":8,"DemoMod:ClearGuonStone":11,"CatCart":18,"Pocketwatch":8},{"DemoMod:GreenGuonStone":17,"LagranYue:RandomDrawCardRelic":0,"NeowsBlessing":0,"Golden Idol":3,"Replay:Grab Bag":30,"Painkiller Herb":30,"LagranYue:SoulBurningRelic":61,"DemoMod:GlassGuonStoneRelic":3,"Uniform":0,"Protect_Vest":6,"Bag of Preparation":109,"Power_Wrist":17,"Smiling Mask":30,"Calling Bell":30,"Anchor":83,"DemoMod:Metronome":3,"Mummified Hand":30,"DollysMirror":37,"Snecko Eye":30,"Replay:Bottled Flurry":42,"ReplayTheSpireMod:Onyx Gauntlets":30,"DemoMod:ClearGuonStone":37,"CatCart":74,"Pocketwatch":30}],"Pocketwatch":[35]},"card_choices":[{"not_picked":["TimeWarp","ShatteredReality"],"picked":"Defy","floor":1.0},{"not_picked":["Alleviate","FastForward"],"picked":"Comet","floor":2.0},{"not_picked":["Spin","Replace"],"picked":"BottledTime","floor":5.0},{"not_picked":["Desolation","Defy"],"picked":"Ricochet","floor":8.0},{"not_picked":["Luminosity","GearUp"],"picked":"Rearm","floor":10.0},{"not_picked":["DoubleEdge","Luminosity"],"picked":"SoulSculpture","floor":11.0},{"not_picked":["DoubleEdge","ShiftingGears"],"picked":"Replace","floor":14.0},{"not_picked":["SoulSculpture","KillingDoll"],"picked":"ForgedInTime","floor":16.0},{"not_picked":["DoubleEdge","BottledTime"],"picked":"Defy","floor":18.0},{"not_picked":["Alleviate","Rearm"],"picked":"Revamp","floor":19.0},{"not_picked":["InstantArmor+1","Defy"],"picked":"StarChef","floor":20.0},{"not_picked":["TheWorld","Starlight"],"picked":"ShatteredReality","floor":25.0},{"not_picked":["Potential","Rearm"],"picked":"ShatteredReality+1","floor":28.0},{"not_picked":["Collapse","Moonlight"],"picked":"Sabotage","floor":30.0},{"not_picked":["Replace","Ricochet+1"],"picked":"Advance+1","floor":31.0},{"not_picked":["Duplication","FloweringNight"],"picked":"SoulSculpture","floor":33.0},{"not_picked":["Unruled+1","FastForward+1"],"picked":"Alleviate+1","floor":35.0},{"not_picked":["InstantArmor","Starlight"],"picked":"Revamp","floor":36.0},{"not_picked":["InstantArmor","Starlight+1"],"picked":"Gouge+1","floor":37.0},{"not_picked":["FastForward","TimeWarp"],"picked":"Read+1","floor":38.0},{"not_picked":["DualDimension","SurpressingFire+1"],"picked":"Sunlight","floor":41.0},{"not_picked":["Potential","Rewind"],"picked":"ShatteredReality+1","floor":44.0},{"not_picked":["Advance","Misdirection"],"picked":"Rearm+1","floor":45.0},{"not_picked":["Comet","Spin"],"picked":"Desolation+1","floor":47.0},{"not_picked":["DoubleEdge","Dilation","FastForward"],"picked":"SKIP","floor":48.0},{"not_picked":["Ricochet","SurpressingFire"],"picked":"Contraction+1","floor":54}],"player_experience":76125,"relics_obtained":[{"floor":9.0,"key":"Protect_Vest"},{"floor":11.0,"key":"DemoMod:GreenGuonStone"},{"floor":13.0,"key":"Power_Wrist"},{"floor":17.0,"key":"Smiling Mask"},{"floor":17.0,"key":"Mummified Hand"},{"floor":17.0,"key":"Pocketwatch"},{"floor":25.0,"key":"Replay:Bottled Flurry"},{"floor":36.0,"key":"CatCart"},{"floor":43.0,"key":"Anchor"},{"floor":54,"key":"Bag of Preparation"}],"event_choices":[{"damage_healed":0.0,"max_hp_gain":0.0,"max_hp_loss":0.0,"gold_gain":0.0,"event_name":"Golden Idol","player_choice":"Take Wound","floor":3.0,"gold_loss":0.0,"damage_taken":0.0,"relics_obtained":["Golden Idol"],"cards_obtained":["Injury"]},{"damage_healed":0.0,"max_hp_gain":0.0,"max_hp_loss":0.0,"gold_gain":0.0,"event_name":"Big Fish","player_choice":"Box","floor":4.0,"gold_loss":0.0,"damage_taken":0.0,"relics_obtained":["DemoMod:Metronome"],"cards_obtained":["Regret"]},{"damage_healed":16.0,"max_hp_gain":0.0,"max_hp_loss":0.0,"gold_gain":0.0,"event_name":"The Cleric","player_choice":"Healed","floor":12.0,"gold_loss":35.0,"damage_taken":0.0},{"cards_removed":["Injury"],"damage_healed":0.0,"max_hp_gain":0.0,"max_hp_loss":0.0,"gold_gain":0.0,"event_name":"betterNote:BetterNote","player_choice":"Give","floor":21.0,"gold_loss":0.0,"damage_taken":0.0,"cards_obtained":["animator:Defend"]},{"damage_healed":0.0,"max_hp_gain":0.0,"max_hp_loss":0.0,"gold_gain":0.0,"event_name":"Nest","player_choice":"Joined the Cult","floor":24.0,"gold_loss":0.0,"damage_taken":6.0,"cards_obtained":["RitualDagger"]},{"damage_healed":0.0,"max_hp_gain":0.0,"max_hp_loss":0.0,"gold_gain":0.0,"event_name":"Back to Basics","player_choice":"Simplicity","floor":29.0,"gold_loss":0.0,"damage_taken":0.0,"cards_upgraded":["Strike_S","Strike_S","Strike_S","Strike_S","Defend_S","Defend_S","Defend_S","Defend_S"]},{"damage_healed":0.0,"max_hp_gain":0.0,"max_hp_loss":0.0,"gold_gain":0.0,"event_name":"OrinTheCat","player_choice":"Fight","floor":36.0,"gold_loss":0.0,"damage_taken":0.0},{"damage_healed":0.0,"max_hp_gain":0.0,"max_hp_loss":0.0,"gold_gain":0.0,"event_name":"SecretPortal","player_choice":"Ignored","floor":39.0,"gold_loss":0.0,"damage_taken":0.0}],"is_beta":false,"boss_relics":[{"not_picked":["jedi:paperlyon","Busted Crown"],"picked":"Replay:Grab Bag"},{"not_picked":["jedi:battlestandard","Cursed Key"],"picked":"ReplayTheSpireMod:Onyx Gauntlets"},{"not_picked":["Fusion Hammer","Philosopher\u0027s Stone"],"picked":"Painkiller Herb"},{"not_picked":["SacredBark","Snecko Heart"],"picked":"Calling Bell"},{"not_picked":["Black Star","Kintsugi"],"picked":"Snecko Eye"},{"not_picked":["LagranYue:ContractPerformanceRelic","Honey Jar"],"picked":"LagranYue:SoulBurningRelic"}],"items_purged_floors":[7,53],"is_endless":false,"potions_floor_spawned":[5,10,14,16,18,19,30,31,35,36,44,48,54],"ascension_level":0}}