{"host":"Fun","time":1608578221,"event":{"mods":["BaseMod","Colored Map","Filter the Spire","Minty Spire (QoL Compilation)","Relic Stats","StSLib"],"gold_per_floor":[116,116,133,208,62,62,14,43,121,149,149,163,163,163,163,262,262,272,187,203,223,223,223,257,109,109,109,9,28,3,3,3,106,106,120,120,140,159,184,196,208,208],"floor_reached":41,"playtime":1737,"items_purged":["Strike_R","Strike_R"],"score":660,"play_id":"f1717527-567e-47cb-a12c-40d7a17c66e8","local_time":"20201221141701","is_ascension_mode":true,"campfire_choices":[{"data":"Pommel Strike","floor":6,"key":"SMITH"},{"data":"Clothesline","floor":11,"key":"SMITH"},{"data":"Bash","floor":13,"key":"SMITH"},{"data":"Sword Boomerang","floor":15,"key":"SMITH"},{"floor":23,"key":"REST"},{"floor":27,"key":"REST"},{"floor":32,"key":"REST"},{"floor":40,"key":"REST"}],"circlet_count":0,"master_deck":["AscendersBane","Strike_R","Defend_R","Defend_R","Defend_R","Bash+1","Pommel Strike+1","Shrug It Off","Reaper","Clothesline+1","Sword Boomerang+1","Shrug It Off","Limit Break","Flex","Second Wind","Dual Wield","True Grit","Corruption","Flex+1","Decay","Metallicize"],"relics":["Black Blood","WarpedTongs","Potion Belt","Shuriken","Toy Ornithopter","Runic Pyramid","Letter Opener","Gambling Chip","Blood Vial","MawBank"],"acts_visited":["Exordium","TheCity","TheBeyond"],"potions_floor_usage":[8,16,21,24,33],"damage_taken":[{"damage":0,"enemies":"Jaw Worm","floor":1,"turns":4},{"damage":2,"enemies":"Cultist","floor":3,"turns":4},{"damage":33,"enemies":"Lagavulin","floor":8,"turns":9},{"damage":15,"enemies":"3 Sentries","floor":10,"turns":10},{"damage":0,"enemies":"Small Slimes","floor":12,"turns":3},{"damage":9,"enemies":"The Guardian","floor":16,"turns":15},{"damage":28,"enemies":"Chosen","floor":18,"turns":7},{"damage":30,"enemies":"Spheric Guardian","floor":20,"turns":12},{"damage":28,"enemies":"Centurion and Healer","floor":21,"turns":21},{"damage":70,"enemies":"Gremlin Leader","floor":24,"turns":7},{"damage":85,"enemies":"3 Cultists","floor":29,"turns":6},{"damage":70,"enemies":"Champ","floor":33,"turns":19},{"damage":25,"enemies":"Orb Walker","floor":35,"turns":5},{"damage":89,"enemies":"3 Darklings","floor":37,"turns":7},{"damage":108,"enemies":"Sphere and 2 Shapes","floor":38,"turns":12},{"damage":66,"enemies":"Transient","floor":41,"turns":2}],"seed_played":"-1137809617022262665","potions_obtained":[{"floor":1,"key":"ColorlessPotion"},{"floor":8,"key":"SpeedPotion"},{"floor":12,"key":"DistilledChaos"},{"floor":18,"key":"FearPotion"},{"floor":24,"key":"PowerPotion"},{"floor":29,"key":"FairyPotion"},{"floor":35,"key":"FearPotion"}],"is_trial":false,"path_per_floor":["M","?","M","?","$","R","$","E","T","E","R","M","R","?","R","B",null,"M","?","M","M","?","R","E","$","T","R","$","M","$","$","R","B",null,"M","?","M","M","T","R","M"],"character_chosen":"IRONCLAD","items_purchased":["Reaper","Clothesline","Dual Wield","True Grit"],"campfire_rested":4,"item_purchase_floors":[5,7,25,30],"current_hp_per_floor":[57,57,61,50,50,50,50,23,23,24,24,40,40,45,45,54,77,60,60,36,29,13,40,29,29,29,56,56,10,10,10,37,90,90,85,85,90,28,28,55,0,0],"gold":208,"neow_bonus":"REMOVE_TWO","is_daily":false,"chose_seed":false,"campfire_upgraded":4,"win_rate":0.0,"timestamp":1608578221,"path_taken":["M","?","?","?","$","R","$","E","T","E","R","M","R","?","R","BOSS","M","?","M","M","?","R","E","?","T","R","?","?","?","$","R","BOSS","M","?","M","?","?","R","?"],"items_purchased_type":["Card","Card","Card","Card"],"build_version":"2020-12-18","purchased_purges":2,"victory":false,"max_hp_per_floor":[80,80,80,80,80,80,80,80,80,80,80,80,80,85,85,85,85,85,85,85,85,90,90,90,90,90,90,90,90,90,90,90,90,90,90,90,90,90,90,90,90,90],"relic_stats":{"Blood Vial":8,"counters":[16,143],"Shuriken":[4],"Gambling Chip":[18],"Black Blood":90,"Letter Opener":[140],"MawBank":24,"obtain_stats":[{"Potion Belt":8,"Blood Vial":26,"Shuriken":9,"Gambling Chip":24,"Black Blood":34,"Letter Opener":19,"MawBank":39,"Burning Blood":0,"Toy Ornithopter":10,"WarpedTongs":0,"Runic Pyramid":17},{"Potion Belt":3,"Blood Vial":10,"Shuriken":3,"Gambling Chip":10,"Black Blood":12,"Letter Opener":7,"MawBank":15,"Burning Blood":0,"Toy Ornithopter":4,"WarpedTongs":0,"Runic Pyramid":6},{"Potion Belt":17,"Blood Vial":92,"Shuriken":17,"Gambling Chip":92,"Black Blood":117,"Letter Opener":52,"MawBank":141,"Burning Blood":0,"Toy Ornithopter":27,"WarpedTongs":0,"Runic Pyramid":45}],"Toy Ornithopter":20,"WarpedTongs":[114]},"card_choices":[{"not_picked":["Sentinel","Sever Soul"],"picked":"Pommel Strike","floor":1},{"not_picked":["Rupture","Armaments"],"picked":"Shrug It Off","floor":3},{"not_picked":["Reckless Charge","Warcry","Dark Embrace"],"picked":"SKIP","floor":8},{"not_picked":["Clash","Rampage"],"picked":"Sword Boomerang","floor":10},{"not_picked":["Clash","Iron Wave"],"picked":"Shrug It Off","floor":12},{"not_picked":["Berserk","Corruption"],"picked":"Limit Break","floor":16},{"not_picked":["Twin Strike","Dark Embrace","Thunderclap"],"picked":"SKIP","floor":18},{"not_picked":["Anger","Wild Strike","Carnage"],"picked":"SKIP","floor":20},{"not_picked":["Iron Wave+1","Rupture"],"picked":"Flex","floor":21},{"not_picked":["Fire Breathing","Immolate"],"picked":"Second Wind","floor":24},{"not_picked":["Uppercut","Pommel Strike","Iron Wave"],"picked":"SKIP","floor":29},{"not_picked":["Bludgeon","Brutality"],"picked":"Corruption","floor":33},{"not_picked":["Perfected Strike+1","Heavy Blade"],"picked":"Flex+1","floor":35},{"not_picked":["Anger","Rupture+1","Perfected Strike"],"picked":"SKIP","floor":37},{"not_picked":["Headbutt","Twin Strike"],"picked":"Metallicize","floor":38}],"player_experience":70953,"relics_obtained":[{"floor":8,"key":"Potion Belt"},{"floor":9,"key":"Shuriken"},{"floor":10,"key":"Toy Ornithopter"},{"floor":24,"key":"Gambling Chip"},{"floor":26,"key":"Blood Vial"},{"floor":39,"key":"MawBank"}],"event_choices":[{"cards_removed":["Strike_R"],"damage_healed":0,"gold_gain":0,"player_choice":"Purged","damage_taken":0,"max_hp_gain":0,"max_hp_loss":0,"event_name":"Purifier","floor":2,"gold_loss":0},{"damage_healed":0,"gold_gain":75,"player_choice":"Gather Gold","damage_taken":11,"max_hp_gain":0,"max_hp_loss":0,"event_name":"World of Goop","floor":4,"gold_loss":0},{"damage_healed":0,"gold_gain":0,"player_choice":"Donut","damage_taken":0,"max_hp_gain":5,"max_hp_loss":0,"event_name":"Big Fish","floor":14,"gold_loss":0},{"damage_healed":0,"gold_gain":0,"player_choice":"Obtained Relic","damage_taken":0,"relics_obtained":["Letter Opener"],"max_hp_gain":0,"max_hp_loss":0,"event_name":"Addict","floor":19,"gold_loss":85},{"damage_healed":0,"gold_gain":0,"player_choice":"Shed Blood","damage_taken":21,"max_hp_gain":5,"max_hp_loss":0,"event_name":"Forgotten Altar","floor":22,"gold_loss":0},{"damage_healed":0,"gold_gain":0,"player_choice":"Cursed","damage_taken":0,"max_hp_gain":0,"max_hp_loss":0,"event_name":"Wheel of Change","floor":36,"gold_loss":0,"cards_obtained":["Decay"]}],"is_beta":true,"boss_relics":[{"not_picked":["Sozu","Black Star"],"picked":"Runic Pyramid"},{"not_picked":["Empty Cage","Calling Bell"],"picked":"Black Blood"}],"items_purged_floors":[25,28],"is_endless":false,"potions_floor_spawned":[1,8,12,18,24,29,35],"killed_by":"Transient","ascension_level":10}}