{"host":"6ybgukafx9v6je7q","time":1608594272,"event":{"mods":["AchievementEnabler","Aspiration","BaseMod","BetterRewards","Conspire","Custom Start","Downfall","Hubris","Infinite Spire","Minty Spire (QoL Compilation)","Random Character Button","Replay The Spire","StSLib"],"gold_per_floor":[119,79,93,104,116,116,116,116,116,116,59,71,84,115,115,211,211,222,240,240,273,273,273,289,303,355,34,34,66,84,99,99,202,202,222,132,132,146,146,146,171,195,195,213,213,213,213,228,228,328,328,338,352,364,363,438,446,446,446,446,446,446,475,475,480,480,537,537,542,539,537,477,498,498,493,493,493,525,525,256,253,253,253,320,320,319,319,328,446,453,453,353,347,347,378,366,365,365,361,361,419,419,435,433,383,383,383,402,402,401,401,401,401,411,411,420,420,492,492,495,481,468,468,453,463,463,488,535,558,537,556,556,552,552,626,626,612,612,620,622,480,476,454,358,385,359,359,348,348,350,438,538,538,538,538,535,644],"floor_reached":158,"playtime":7167,"items_purged":["Strike_G","Languid","Writhe","conspire:GhostlyDefend"],"score":3675,"play_id":"e139731e-2d57-44ed-a6d0-d722e41a9cac","local_time":"20201221184432","is_ascension_mode":false,"campfire_choices":[{"data":"Draining Mist","floor":6.0,"key":"SMITH"},{"data":"Flying Knee","floor":10.0,"key":"SMITH"},{"data":"Deadly Poison","floor":15.0,"key":"SMITH"},{"data":"Self Repair","floor":23.0,"key":"SMITH"},{"data":"Crippling Poison","floor":32.0,"key":"SMITH"},{"data":"ReplayTheSpireMod:Dual Polarity","floor":40.0,"key":"SMITH"},{"data":"Replay:Fractal Strike","floor":46.0,"key":"SMITH"},{"data":"Replay:Fractal Strike+1","floor":49.0,"key":"SMITH"},{"floor":61.0,"key":"REST"},{"data":"Catalyst","floor":64.0,"key":"SMITH"},{"data":"Replay:Fractal Strike+2","floor":66.0,"key":"SMITH"},{"data":"Noxious Fumes","floor":74.0,"key":"SMITH"},{"data":"Replay:Fractal Strike+3","floor":79.0,"key":"SMITH"},{"data":"Skewer+1","floor":83.0,"key":"SMITH"},{"floor":91,"key":"REST"},{"data":"infinitespire:Starlight+1","floor":100,"key":"SMITH"},{"data":"infinitespire:Starlight+1","floor":109,"key":"SMITH"},{"data":"infinitespire:Punishment","floor":115,"key":"SMITH"},{"data":"expansioncontent:Chronoboost","floor":117,"key":"SMITH"},{"floor":132,"key":"REST"},{"floor":134,"key":"DIG"},{"floor":147,"key":"RECALL"},{"floor":149,"key":"REST"},{"floor":154,"key":"REST"}],"circlet_count":0,"master_deck":["conspire:GhostlyDefend","conspire:GhostlyDefend","conspire:GhostlyDefend","conspire:GhostlyDefend","Survivor","Neutralize","Flying Knee+1","Dagger Spray","Poisoned Stab+1","Draining Mist+1","Poisoned Stab","Leg Sweep","Deadly Poison+1","Corpse Explosion","Conserve Battery+1","Self Repair+1","Leg Sweep","PiercingWail","Poisoned Strike","Crippling Poison+1","Deadly Poison","Dash+1","Core Surge","Parasite","Cold Snap+1","Leap+1","ReplayTheSpireMod:Dual Polarity+1","Replay:Fractal Strike+4","Noxious Fumes+1","Backflip+1","Cold Snap+1","Electrodynamics","Catalyst+1","Quick Slash","PiercingWail+1","Phantasmal Killer+1","conspire:PoisonWeapons+1","Conserve Battery+1","Dodge and Roll+1","Skewer+2","Coolheaded+1","Leap+1","infinitespire:Starlight+2","infinitespire:FutureSight+1","Leg Sweep+1","Leap+1","Blade Dance+2","PiercingWail+1","White Noise+1","Coolheaded+1","Leg Sweep+1","Doubt","Neutralize","Burst+1","expansioncontent:Chronoboost+1","infinitespire:Punishment+1","Double Energy+1","infinitespire:Starlight+2","BasicCrystalCard+1","Gash","infinitespire:TheBestDefense+1","hubris:Rewind+1","Glacier+1","Buffer+2","Replay:Dark Deal+1","expansioncontent:PrepareCrush+1","Replay:SS_hec_1+1","conspire:PoisonWeapons+1","Echo Form+1","Backflip+1","Core Surge+1","Loop+2","Defragment+1","Outmaneuver+1","Burst+1","Blade Dance+1","Poison Darts+1"],"relics":["Ring of the Snake","NeowsBlessing","Blue Doll","hubris:TenFootPole","Vajra","aspiration:DefectSkillbook","aspiration:RitualStick","Pen Nib","Lizard Tail","Simple Rune","Gremlin Food","infinitespire:BottledMercury","Replay:Ancient Bell","aspiration:Lifesprig","Mummified Hand","conspire:InfiniteJournal","hubris:Towel","StoneCalendar","MealTicket","ReplayTheSpireMod:Lightbulb","ChewingGum","aspiration:DSix","Toxic Egg 2","Pear","infinitespire:Lucky Rock","hubris:Backtick","Snake Skull","Red Mask","Lee\u0027s Waffle","PreservedInsect","aspiration:StickyExplosives_weak","ClockworkSouvenir","hubris:Reverence","Philosopher\u0027s Stone","Durian","Darkstone Periapt","Strawberry","Bag of Marbles","ReplayTheSpireMod:SealedPack","hubris:EvacipatedBox","hubris:KleinBottle","Smiling Mask","Golden Egg","Replay:WaspNest","Replay:Grab Bag","Fusion Hammer","Busted Crown","Astrolabe","hubris:HollowSoul","hubris:64BitClover","Du-Vu Doll","Lantern","Tiny Chest","ReplayFunnel","hubris:DeckOfHolding","Cursed Key","MawBank","Omamori","Tingsha","Bronze Scales","hubris:ScarierMask","MawBank"],"acts_visited":["Exordium","TheCity","TheBeyond","Exordium","TheCity","TheBeyond","Exordium","TheCity","TheBeyond","TheEnding"],"potions_floor_usage":[97,101,110,121],"damage_taken":[{"damage":0.0,"enemies":"Jaw Worm","floor":1.0,"turns":1.0},{"damage":0.0,"enemies":"Cultist","floor":3.0,"turns":1.0},{"damage":0.0,"enemies":"2 Louse","floor":4.0,"turns":1.0},{"damage":5.0,"enemies":"Lots of Slimes","floor":5.0,"turns":3.0},{"damage":4.0,"enemies":"Exordium Wildlife","floor":12.0,"turns":3.0},{"damage":0.0,"enemies":"Large Slime","floor":13.0,"turns":5.0},{"damage":1.0,"enemies":"Gremlin Nob","floor":14.0,"turns":3.0},{"damage":23.0,"enemies":"Fading Forest","floor":16.0,"turns":11.0},{"damage":2.0,"enemies":"Chosen","floor":18.0,"turns":6.0},{"damage":5.0,"enemies":"3 Byrds","floor":19.0,"turns":2.0},{"damage":0.0,"enemies":"conspire:MimicChest","floor":21.0,"turns":5.0},{"damage":11.0,"enemies":"Shelled Parasite and Fungi","floor":24.0,"turns":6.0},{"damage":1.0,"enemies":"Cultist and Chosen","floor":25.0,"turns":5.0},{"damage":11.0,"enemies":"Book of Stabbing","floor":29.0,"turns":6.0},{"damage":2.0,"enemies":"conspire:HollyBat","floor":30.0,"turns":8.0},{"damage":10.0,"enemies":"Snake Plant","floor":31.0,"turns":5.0},{"damage":23.0,"enemies":"conspire:MysteriousRune","floor":33.0,"turns":7.0},{"damage":5.0,"enemies":"Orb Walker","floor":35.0,"turns":3.0},{"damage":17.0,"enemies":"3 Darklings","floor":36.0,"turns":5.0},{"damage":22.0,"enemies":"Transient","floor":38.0,"turns":5.0},{"damage":33.0,"enemies":"Nightmare","floor":41.0,"turns":7.0},{"damage":14.0,"enemies":"Spire Growth","floor":44.0,"turns":6.0},{"damage":4.0,"enemies":"Maw","floor":48.0,"turns":7.0},{"damage":82.0,"enemies":"infinitespire:MassOfShapes","floor":50.0,"turns":9.0},{"damage":4.0,"enemies":"Jaw Worm","floor":52.0,"turns":3.0},{"damage":0.0,"enemies":"2 Louse","floor":53.0,"turns":2.0},{"damage":13.0,"enemies":"Small Slimes","floor":54.0,"turns":2.0},{"damage":7.0,"enemies":"Exordium Wildlife","floor":55.0,"turns":3.0},{"damage":0.0,"enemies":"2 Fungi Beasts","floor":57.0,"turns":2.0},{"damage":0.0,"enemies":"Nightmare","floor":63.0,"turns":1.0},{"damage":0.0,"enemies":"Lots of Slimes","floor":65.0,"turns":2.0},{"damage":15.0,"enemies":"Fading Forest","floor":67.0,"turns":11.0},{"damage":17.0,"enemies":"2 Thieves","floor":69.0,"turns":3.0},{"damage":0.0,"enemies":"Chosen","floor":70.0,"turns":4.0},{"damage":8.0,"enemies":"Sentry and Sphere","floor":71.0,"turns":5.0},{"damage":2.0,"enemies":"Masked Bandits","floor":73.0,"turns":2.0},{"damage":0.0,"enemies":"Snecko","floor":75.0,"turns":3.0},{"damage":0.0,"enemies":"Nightmare","floor":78.0,"turns":1.0},{"damage":5.0,"enemies":"3 Cultists","floor":81.0,"turns":5.0},{"damage":36.0,"enemies":"Collector","floor":84.0,"turns":8.0},{"damage":38.0,"enemies":"3 Shapes","floor":86.0,"turns":3.0},{"damage":10.0,"enemies":"Orb Walker","floor":88.0,"turns":2.0},{"damage":14.0,"enemies":"Mind Bloom Boss Battle","floor":90.0,"turns":7.0},{"damage":6,"enemies":"4 Shapes","floor":93,"turns":4},{"damage":0,"enemies":"Nightmare","floor":95,"turns":1},{"damage":25,"enemies":"Writhing Mass","floor":96,"turns":5},{"damage":12,"enemies":"Nemesis","floor":97,"turns":5},{"damage":0,"enemies":"Sphere and 2 Shapes","floor":99,"turns":4},{"damage":16,"enemies":"infinitespire:MassOfShapes","floor":101,"turns":9},{"damage":0,"enemies":"Jaw Worm","floor":103,"turns":1},{"damage":0,"enemies":"Small Slimes","floor":104,"turns":2},{"damage":2,"enemies":"Gremlin Nob","floor":108,"turns":3},{"damage":16,"enemies":"3 Sentries","floor":110,"turns":5},{"damage":0,"enemies":"Cultist","floor":114,"turns":1},{"damage":0,"enemies":"Blue Slaver","floor":116,"turns":2},{"damage":13,"enemies":"Slime Boss","floor":118,"turns":4},{"damage":0,"enemies":"Chosen","floor":120,"turns":2},{"damage":23,"enemies":"3 Byrds","floor":121,"turns":4},{"damage":5,"enemies":"Shelled Parasite and Fungi","floor":122,"turns":6},{"damage":0,"enemies":"Cultist and Chosen","floor":124,"turns":4},{"damage":70,"enemies":"Slavers","floor":125,"turns":3},{"damage":0,"enemies":"Nightmare","floor":127,"turns":1},{"damage":0,"enemies":"Chosen and Byrds","floor":130,"turns":5},{"damage":0,"enemies":"Snake Plant","floor":131,"turns":1},{"damage":0,"enemies":"Book of Stabbing","floor":133,"turns":4},{"damage":0,"enemies":"Automaton","floor":135,"turns":3},{"damage":0,"enemies":"3 Shapes","floor":137,"turns":3},{"damage":0,"enemies":"Orb Walker","floor":139,"turns":2},{"damage":0,"enemies":"Jaw Worm Horde","floor":140,"turns":4},{"damage":10,"enemies":"R_Hoarder","floor":142,"turns":4},{"damage":0,"enemies":"Spire Growth","floor":143,"turns":5},{"damage":0,"enemies":"Transient","floor":146,"turns":5},{"damage":6,"enemies":"Jaw Worm Horde","floor":148,"turns":4},{"damage":0,"enemies":"Writhing Mass","floor":150,"turns":3},{"damage":0,"enemies":"infinitespire:LordOfFortification","floor":152,"turns":1},{"damage":0,"enemies":"Shield and Spear","floor":156,"turns":4},{"damage":1,"enemies":"The Heart","floor":157,"turns":1}],"seed_played":"-6019831812290888223","potions_obtained":[{"floor":2.0,"key":"EntropicBrew"},{"floor":2.0,"key":"Flashbang"},{"floor":2.0,"key":"FearPotion"},{"floor":12.0,"key":"AttackPotion"},{"floor":14.0,"key":"Strength Potion"},{"floor":16.0,"key":"hexamod:EctoCoolerPotion"},{"floor":19.0,"key":"Flashbang"},{"floor":30.0,"key":"Reflective Coating"},{"floor":31.0,"key":"Energy Potion"},{"floor":33.0,"key":"Dexterity Potion"},{"floor":36.0,"key":"ColorlessPotion"},{"floor":38.0,"key":"Explosive Potion"},{"floor":44.0,"key":"Poison Potion"},{"floor":57.0,"key":"FearPotion"},{"floor":65.0,"key":"Weak Potion"},{"floor":67.0,"key":"Cursed Concoction"},{"floor":71.0,"key":"Weak Potion"},{"floor":73.0,"key":"Milkshake"},{"floor":75.0,"key":"sneckomod:MuddlingPotion"},{"floor":81.0,"key":"Death Potion"},{"floor":96,"key":"SkillPotion"},{"floor":99,"key":"Doom Potion"},{"floor":101,"key":"Fire Potion"},{"floor":108,"key":"infinitespire:BlackPotion"},{"floor":110,"key":"ColorlessPotion"},{"floor":118,"key":"DistilledChaos"},{"floor":121,"key":"Languid Potion"}],"is_trial":false,"path_per_floor":["M","?","M","M","M","R","?","?","T","R","?","M","M","E","R","B",null,"M","M","?","?","AVR","R","M","M","T","$","?","E","M","M","R","B",null,"M","M","AVR","M","?","R","NM","T","T","M","?","R","?","M","R","B",null,"M","M","M","M","?","M","?","?","T","R","AVR","NM","R","M","R","B",null,"M","M","M","?","?","R","M","AVR","T","NM","R","$","M","?","R","B",null,"M","AVR","M","?","?","R","$","M","T","NM","M","E","$","M","R","B",null,"M","M","?","?","$","E","R","E","T","?","AVR","M","R","M","R","B",null,"M","M","M","?","M","E","$","NM","T","T","M","M","R","E","R","B",null,"M","AVR","M","M","$","E","M","$","T","M","R","M","R","M","R","B",null,"R","$","E","B",null],"character_chosen":"THE_SILENT","items_purchased":["Poisoned Strike","Gremlin Food","ClockworkSouvenir","Skewer+1","hubris:EvacipatedBox","hubris:KleinBottle","Omamori","Defragment+1"],"campfire_rested":5,"item_purchase_floors":[27,27,80,80,107,107,141,144],"current_hp_per_floor":[70,70,70,70,65,65,65,65,65,65,65,61,61,60,60,47,70,68,63,56,56,56,56,55,64,64,64,64,63,61,61,61,48,70,70,63,63,51,51,51,28,28,28,24,61,61,61,61,61,34,61,61,61,48,51,46,46,38,38,48,69,69,69,69,71,71,71,71,64,64,56,56,54,54,54,78,78,78,78,78,78,78,78,52,78,40,40,30,21,37,61,76,70,70,77,75,88,90,90,90,90,96,96,96,96,96,58,76,76,96,96,96,96,96,96,96,96,83,96,96,96,91,91,96,46,61,61,61,61,96,96,96,96,96,96,96,96,96,96,96,96,96,96,96,96,96,96,96,96,96,96,96,96,96,96,96,95],"gold":656,"neow_bonus":"THREE_ENEMY_KILL","is_daily":false,"chose_seed":false,"campfire_upgraded":17,"win_rate":0.0,"timestamp":1608594272,"path_taken":["M","?","M","?","M","R","?","?","T","R","?","M","?","E","R","BOSS","M","M","?","?","AVR","R","?","M","T","$","?","E","M","M","R","BOSS","M","?","AVR","M","?","R","NM","?","T","M","?","R","?","M","R","BOSS","M","M","M","M","?","M","?","?","T","R","AVR","NM","R","M","R","BOSS","M","M","M","?","?","R","M","AVR","T","NM","R","?","?","?","R","BOSS","BOSS","M","AVR","M","?","?","R","?","M","T","NM","M","E","?","M","R","BOSS","M","M","?","?","?","E","R","E","T","?","AVR","M","R","M","R","BOSS","M","M","M","?","M","E","?","NM","T","?","M","?","R","E","R","BOSS","M","AVR","M","M","?","E","M","$","T","M","R","M","R","M","R","BOSS","R","$","E","BOSS"],"items_purchased_type":["Card","Relic","Relic","Card","Relic","Relic","Relic","Card"],"build_version":"2020-12-13","purchased_purges":4,"victory":true,"max_hp_per_floor":[70,70,70,70,70,70,70,70,70,70,70,70,70,70,70,70,70,70,70,70,70,70,70,70,70,70,70,70,70,70,70,70,70,70,70,70,70,70,70,70,70,70,70,70,61,61,61,61,61,61,61,61,61,61,61,61,61,61,61,71,71,71,71,71,71,71,71,71,71,71,71,71,71,71,71,78,78,78,78,78,78,78,78,78,78,78,78,78,78,83,83,83,83,83,90,90,90,90,90,90,90,96,96,96,96,96,96,96,96,96,96,96,96,96,96,96,96,96,96,96,96,96,96,96,96,96,96,96,96,96,96,96,96,96,96,96,96,96,96,96,96,96,96,96,96,96,96,96,96,96,96,96,96,96,96,96,96],"card_choices":[{"not_picked":["Cloak And Dagger","ReplayTheSpireMod:Exploit Weakness"],"picked":"Flying Knee","floor":1.0},{"not_picked":["Hidden Blade","Cloak And Dagger"],"picked":"Dagger Spray","floor":3.0},{"not_picked":["Escape Plan","Blur"],"picked":"Poisoned Stab","floor":4.0},{"not_picked":["Concentrate","Malaise"],"picked":"Draining Mist","floor":5.0},{"not_picked":["Hidden Blade","Dodge and Roll"],"picked":"Poisoned Stab","floor":12.0},{"not_picked":["Hidden Blade","Dagger Spray"],"picked":"Leg Sweep","floor":13.0},{"not_picked":["Infinite Blades","Acrobatics"],"picked":"Deadly Poison","floor":14.0},{"not_picked":["Burst","Night Terror"],"picked":"Corpse Explosion","floor":16.0},{"not_picked":["Sucker Punch","Finisher+1","Rebound","Hello World"],"picked":"SKIP","floor":18.0},{"not_picked":["Beam Cell","Blade Dance","Quick Slash"],"picked":"Conserve Battery+1","floor":19.0},{"not_picked":["Scrape","Cold Snap","Flechettes"],"picked":"Self Repair","floor":21.0},{"not_picked":["conspire:Rain","hubris:PowerSurge","Ball Lightning"],"picked":"Leg Sweep","floor":24.0},{"not_picked":["Sucker Punch","Blade Dance+1","Masterful Stab+1"],"picked":"PiercingWail","floor":25.0},{"not_picked":["Panic Button","Dagger Throw+1","hubris:SlightOfHand"],"picked":"Crippling Poison","floor":29.0},{"not_picked":["Go for the Eyes+1","hubris:PowerSurge","Concentrate+1"],"picked":"Deadly Poison","floor":30.0},{"not_picked":["Biased Cognition","Cloak And Dagger","Rebound+1"],"picked":"Dash+1","floor":31.0},{"not_picked":["Bullet Time","Meteor Strike","Multi-Cast"],"picked":"Core Surge","floor":33.0},{"not_picked":["infinitespire:Pacifist","Sickly","ReplayTheSpireMod:Doomed"],"picked":"Parasite","floor":34.0},{"not_picked":["Guardian:Aged","ReplayTheSpireMod:Doomed","hubris:Envy"],"picked":"Languid","floor":34.0},{"not_picked":["Voices","Overencumbered","ReplayTheSpireMod:Doomed"],"picked":"ReplayTheSpireMod:IOU","floor":34.0},{"not_picked":["Ball Lightning+1","Slice","Heel Hook+1"],"picked":"Cold Snap+1","floor":35.0},{"not_picked":["Deflect+1","Sneak Up","ReplayTheSpireMod:Scrap Shanks"],"picked":"Leap+1","floor":36.0},{"not_picked":["hubris:DoWhile","Conserve Battery","Turbo"],"picked":"ReplayTheSpireMod:Dual Polarity","floor":38.0},{"not_picked":["infinitespire:UltimateForm","infinitespire:Punishment"],"picked":"Replay:Fractal Strike","floor":41.0},{"not_picked":["Flying Knee+1","infinitespire:Neurotoxin","Bane+1"],"picked":"Noxious Fumes","floor":41.0},{"not_picked":["Bane+1","hubris:TrickCloak+1","Acrobatics+1"],"picked":"Backflip+1","floor":44.0},{"not_picked":["Hologram","Conserve Battery+1","Prepared"],"picked":"Cold Snap+1","floor":48.0},{"not_picked":["ReplayTheSpireMod:From All Sides","After Image","ReplayTheSpireMod:Necrosis"],"picked":"Electrodynamics","floor":50.0},{"not_picked":["Calculated Gamble","Stack","Predator","ReplayTheSpireMod:The Works"],"picked":"SKIP","floor":52.0},{"not_picked":["Compile Driver","Melter","ReplayTheSpireMod:Repulse"],"picked":"Catalyst","floor":53.0},{"not_picked":["Finisher","Well Laid Plans","Conserve Battery","ReplayTheSpireMod:Scrap Shanks"],"picked":"SKIP","floor":54.0},{"not_picked":["Expertise","Aggregate","BootSequence"],"picked":"Quick Slash","floor":55.0},{"not_picked":["Eviscerate","Cloak And Dagger","Leap","Masterful Stab"],"picked":"SKIP","floor":57.0},{"not_picked":["Electrodynamics","aspiration:Lunge","Deadly Poison+1"],"picked":"PiercingWail+1","floor":63.0},{"not_picked":["ReplayTheSpireMod:GoodbyeWorld","Predator","Redo+1","Conserve Battery+1"],"picked":"SKIP","floor":65.0},{"not_picked":["ReplayTheSpireMod:Necrosis+1","Meteor Strike","Thunder Strike"],"picked":"Phantasmal Killer+1","floor":67.0},{"not_picked":["FIFO Queue","Hologram+1","Acrobatics+1","aspiration:Polymerization+1"],"picked":"SKIP","floor":69.0},{"not_picked":["Ball Lightning","Tactician+1","Tempest+1"],"picked":"conspire:PoisonWeapons+1","floor":70.0},{"not_picked":["Gash","Finisher","Riddle With Holes+1","Leap+1"],"picked":"SKIP","floor":71.0},{"not_picked":["Go for the Eyes","Compile Driver","Capacitor"],"picked":"Conserve Battery+1","floor":73.0},{"not_picked":["Backflip+1","Ball Lightning","A Thousand Cuts"],"picked":"Dodge and Roll+1","floor":75.0},{"not_picked":["Hologram+1","Setup+1","Go for the Eyes","Streamline"],"picked":"SKIP","floor":78.0},{"not_picked":["Steam Power+1","Go for the Eyes","Hidden Blade+1"],"picked":"Coolheaded+1","floor":81.0},{"not_picked":["Choke+1","Cloak And Dagger+1","Bane+1"],"picked":"Leap+1","floor":86.0},{"not_picked":["ReplayTheSpireMod:Chaos Vortex","infinitespire:DeathsTouch"],"picked":"infinitespire:FutureSight","floor":88.0},{"not_picked":["Hologram+1","Streamline+1","Beam Cell","FIFO Queue"],"picked":"SKIP","floor":88.0},{"not_picked":["Dagger Spray+1","Gash","BootSequence+1"],"picked":"Leg Sweep+1","floor":89.0},{"not_picked":["Blizzard","Tools of the Trade","Ball Lightning"],"picked":"Leap+1","floor":89.0},{"not_picked":["Fusion+1","conspire:SharedLibrary+1","Underhanded Strike"],"picked":"Blade Dance+1","floor":89.0},{"not_picked":["Dagger Spray+1","ReplayGash+1","Deadly Poison+1"],"picked":"PiercingWail+1","floor":90},{"not_picked":["ReplayTheSpireMod:Dual Polarity+1","Steam+1","Poisoned Stab"],"picked":"White Noise+1","floor":93},{"not_picked":["Auto Shields+1","Barrage+1","Loop+1"],"picked":"Coolheaded+1","floor":95},{"not_picked":["Skim+1","Steam+1","Well Laid Plans","Deadly Poison+1"],"picked":"SKIP","floor":96},{"not_picked":["ReplayTheSpireMod:Reroute Power+1","Auto Shields+1","Thunder Strike","Setup+1"],"picked":"SKIP","floor":97},{"not_picked":["Streamline","Compile Driver","Underhanded Strike+1"],"picked":"Leg Sweep+1","floor":99},{"not_picked":["Slimebound:CorrosiveSpit","Replay:GuardianBash","Dualcast"],"picked":"Neutralize","floor":102},{"not_picked":["Replay:Bag of Tricks","Malaise","Glass Knife"],"picked":"Burst","floor":102},{"not_picked":["Replay:SS_hec_2","expansioncontent:ManipulateTime","expansioncontent:Sear"],"picked":"expansioncontent:Chronoboost","floor":102},{"not_picked":["ReplayTheSpireMod:??????????????????????","ReplayTheSpireMod:Book of Names","ReplayTheSpireMod:Book of Names"],"picked":"infinitespire:Punishment","floor":102},{"not_picked":["Redo+1","Sucker Punch","Flying Knee"],"picked":"Double Energy+1","floor":103},{"not_picked":["Gash","Leap+1","Well Laid Plans","Rebound"],"picked":"SKIP","floor":104},{"not_picked":["hubris:Fate","infinitespire:Execution"],"picked":"infinitespire:Starlight","floor":107},{"not_picked":["Poisoned Stab","Endless Agony","Deadly Poison+1"],"picked":"BasicCrystalCard+1","floor":108},{"not_picked":["Cloak And Dagger+1","Redo+1","Barrage"],"picked":"Gash","floor":110},{"not_picked":["Lockon","Bouncing Flask+1","Time Bomb+1","conspire:DoublingDagger+1"],"picked":"SKIP","floor":114},{"not_picked":["hubris:SlightOfHand+1","hubris:TrickCloak+1","FIFO Queue"],"picked":"Glacier+1","floor":116},{"not_picked":["hubris:SpecializedCircuitry","Glass Knife","All For One"],"picked":"Buffer","floor":118},{"not_picked":["PiercingWail+1","Hello World+1"],"picked":"SKIP","floor":120},{"not_picked":["Masterful Stab+1","Tempest+1"],"picked":"SKIP","floor":121},{"not_picked":["Masterful Stab+1","Tempest+1"],"picked":"SKIP","floor":121},{"not_picked":["Masterful Stab+1","Tempest+1"],"picked":"SKIP","floor":121},{"not_picked":["Ball Lightning+1","Fluid Movement"],"picked":"SKIP","floor":122},{"not_picked":["hubris:SlightOfHand+1","Compile Driver"],"picked":"SKIP","floor":124},{"not_picked":["Footwork","Hello World"],"picked":"SKIP","floor":125},{"not_picked":["Backflip+1"],"picked":"Echo Form","floor":127},{"not_picked":["Crippling Poison+1"],"picked":"Backflip+1","floor":130},{"not_picked":["Deflect+1","ReplayGash+1"],"picked":"SKIP","floor":131},{"not_picked":["Slice","Deflect+1"],"picked":"SKIP","floor":133},{"not_picked":["Night Terror+1"],"picked":"Core Surge","floor":135},{"not_picked":["Rip and Tear+1","Finisher"],"picked":"SKIP","floor":137},{"not_picked":["Poisoned Stab+1","Prepared+1"],"picked":"SKIP","floor":139},{"not_picked":["Replay:Poison Smokescreen+1","Storm+1"],"picked":"SKIP","floor":140},{"not_picked":["hubris:Ukulele+1","hubris:PowerSurge+1"],"picked":"SKIP","floor":142},{"not_picked":["Barrage+1"],"picked":"Loop+1","floor":143},{"not_picked":["Stack+1","Footwork"],"picked":"SKIP","floor":146},{"not_picked":["Conserve Battery+1","ReplayTheSpireMod:Tripwire+1"],"picked":"SKIP","floor":148},{"not_picked":["Redo+1"],"picked":"Outmaneuver+1","floor":150},{"not_picked":["aspiration:Lunge"],"picked":"Burst+1","floor":152},{"not_picked":["Quick Slash+1"],"picked":"Blade Dance+1","floor":156},{"not_picked":["Electrodynamics"],"picked":"Poison Darts+1","floor":157}],"player_experience":1019937,"relics_obtained":[{"floor":9.0,"key":"Blue Doll"},{"floor":14.0,"key":"Vajra"},{"floor":21.0,"key":"Pen Nib"},{"floor":26.0,"key":"Simple Rune"},{"floor":29.0,"key":"infinitespire:BottledMercury"},{"floor":41.0,"key":"StoneCalendar"},{"floor":42.0,"key":"MealTicket"},{"floor":43.0,"key":"ReplayTheSpireMod:Lightbulb"},{"floor":60.0,"key":"Pear"},{"floor":63.0,"key":"infinitespire:Lucky Rock"},{"floor":73.0,"key":"Red Mask"},{"floor":77.0,"key":"PreservedInsect"},{"floor":78.0,"key":"aspiration:StickyExplosives_weak"},{"floor":90,"key":"Durian"},{"floor":94,"key":"Darkstone Periapt"},{"floor":95,"key":"Strawberry"},{"floor":97,"key":"Bag of Marbles"},{"floor":108,"key":"Smiling Mask"},{"floor":110,"key":"Golden Egg"},{"floor":111,"key":"Replay:WaspNest"},{"floor":125,"key":"hubris:64BitClover"},{"floor":127,"key":"Du-Vu Doll"},{"floor":128,"key":"Lantern"},{"floor":129,"key":"Tiny Chest"},{"floor":133,"key":"ReplayFunnel"},{"floor":134,"key":"hubris:DeckOfHolding"},{"floor":142,"key":"Tingsha"},{"floor":143,"key":"Bronze Scales"},{"floor":156,"key":"MawBank"}],"event_choices":[{"damage_healed":0.0,"max_hp_gain":0.0,"max_hp_loss":0.0,"gold_gain":0.0,"event_name":"The Woman in Blue","player_choice":"Bought 3 Potions","floor":2.0,"gold_loss":0.0,"damage_taken":0.0},{"damage_healed":0.0,"max_hp_gain":0.0,"max_hp_loss":0.0,"gold_gain":0.0,"event_name":"WeMeetAgain","player_choice":"Paid Gold","floor":11.0,"gold_loss":57.0,"damage_taken":0.0,"relics_obtained":["hubris:TenFootPole"]},{"damage_healed":0.0,"max_hp_gain":0.0,"max_hp_loss":0.0,"gold_gain":0.0,"event_name":"N\u0027loth","player_choice":"Ignored","floor":28.0,"gold_loss":0.0,"damage_taken":0.0},{"damage_healed":61.0,"max_hp_gain":0.0,"max_hp_loss":9.0,"gold_gain":0.0,"event_name":"The Moai Head","player_choice":"Heal","floor":45.0,"gold_loss":0.0,"damage_taken":0.0},{"cards_removed":["Strike_G"],"damage_healed":0.0,"max_hp_gain":0.0,"max_hp_loss":0.0,"gold_gain":0.0,"event_name":"Falling","player_choice":"Removed Attack","floor":47.0,"gold_loss":0.0,"damage_taken":0.0},{"damage_healed":0.0,"max_hp_gain":0.0,"max_hp_loss":0.0,"gold_gain":75.0,"event_name":"World of Goop","player_choice":"Gather Gold","floor":56.0,"gold_loss":0.0,"damage_taken":11.0},{"damage_healed":0.0,"max_hp_gain":0.0,"max_hp_loss":0.0,"gold_gain":0.0,"event_name":"Scrap Ooze","player_choice":"Success","floor":58.0,"gold_loss":0.0,"damage_taken":18.0,"relics_obtained":["aspiration:DSix"]},{"damage_healed":0.0,"max_hp_gain":0.0,"max_hp_loss":0.0,"gold_gain":0.0,"event_name":"Masked Bandits","player_choice":"Fought Bandits","floor":73.0,"gold_loss":0.0,"damage_taken":0.0},{"damage_healed":0.0,"max_hp_gain":0.0,"max_hp_loss":0.0,"gold_gain":0.0,"event_name":"The Mausoleum","player_choice":"Opened","floor":82.0,"gold_loss":0.0,"damage_taken":0.0,"relics_obtained":["hubris:Reverence"],"cards_obtained":["Writhe"]},{"damage_healed":0.0,"max_hp_gain":0.0,"max_hp_loss":0.0,"gold_gain":0.0,"event_name":"MindBloom","player_choice":"Fight","floor":90.0,"gold_loss":0.0,"damage_taken":0.0},{"cards_removed":["Injury"],"damage_healed":0,"gold_gain":0,"player_choice":"Card Removal","damage_taken":0,"max_hp_gain":0,"max_hp_loss":0,"event_name":"The Cleric","floor":105,"gold_loss":50},{"damage_healed":0,"gold_gain":0,"player_choice":"Agree","damage_taken":0,"max_hp_gain":0,"max_hp_loss":0,"event_name":"conspire:LoneGhost","floor":106,"gold_loss":0},{"damage_healed":0,"gold_gain":0,"player_choice":"Ignored","damage_taken":0,"max_hp_gain":0,"max_hp_loss":0,"event_name":"NoteForYourself","floor":112,"gold_loss":0},{"damage_healed":0,"gold_gain":0,"player_choice":"1 cards matched","damage_taken":0,"max_hp_gain":0,"max_hp_loss":0,"event_name":"Match and Keep!","floor":123,"gold_loss":0,"cards_obtained":["conspire:PoisonWeapons"]}],"is_beta":false,"boss_relics":[{"not_picked":["SacredBark","aspiration:FutureDiary"],"picked":"aspiration:DefectSkillbook"},{"not_picked":["Ring of Chaos","Snecko Scales"],"picked":"Replay:Ancient Bell"},{"not_picked":["aspiration:ChemicalBlood","Bag of Marbles"],"picked":"aspiration:Lifesprig"},{"not_picked":["ReplayTheSpireMod:Ninjato","Gremlin Horn"],"picked":"Mummified Hand"},{"not_picked":["Replay:Towering Pillar of Hats","hubris:FunFungus"],"picked":"conspire:InfiniteJournal"},{"not_picked":["SlaversCollar","Runic Dome"],"picked":"ChewingGum"},{"not_picked":["conspire:SeveredTorchhead","HoveringKite"],"picked":"hubris:Backtick"},{"not_picked":["WristBlade","Runic Pyramid"],"picked":"Philosopher\u0027s Stone"},{"not_picked":["Calling Bell","hubris:BlackHole"],"picked":"ReplayTheSpireMod:SealedPack"},{"not_picked":["hubris:Stopwatch","Snecko Scales","ReplayTheSpireMod:DimensionalGlitch"],"picked":"Replay:Grab Bag"},{"not_picked":["conspire:RoyalGoblet","conspire:SeveredTorchhead","aspiration:Stellarator"],"picked":"Fusion Hammer"},{"not_picked":["Runic Dome","infinitespire:Cupcake","Replay:Drink Me"],"picked":"Busted Crown"},{"not_picked":["aspiration:RunicSpoon","Black Star","Pandora\u0027s Box"],"picked":"Astrolabe"},{"not_picked":["aspiration:SecretTechniqueScroll","Snecko Eye","Ring of Chaos"],"picked":"hubris:HollowSoul"},{"not_picked":["Replay:Wanted Poster","hubris:TerracottaHorce","SlaversCollar"],"picked":"Cursed Key"},{"not_picked":["expansioncontent:StudyCardRelic","conspire:SlowCooker","hubris:CrackedHourglass"],"picked":"hubris:ScarierMask"}],"items_purged_floors":[22,80,92,144],"is_endless":true,"potions_floor_spawned":[3,12,14,16,19,30,31,33,36,38,44,57,65,67,71,73,75,81,96,97,99,101,108,110,116,118,121,122,124,130,137,139,143,148],"ascension_level":0}}