{"host":"wc8dlsuapnihxz7u","time":1608538132,"event":{"mods":["2.2 Compatiblity","A Magickal Journey","AchievementEnabler","Act Like it!","AlwaysNeverKeys","Ascension Reborn","Aspiration","BaseMod","Better Altar","BetterRewards","Challenge The Spire","Conspire","Energized Spire","GifTheSpireLib","Halation","Hubris","Koishi","Minty Spire (QoL Compilation)","Permanent Neow","Quick Restart","Replay The Spire","Shop Mod","Spikes Relics","StSLib","Stuff the Spire","SuperFastMode","The Administrix","The Construct","The Exalted","vexMod"],"gold_per_floor":[213,229,249,249,249,279,279,313,313,46,46,79,95,129,129,228,228,211,211,211,221,237,263,8,26,26,26,61,61,61,73,73,172,172,187,242,260,260,275,275,275,275],"floor_reached":41,"playtime":2260,"items_purged":[],"score":534,"play_id":"7448f205-a09c-456f-b00e-2bd64b53d1d5","local_time":"20201221030852","is_ascension_mode":true,"campfire_choices":[{"floor":7,"key":"REST"},{"floor":11,"key":"REST"},{"floor":15,"key":"REST"},{"floor":27,"key":"REST"},{"floor":30,"key":"REST"},{"floor":32,"key":"REST"},{"floor":40,"key":"REST"}],"circlet_count":0,"master_deck":["Strike_G","Strike_G","Strike_G","Strike_G","Strike_G","Defend_G+1","Defend_G+1","Defend_G+1","Defend_G+1","Defend_G+1","Survivor","Neutralize","Deadly Poison","Flying Knee","Cloak And Dagger","Footwork","Deadly Poison","Apotheosis+1","StuffTheSpire:MirrorStance","Blur","Outmaneuver+1","Corpse Explosion+1","Dodge and Roll+1","Deflect+1","Dodge and Roll+1","StuffTheSpire:ReptileScales+1","Poisoned Stab+1","conspire:DoublingDagger+1","Hidden Blade+1","Choke+1"],"relics":["Ring of the Snake","Omamori","MealTicket","StuffTheSpire:WitherSkull","Bromod:ArcaneGuardian","Toxic Egg 2","SacredBark","conspire:Flyswatter","MutagenicStrength","Oddly Smooth Stone","Ancient Tea Set","halation:PeacePiece","Replay:Bottled Eggs","hubris:SlimyHat","vexMod:MysteryBossChallenge","StuffTheSpire:ModemDavis","aspiration:ChemicalBlood"],"acts_visited":["Exordium","TheCity","TheBeyond"],"potions_floor_usage":[6,16,28,28,28,37,37,41,41,41],"damage_taken":[{"damage":0,"enemies":"Cultist","floor":1,"turns":4},{"damage":2,"enemies":"2 Louse","floor":2,"turns":5},{"damage":0,"enemies":"Jaw Worm","floor":3,"turns":4},{"damage":30,"enemies":"3 Sentries","floor":6,"turns":14},{"damage":34,"enemies":"Gremlin Nob","floor":8,"turns":6},{"damage":0,"enemies":"Lagavulin","floor":12,"turns":6},{"damage":0,"enemies":"Red Slaver","floor":13,"turns":4},{"damage":16,"enemies":"Replay:BlueRogue","floor":14,"turns":5},{"damage":34,"enemies":"Hexaghost","floor":16,"turns":12},{"damage":18,"enemies":"2 Thieves","floor":18,"turns":4},{"damage":22,"enemies":"3 Byrds","floor":21,"turns":4},{"damage":16,"enemies":"Shelled Parasite and Fungi","floor":22,"turns":7},{"damage":3,"enemies":"conspire:Head Lice","floor":23,"turns":7},{"damage":2,"enemies":"Snecko","floor":25,"turns":6},{"damage":23,"enemies":"Gremlin Leader","floor":28,"turns":6},{"damage":0,"enemies":"3 Cultists","floor":31,"turns":4},{"damage":47,"enemies":"Automaton","floor":33,"turns":19},{"damage":11,"enemies":"3 Shapes","floor":35,"turns":3},{"damage":26,"enemies":"3 Darklings","floor":37,"turns":5},{"damage":19,"enemies":"Sphere and 2 Shapes","floor":39,"turns":6},{"damage":57,"enemies":"Giant Head","floor":41,"turns":10}],"seed_played":"-3487100840103878599","potions_obtained":[{"floor":1,"key":"FearPotion"},{"floor":4,"key":"Fruit Juice"},{"floor":6,"key":"LiquidMemories"},{"floor":14,"key":"SpeedPotion"},{"floor":16,"key":"Poison Potion"},{"floor":18,"key":"Fire Potion"},{"floor":28,"key":"BlessingOfTheForge"},{"floor":33,"key":"Explosive Potion"},{"floor":36,"key":"Reflective Coating"},{"floor":37,"key":"Elixir"},{"floor":41,"key":"Elixir"}],"is_trial":false,"path_per_floor":["M","M","M","?","?","E","R","E","T","$","R","E","M","E","R","B",null,"M","T","?","M","M","E","$","M","T","R","E","?","R","M","R","B",null,"M","?","M","?","M","R","E"],"character_chosen":"THE_SILENT","items_purchased":["Apotheosis","Regen Potion","Ancient Tea Set","halation:PeacePiece"],"campfire_rested":7,"item_purchase_floors":[10,10,24,24],"current_hp_per_floor":[70,68,68,68,68,43,65,31,31,46,68,68,68,52,74,51,75,57,57,57,35,19,16,31,29,29,51,28,28,50,50,72,25,75,64,64,38,38,19,41,0,0],"gold":275,"neow_bonus":"HUNDRED_GOLD","is_daily":false,"chose_seed":false,"campfire_upgraded":0,"win_rate":0.0,"timestamp":1608538132,"path_taken":["M","?","M","?","?","E","R","E","T","$","R","E","M","E","R","BOSS","M","?","?","M","M","E","$","M","T","R","E","?","R","M","R","BOSS","M","?","?","?","M","R","E"],"items_purchased_type":["Card","Potion","Relic","Relic"],"build_version":"2020-12-13","purchased_purges":0,"victory":false,"max_hp_per_floor":[70,70,70,70,70,75,75,75,75,75,75,75,75,75,75,75,75,75,75,75,75,75,75,75,75,75,75,75,75,75,75,75,75,75,75,75,75,75,75,75,75,75],"card_choices":[{"not_picked":["StuffTheSpire:MirrorStance","ReplayTheSpireMod:Scrap Shanks"],"picked":"Deadly Poison","floor":1},{"not_picked":["hubris:SlightOfHand","Deflect"],"picked":"Flying Knee","floor":2},{"not_picked":["Acrobatics","Prepared"],"picked":"Cloak And Dagger","floor":3},{"not_picked":["Endless Agony","Calculated Gamble"],"picked":"Footwork","floor":6},{"not_picked":["Reflex","Draining Mist"],"picked":"Deadly Poison","floor":8},{"not_picked":["StuffTheSpire:Fury","Dodge and Roll"],"picked":"StuffTheSpire:MirrorStance","floor":12},{"not_picked":["Toxin Wave","hubris:SlightOfHand"],"picked":"Blur","floor":13},{"not_picked":["StuffTheSpire:Repulse+1","Heel Hook"],"picked":"Outmaneuver+1","floor":14},{"not_picked":["Envenom","A Thousand Cuts"],"picked":"Corpse Explosion+1","floor":16},{"not_picked":["Quick Slash","StuffTheSpire:Sprint+1"],"picked":"Dodge and Roll+1","floor":18},{"not_picked":["ShadowRift","Eviscerate"],"picked":"Deflect+1","floor":21},{"not_picked":["Dash","Dagger Spray"],"picked":"Dodge and Roll+1","floor":22},{"not_picked":["Dodge and Roll+1","All Out Attack"],"picked":"StuffTheSpire:ReptileScales+1","floor":23},{"not_picked":["Quick Slash+1","Skewer+1","Dagger Throw"],"picked":"SKIP","floor":25},{"not_picked":["All Out Attack+1","StuffTheSpire:Fury+1","Dagger Throw"],"picked":"SKIP","floor":28},{"not_picked":["StuffTheSpire:Repulse+1","Dash"],"picked":"Poisoned Stab+1","floor":31},{"not_picked":["All Out Attack+1","Underhanded Strike"],"picked":"conspire:DoublingDagger+1","floor":35},{"not_picked":["Masterful Stab","Sucker Punch+1"],"picked":"Hidden Blade+1","floor":36},{"not_picked":["StuffTheSpire:Python+1","Distraction+1"],"picked":"Choke+1","floor":37},{"not_picked":["Acrobatics+1","StuffTheSpire:ClusterCrunch","StuffTheSpire:Python+1"],"picked":"SKIP","floor":39}],"player_experience":163500,"relics_obtained":[{"floor":6,"key":"Omamori"},{"floor":8,"key":"MealTicket"},{"floor":9,"key":"StuffTheSpire:WitherSkull"},{"floor":12,"key":"Bromod:ArcaneGuardian"},{"floor":14,"key":"Toxic Egg 2"},{"floor":19,"key":"conspire:Flyswatter"},{"floor":23,"key":"Oddly Smooth Stone"},{"floor":26,"key":"Replay:Bottled Eggs"},{"floor":28,"key":"hubris:SlimyHat"},{"floor":36,"key":"aspiration:ChemicalBlood"}],"event_choices":[{"damage_healed":0,"gold_gain":0,"player_choice":"Bought 0 Potions","damage_taken":0,"max_hp_gain":0,"max_hp_loss":0,"event_name":"The Woman in Blue","floor":5,"gold_loss":0},{"damage_healed":0,"gold_gain":0,"player_choice":"Inject Mutagens","damage_taken":0,"relics_obtained":["MutagenicStrength"],"max_hp_gain":0,"max_hp_loss":0,"event_name":"Drug Dealer","floor":20,"gold_loss":0},{"damage_healed":0,"gold_gain":0,"player_choice":"Ignored","damage_taken":0,"max_hp_gain":0,"max_hp_loss":0,"event_name":"Tomb of Lord Red Mask","floor":38,"gold_loss":0}],"is_beta":false,"boss_relics":[{"not_picked":["StuffTheSpire:ModemDavis","Bromod:ArcaneBarrier"],"picked":"SacredBark"},{"not_picked":["Snecko Scales","Replay:Bronze Core"],"picked":"vexMod:MysteryBossChallenge"}],"items_purged_floors":[],"is_endless":false,"potions_floor_spawned":[1,6,14,16,18,28,33,37],"killed_by":"Giant Head","ascension_level":1}}