{"host":"zsm7nv3crm3m4x5c","time":1608516730,"event":{"mods":["AchievementEnabler","BaseMod","Colored Map","Colored Powertips","Minty Spire (QoL Compilation)","Shop Mod"],"gold_per_floor":[110,159,172,322,336,336,367,377,401,413,444,476,515,538,550,562,562],"floor_reached":16,"playtime":482,"items_purged":[],"score":205,"play_id":"8b7b110c-1020-43c3-8013-bf5b0809ebfa","local_time":"20201220211210","is_ascension_mode":true,"campfire_choices":[{"data":"Whirlwind","floor":6.0,"key":"SMITH"},{"floor":10,"key":"REST"},{"floor":15,"key":"REST"}],"circlet_count":0,"master_deck":["AscendersBane","Strike_R+1","Strike_R","Strike_R","Strike_R+1","Strike_R","Defend_R","Defend_R","Defend_R","Defend_R","Bash","Whirlwind+1","Doubt","Inflame","Pummel","Flame Barrier"],"relics":["Burning Blood","NeowsBlessing","Whetstone","Torii","MawBank","Dream Catcher"],"acts_visited":["Exordium"],"potions_floor_usage":[13,13,16],"damage_taken":[{"damage":0.0,"enemies":"Cultist","floor":1.0,"turns":1.0},{"damage":0.0,"enemies":"Jaw Worm","floor":3.0,"turns":1.0},{"damage":0.0,"enemies":"2 Louse","floor":5.0,"turns":1.0},{"damage":32.0,"enemies":"Gremlin Nob","floor":7.0,"turns":4.0},{"damage":26,"enemies":"Exordium Thugs","floor":8,"turns":4},{"damage":14,"enemies":"Blue Slaver","floor":11,"turns":5},{"damage":8,"enemies":"Gremlin Gang","floor":12,"turns":2},{"damage":40,"enemies":"Lagavulin","floor":13,"turns":7},{"damage":1,"enemies":"3 Louse","floor":14,"turns":2},{"damage":37,"enemies":"Hexaghost","floor":16,"turns":11}],"seed_played":"3867996120785572516","potions_obtained":[{"floor":1.0,"key":"LiquidBronze"},{"floor":8,"key":"Ancient Potion"},{"floor":12,"key":"SkillPotion"},{"floor":14,"key":"Strength Potion"}],"is_trial":false,"path_per_floor":["M","T","M","?","M","R","E","M","T","R","M","M","E","M","R","B"],"character_chosen":"IRONCLAD","items_purchased":[],"campfire_rested":2,"item_purchase_floors":[],"current_hp_per_floor":[74,74,75,75,75,75,49,29,29,51,43,41,7,12,34,0,0],"gold":562,"neow_bonus":"THREE_ENEMY_KILL","is_daily":false,"chose_seed":false,"campfire_upgraded":1,"win_rate":0.0,"timestamp":1608516730,"path_taken":["M","?","?","?","M","R","E","M","T","R","M","M","E","M","R","BOSS"],"items_purchased_type":[],"build_version":"2020-12-13","purchased_purges":0,"victory":false,"max_hp_per_floor":[75,75,75,75,75,75,75,75,75,75,75,75,75,75,75,75,75],"card_choices":[{"not_picked":["Rage","Thunderclap"],"picked":"Whirlwind","floor":1.0},{"not_picked":["Reckless Charge","Warcry","Sword Boomerang"],"picked":"SKIP","floor":3.0},{"not_picked":["Body Slam","Clash","Evolve"],"picked":"SKIP","floor":5.0},{"not_picked":["Entrench","Dark Embrace"],"picked":"Inflame","floor":7.0},{"not_picked":["Iron Wave","Havoc","Thunderclap"],"picked":"SKIP","floor":8},{"not_picked":["Havoc","Anger","Combust"],"picked":"SKIP","floor":11},{"not_picked":["Wild Strike","Evolve","Headbutt"],"picked":"SKIP","floor":12},{"not_picked":["Pommel Strike","Anger"],"picked":"Pummel","floor":13},{"not_picked":["Pommel Strike","Immolate","Dropkick"],"picked":"SKIP","floor":14},{"not_picked":["Dual Wield","Seeing Red"],"picked":"Flame Barrier","floor":15}],"player_experience":512115,"relics_obtained":[{"floor":2.0,"key":"Whetstone"},{"floor":7.0,"key":"Torii"},{"floor":9,"key":"MawBank"},{"floor":13,"key":"Dream Catcher"}],"event_choices":[{"damage_healed":0.0,"max_hp_gain":0.0,"max_hp_loss":0.0,"gold_gain":150.0,"event_name":"Liars Game","player_choice":"AGREE","floor":4.0,"gold_loss":0.0,"damage_taken":0.0,"cards_obtained":["Doubt"]}],"is_beta":false,"boss_relics":[],"items_purged_floors":[],"is_endless":false,"potions_floor_spawned":[1,8,12,14],"killed_by":"Hexaghost","ascension_level":16}}