{"host":"2l5k2wp87eek7qja","time":1608556694,"event":{"mods":["BaseMod","Colored Map","Minty Spire (QoL Compilation)","Relic Stats"],"gold_per_floor":[110,120,120,90,1,1,22,62,62,62,77,121,190,228,228,228,228],"floor_reached":16,"playtime":629,"items_purged":[],"score":236,"play_id":"3ff33934-126c-4a7e-abfd-e8320f79cbaf","local_time":"20201221151814","is_ascension_mode":true,"campfire_choices":[{"data":"Combust","floor":6.0,"key":"SMITH"},{"floor":10.0,"key":"REST"},{"data":"Blood for Blood","floor":15,"key":"SMITH"}],"circlet_count":0,"master_deck":["AscendersBane","Strike_R","Strike_R","Strike_R","Strike_R","Strike_R","Defend_R","Defend_R","Defend_R","Defend_R","Bash","Anger","Ghostly Armor","Combust+1","Carnage","Shockwave","Double Tap","Blood for Blood+1","Clash","Battle Trance"],"relics":["Burning Blood","NeowsBlessing","Golden Idol","Blue Candle","Dream Catcher","PreservedInsect","Anchor","Boot"],"acts_visited":["Exordium"],"potions_floor_usage":[12,13,16],"damage_taken":[{"damage":0.0,"enemies":"Cultist","floor":1.0,"turns":1.0},{"damage":0.0,"enemies":"Small Slimes","floor":2.0,"turns":1.0},{"damage":0.0,"enemies":"2 Louse","floor":7.0,"turns":1.0},{"damage":13.0,"enemies":"Lagavulin","floor":8.0,"turns":4.0},{"damage":20,"enemies":"Gremlin Gang","floor":11,"turns":4},{"damage":18,"enemies":"Gremlin Nob","floor":12,"turns":4},{"damage":19,"enemies":"3 Sentries","floor":13,"turns":6},{"damage":23,"enemies":"Lagavulin","floor":14,"turns":6},{"damage":32,"enemies":"The Guardian","floor":16,"turns":10}],"seed_played":"6230342858673512256","potions_obtained":[{"floor":4.0,"key":"SneckoOil"},{"floor":4.0,"key":"SneckoOil"},{"floor":8.0,"key":"LiquidBronze"},{"floor":12,"key":"Dexterity Potion"},{"floor":13,"key":"BloodPotion"}],"is_trial":false,"path_per_floor":["M","M","?","?","$","R","M","E","T","R","M","E","?","E","R","B"],"character_chosen":"IRONCLAD","items_purchased":["Combust"],"campfire_rested":1,"item_purchase_floors":[5],"current_hp_per_floor":[74,75,49,49,49,49,55,48,48,70,56,44,31,14,14,0,0],"gold":228,"neow_bonus":"THREE_ENEMY_KILL","is_daily":false,"chose_seed":false,"campfire_upgraded":2,"win_rate":0.0,"timestamp":1608556694,"path_taken":["M","?","?","?","$","R","?","E","T","R","M","E","?","E","R","BOSS"],"items_purchased_type":["Card"],"build_version":"2020-12-13","purchased_purges":0,"victory":false,"max_hp_per_floor":[75,75,75,75,75,75,75,75,75,75,75,75,75,75,75,75,75],"relic_stats":{"Dream Catcher":1,"counters":[9,37],"Golden Idol":40,"Blue Candle":[0],"PreservedInsect":60,"Boot":[2],"obtain_stats":[{"Dream Catcher":9,"Anchor":13,"NeowsBlessing":0,"Golden Idol":3,"Blue Candle":8,"PreservedInsect":12,"Boot":14,"Burning Blood":0},{"Dream Catcher":4,"Anchor":7,"NeowsBlessing":0,"Golden Idol":2,"Blue Candle":4,"PreservedInsect":6,"Boot":8,"Burning Blood":0},{"Dream Catcher":7,"Anchor":21,"NeowsBlessing":0,"Golden Idol":2,"Blue Candle":7,"PreservedInsect":15,"Boot":27,"Burning Blood":0}],"Burning Blood":43},"card_choices":[{"not_picked":["Flex","Seeing Red"],"picked":"Anger","floor":1.0},{"not_picked":["Havoc","Second Wind"],"picked":"Ghostly Armor","floor":2.0},{"not_picked":["Armaments","True Grit"],"picked":"Carnage","floor":7.0},{"not_picked":["Anger","Uppercut"],"picked":"Shockwave","floor":8.0},{"not_picked":["Battle Trance","Iron Wave"],"picked":"Double Tap","floor":10.0},{"not_picked":["Clothesline","Sword Boomerang","Wild Strike"],"picked":"SKIP","floor":11},{"not_picked":["Thunderclap","Bloodletting"],"picked":"Blood for Blood","floor":12},{"not_picked":["Uppercut","Bloodletting"],"picked":"Clash","floor":13},{"not_picked":["Heavy Blade","Disarm"],"picked":"Battle Trance","floor":14}],"player_experience":785732,"relics_obtained":[{"floor":8.0,"key":"Blue Candle"},{"floor":9.0,"key":"Dream Catcher"},{"floor":12,"key":"PreservedInsect"},{"floor":13,"key":"Anchor"},{"floor":14,"key":"Boot"}],"event_choices":[{"damage_healed":0.0,"max_hp_gain":0.0,"max_hp_loss":0.0,"gold_gain":0.0,"event_name":"Golden Idol","player_choice":"Take Damage","floor":3.0,"gold_loss":0.0,"damage_taken":26.0,"relics_obtained":["Golden Idol"]},{"damage_healed":0.0,"max_hp_gain":0.0,"max_hp_loss":0.0,"gold_gain":0.0,"event_name":"The Woman in Blue","player_choice":"Bought 2 Potions","floor":4.0,"gold_loss":0.0,"damage_taken":0.0},{"damage_healed":0,"gold_gain":30,"player_choice":"Searched \u00272\u0027 times","damage_taken":0,"max_hp_gain":0,"max_hp_loss":0,"event_name":"Dead Adventurer","floor":13,"gold_loss":0}],"is_beta":false,"boss_relics":[],"items_purged_floors":[],"is_endless":false,"potions_floor_spawned":[8,12,13],"killed_by":"The Guardian","ascension_level":20}}