{"host":"hfvpa4llnnjpeawn","time":1608587228,"event":{"mods":["2.2 Compatiblity","AchievementEnabler","Act Like it!","Aspiration","Bard","BaseMod","Beaked The Cultist","Better Sensory Stone","Better Skull","Better Third Choice","BetterRewards","CapriCore","Conspire","Downfall","Elementarium","Energized Spire","Hubris","Infinite Spire","Jorbs\u0027s Wanderer Trilogy","Lobotomy","LobotomyExtend","Minty Spire (QoL Compilation)","Replay The Spire","Shade Mod","Spicy Shops","StSLib","The Bladedancer","The Factory","The Gatherer","The Jungle","Waifu the Spire","Wandering Minibosses"],"gold_per_floor":[116,146,122,2,2,2,30,30,30,61,78,78,106,118,118,217,217,197,197,208,241,170,204,204,236,308,308,308,277,21,21,21,124,124,190,190,206,222,222,255,255,289,357,368,70,70,70,70,70,70,70],"floor_reached":50,"playtime":2451,"items_purged":[],"score":767,"play_id":"1c4e5e48-0531-4e13-a4b9-c78322a46ac9","local_time":"20201221164708","is_ascension_mode":true,"campfire_choices":[{"floor":6.0,"key":"REST"},{"floor":8.0,"key":"REST"},{"floor":15.0,"key":"REST"},{"floor":24.0,"key":"REST"},{"data":"ReplayTheSpireMod:??????????????????????","floor":41.0,"key":"SMITH"},{"floor":49.0,"key":"REST"}],"circlet_count":0,"master_deck":["Strike_R","Strike_R","Strike_R","Strike_R","Strike_R","Defend_R","Defend_R","Defend_R","Bash","Hemokinesis","Rupture","ReplayTheSpireMod:Stacked","Feel No Pain","Double Tap","Whirlwind","Juggernaut+1","stsjorbsmod:PollutedStrike","stsjorbsmod:CULLCard","Reaper","expansioncontent:FaceSlap","Shockwave","ReplayTheSpireMod:??????????????????????+1","Anger+1","Sever Soul+1","Flame Barrier","Thunderclap+1","Heavy Blade","Feed","Anger+1","Power Through+1","ReplayTheSpireMod:Limb From Limb","infinitespire:SevenWalls","Perfected Strike+1","Sword Boomerang+1","Clash","hubris:Disease","sneckomod:Bewildered","infinitespire:SealOfDarkness+","Seeing Red+1"],"relics":["downfall:HeartsMalice","Replay:Mystery Machine","theFactory:ChargeChargeCharge","aspiration:Headhunter","aspiration:SecretTechniqueScroll","Pocketwatch","OrangePellets","Bottled Flame","Replay:Bronze Core","Strange Spoon","conspire:BottledYoYo","Replay:M_SmolderingBlood","Replay:Grab Bag","aspiration:HiddenCompartment","HornCleat","infinitespire:DarkRift","bard:ConductorsBaton","hubris:AncientText","hexamod:SpiritBrand","Empty Cage","Elementarium:HuntersElixir","Elementarium:HuntersBracer","infinitespire:Chaos","LetterFromLob"],"acts_visited":["Exordium","TheCity","TheBeyond"],"potions_floor_usage":[],"damage_taken":[{"damage":3.0,"enemies":"2 Louse","floor":1.0,"turns":4.0},{"damage":40.0,"enemies":"conspire:MimicChest","floor":2.0,"turns":5.0},{"damage":44.0,"enemies":"3 Sentries","floor":7.0,"turns":6.0},{"damage":20.0,"enemies":"Gremlin Nob","floor":10.0,"turns":3.0},{"damage":2.0,"enemies":"Jaw Worm","floor":11.0,"turns":4.0},{"damage":34.0,"enemies":"Lagavulin","floor":13.0,"turns":5.0},{"damage":2.0,"enemies":"Small Slimes","floor":14.0,"turns":3.0},{"damage":17.0,"enemies":"The Guardian","floor":16.0,"turns":11.0},{"damage":5.0,"enemies":"2 Thieves","floor":18.0,"turns":4.0},{"damage":4.0,"enemies":"Chosen","floor":20.0,"turns":3.0},{"damage":35.0,"enemies":"Masked Bandits","floor":21.0,"turns":5.0},{"damage":52.0,"enemies":"conspire:SneckoGhost","floor":23.0,"turns":8.0},{"damage":0.0,"enemies":"Nightmare","floor":25.0,"turns":2.0},{"damage":31.0,"enemies":"Sentry and Sphere","floor":29.0,"turns":7.0},{"damage":0.0,"enemies":"Cultist and Chosen","floor":31.0,"turns":1.0},{"damage":60.0,"enemies":"hubris:MusketHawk","floor":33.0,"turns":10.0},{"damage":28.0,"enemies":"3 Shapes","floor":35.0,"turns":4.0},{"damage":21.0,"enemies":"3 Darklings","floor":37.0,"turns":4.0},{"damage":26.0,"enemies":"Jaw Worm Horde","floor":38.0,"turns":3.0},{"damage":26.0,"enemies":"Giant Head","floor":40.0,"turns":6.0},{"damage":39.0,"enemies":"Reptomancer","floor":42.0,"turns":3.0},{"damage":0.0,"enemies":"Spire Growth","floor":44.0,"turns":3.0},{"damage":0.0,"enemies":"4 Shapes","floor":48.0,"turns":1.0}],"seed_played":"-149250352722131367","potions_obtained":[{"floor":1.0,"key":"Reflective Coating"},{"floor":11.0,"key":"FearPotion"},{"floor":14.0,"key":"Dexterity Potion"},{"floor":16.0,"key":"EntropicBrew"},{"floor":21.0,"key":"Reflective Coating"},{"floor":29.0,"key":"SmokeBomb"},{"floor":33.0,"key":"FearPotion"},{"floor":38.0,"key":"SteroidPotion"},{"floor":40.0,"key":"Swift Potion"},{"floor":44.0,"key":"Dexterity Potion"}],"is_trial":false,"path_per_floor":["M","?","?","$","?","R","E","R","T","E","M","?","E","M","R","B",null,"M","AVR","M","?","?","E","R","NM","T","?","?","M","$","M","R","B",null,"M","?","M","M","AVR","E","R","E","T","M","$","?","$","M","R","B"],"character_chosen":"IRONCLAD","items_purchased":["Rupture","HornCleat","Pen Nib","infinitespire:Chaos"],"campfire_rested":5,"item_purchase_floors":[4,30,45,45],"current_hp_per_floor":[80,46,35,35,35,59,21,45,45,31,35,35,7,11,35,24,80,80,80,80,56,76,33,57,63,63,66,66,53,53,67,64,30,89,92,92,83,70,73,67,67,60,60,69,69,69,69,69,102,102,102],"gold":70,"neow_bonus":"DSIX","is_daily":false,"chose_seed":false,"campfire_upgraded":1,"win_rate":0.0,"timestamp":1608587228,"path_taken":["M","?","?","$","?","R","E","R","T","E","M","?","E","M","R","BOSS","M","AVR","M","?","?","E","R","NM","T","?","?","?","?","M","R","BOSS","M","?","M","M","AVR","E","R","E","T","M","$","?","?","M","R","BOSS"],"items_purchased_type":["Card","Relic","Relic","Relic"],"build_version":"2020-12-13","purchased_purges":0,"victory":false,"max_hp_per_floor":[80,80,80,80,80,80,80,80,80,80,80,80,80,80,80,80,80,80,80,80,80,80,80,80,80,80,83,83,86,86,86,86,89,89,95,95,98,101,104,107,107,110,110,113,113,113,113,113,113,113,113],"card_choices":[{"not_picked":["Combust","hubris:CleavingFinish","Headbutt"],"picked":"SKIP","floor":1.0},{"not_picked":["Flex","Anger"],"picked":"Hemokinesis","floor":2.0},{"not_picked":["Dual Wield","Abandon","hubris:ReadiedAction"],"picked":"SKIP","floor":7.0},{"not_picked":["hubris:ReadiedAction","Replay:Undeath\u0027s Touch"],"picked":"ReplayTheSpireMod:Stacked","floor":10.0},{"not_picked":["Clothesline","Combust"],"picked":"Feel No Pain","floor":11.0},{"not_picked":["Power Through","Pommel Strike"],"picked":"Double Tap","floor":13.0},{"not_picked":["Body Slam","Clothesline"],"picked":"Whirlwind","floor":14.0},{"not_picked":["Impervious","Exhume"],"picked":"Juggernaut","floor":16.0},{"not_picked":["stsjorbsmod:Exhale","Guardian:CurlUp"],"picked":"stsjorbsmod:CULLCard","floor":17.0},{"not_picked":["Fiend Fire","conspire:HitWhereItHurts"],"picked":"Reaper","floor":17.0},{"not_picked":["expansioncontent:Sear","expansioncontent:AwakenDeath"],"picked":"expansioncontent:FaceSlap","floor":17.0},{"not_picked":["Replay:Fractal Strike","infinitespire:DeathsTouch"],"picked":"infinitespire:SealOfDarkness+","floor":17.0},{"not_picked":["Dual Wield","Spot Weakness"],"picked":"Shockwave","floor":18.0},{"not_picked":["Pummel","Cleave"],"picked":"Anger+1","floor":20.0},{"not_picked":["conspire:HitWhereItHurts","ReplayTheSpireMod:Strike From Hell+1"],"picked":"Sever Soul+1","floor":21.0},{"not_picked":["Run Through","Twin Strike+1"],"picked":"Flame Barrier","floor":23.0},{"not_picked":["Demonic Infusion","conspire:Charge"],"picked":"Thunderclap+1","floor":25.0},{"not_picked":["Power Through","Cleave+1"],"picked":"Heavy Blade","floor":29.0},{"not_picked":["Demonic Infusion","Demon Form"],"picked":"Feed","floor":33.0},{"not_picked":["Shrug It Off","Cleave"],"picked":"Anger+1","floor":35.0},{"not_picked":["Pommel Strike+1","Warcry"],"picked":"Power Through+1","floor":37.0},{"not_picked":["Wild Strike","hubris:ReadiedAction+1"],"picked":"ReplayTheSpireMod:Limb From Limb","floor":38.0},{"not_picked":["conspire:HitWhereItHurts","Sentinel+1"],"picked":"Perfected Strike+1","floor":40.0},{"not_picked":["Clothesline","Perfected Strike+1"],"picked":"Sword Boomerang+1","floor":42.0},{"not_picked":["Replay:Undeath\u0027s Touch","hubris:ReadiedAction"],"picked":"Clash","floor":44.0},{"not_picked":["ReplayTheSpireMod:Haul","infinitespire:Execution"],"picked":"infinitespire:SealOfDarkness+","floor":46.0},{"not_picked":["Perfected Strike+1","Sword Boomerang"],"picked":"Seeing Red+1","floor":48.0}],"player_experience":306086,"relics_obtained":[{"floor":2.0,"key":"aspiration:EmptySkull"},{"floor":7.0,"key":"Mummified Hand"},{"floor":10.0,"key":"hubris:ToyBattleship"},{"floor":12.0,"key":"King of Hearts"},{"floor":13.0,"key":"Replay:Towering Pillar of Hats"},{"floor":21.0,"key":"Red Mask"},{"floor":23.0,"key":"Toy Ornithopter"},{"floor":25.0,"key":"Replay:Baseball"},{"floor":26.0,"key":"Replay:Ringing Soul"},{"floor":33.0,"key":"LetterFromLob"},{"floor":35.0,"key":"wanderingMiniBosses:ThiefScarf"},{"floor":35.0,"key":"aspiration:DSix"},{"floor":40.0,"key":"Replay:Rubber Ducky"},{"floor":42.0,"key":"infinitespire:ShieldingShard"},{"floor":43.0,"key":"Thread and Needle"},{"floor":48.0,"key":"LetterFromLob"}],"event_choices":[{"damage_healed":0.0,"max_hp_gain":0.0,"max_hp_loss":0.0,"gold_gain":0.0,"event_name":"betterThird:BetterGoop","player_choice":"Slimed","floor":3.0,"gold_loss":24.0,"damage_taken":11.0},{"damage_healed":0.0,"max_hp_gain":0.0,"max_hp_loss":0.0,"gold_gain":0.0,"event_name":"conspire:Investor","player_choice":"Leave","floor":5.0,"gold_loss":0.0,"damage_taken":0.0},{"damage_healed":0.0,"max_hp_gain":0.0,"max_hp_loss":0.0,"gold_gain":0.0,"event_name":"Masked Bandits","player_choice":"Fought Bandits","floor":21.0,"gold_loss":0.0,"damage_taken":0.0},{"damage_healed":0.0,"max_hp_gain":0.0,"max_hp_loss":0.0,"gold_gain":0.0,"event_name":"Upgrade Shrine","player_choice":"Upgraded","floor":28.0,"gold_loss":0.0,"damage_taken":0.0,"cards_upgraded":["Juggernaut"]},{"damage_healed":0.0,"max_hp_gain":0.0,"max_hp_loss":0.0,"gold_gain":0.0,"event_name":"Designer","player_choice":"Punched","floor":32.0,"gold_loss":0.0,"damage_taken":3.0}],"is_beta":false,"boss_relics":[{"not_picked":["Philosopher\u0027s Stone","hubris:HollowSoul"],"picked":"ReplayTheSpireMod:SealedPack"},{"not_picked":["Painkiller Herb","conspire:SeveredTorchhead"],"picked":"aspiration:PoetsPen_weak"}],"items_purged_floors":[],"is_endless":true,"potions_floor_spawned":[1,11,14,16,21,29,33,38,40,44],"killed_by":"Awakened One","ascension_level":4}}