{"host":"vcmmzzj6okc5j399","time":1608546089,"event":{"mods":["BaseMod","Decade(â§è¨ñæ)","Minty Spire (QoL Compilation)","StSLib"],"gold_per_floor":[109,121,121,134,134,134,209,209,209],"floor_reached":8,"playtime":1817,"items_purged":[],"score":46,"play_id":"5b55c969-4481-4e77-aafa-d93ab0afbd21","local_time":"20201221192129","is_ascension_mode":false,"campfire_choices":[{"data":"PhotonAcceleration","floor":6,"key":"SMITH"}],"circlet_count":0,"master_deck":["Decade_Attack","Decade_Attack","Decade_Attack","Decade_Attack","KamenRide","Decade_SpecialSkill","Decade_Defend","Decade_Defend","Decade_Defend","Decade_Defend","PhotonAcceleration+1","Kiva_Eat","RideBooker","Purity"],"relics":["Decadriver","TOEIDeficitBill","Ancient Tea Set"],"acts_visited":["Exordium"],"potions_floor_usage":[],"damage_taken":[{"damage":3.0,"enemies":"Jaw Worm","floor":1.0,"turns":4.0},{"damage":7.0,"enemies":"Cultist","floor":2.0,"turns":5.0},{"damage":5,"enemies":"2 Louse","floor":4,"turns":3},{"damage":67,"enemies":"Gremlin Nob","floor":8,"turns":5}],"seed_played":"-8175728042152754658","potions_obtained":[{"floor":4,"key":"SteroidPotion"}],"is_trial":false,"path_per_floor":["M","M","?","M","?","R","?","E"],"character_chosen":"Decade","items_purchased":[],"campfire_rested":0,"item_purchase_floors":[],"current_hp_per_floor":[74,67,67,62,50,50,39,0,0],"gold":209,"neow_bonus":"TEN_PERCENT_HP_BONUS","is_daily":false,"chose_seed":false,"campfire_upgraded":1,"win_rate":0.0,"timestamp":1608546089,"path_taken":["M","M","?","?","?","R","?","E"],"items_purchased_type":[],"build_version":"2020-12-13","purchased_purges":0,"victory":false,"max_hp_per_floor":[77,77,77,77,77,77,77,77,77],"card_choices":[{"not_picked":["FormRideGaruru","UnarmedAttack5"],"picked":"PhotonAcceleration","floor":1.0}],"player_experience":134832,"relics_obtained":[],"event_choices":[{"damage_healed":0,"gold_gain":0,"player_choice":"3 cards matched","damage_taken":0,"max_hp_gain":0,"max_hp_loss":0,"event_name":"Match and Keep!","floor":3,"gold_loss":0,"cards_obtained":["Kiva_Eat","RideBooker","Purity"]},{"damage_healed":0,"gold_gain":0,"player_choice":"Success","damage_taken":12,"relics_obtained":["Ancient Tea Set"],"max_hp_gain":0,"max_hp_loss":0,"event_name":"Scrap Ooze","floor":5,"gold_loss":0},{"damage_healed":0,"gold_gain":75,"player_choice":"Gather Gold","damage_taken":11,"max_hp_gain":0,"max_hp_loss":0,"event_name":"World of Goop","floor":7,"gold_loss":0}],"is_beta":false,"boss_relics":[],"items_purged_floors":[],"is_endless":false,"potions_floor_spawned":[4],"killed_by":"Gremlin Nob","ascension_level":0}}