{"host":"j4nfyhit1dl35m08","time":1608580416,"event":{"mods":["BaseMod","Downfall","Highlight Path","Minty Spire (QoL Compilation)","StSLib"],"gold_per_floor":[99,99,99,399,411,411,434,434,448,448,458,106,106,21,38,141,141,141,160,160,171,171,186,235,160,179,209,209,209,209,209,222,319,319,319,345,359,376,402,402,429,447,462,494,544,544,545,155,174,174],"floor_reached":51,"playtime":5701,"items_purged":["Pain","Slimebound:RollThrough"],"score":718,"play_id":"05f08f28-682e-4cdc-a6e1-dd17f9ca10bc","local_time":"20201221135336","is_ascension_mode":false,"campfire_choices":[{"data":"Slimebound:Gluttony","floor":1.0,"key":"SMITH"},{"data":"Slimebound:CorrosiveSpit","floor":3.0,"key":"SMITH"},{"data":"Slimebound:Split","floor":6.0,"key":"SMITH"},{"floor":10.0,"key":"REST"},{"data":"Slimebound:WasteNot","floor":18.0,"key":"SMITH"},{"data":"Slimebound:RallyTheTroops","floor":20.0,"key":"SMITH"},{"data":"Slimebound:Replication","floor":25.0,"key":"SMITH"},{"floor":35.0,"key":"RECALL"}],"circlet_count":0,"master_deck":["Slimebound:Tackle","Slimebound:Split+1","Slimebound:CorrosiveSpit+1","Slimebound:Gluttony+1","Slimebound:GoopSpray","Slimebound:FirmFortitude","Slimebound:ForwardTackle","Slimebound:LeadByExample","Slimebound:LivingWall","Slimebound:Equalize+1","Slimebound:Gluttony","Slimebound:Dissolve","Slimebound:RallyTheTroops+1","Slimebound:GoopTackle","Slimebound:ProtectTheBoss","Slimebound:GrowthPunch","Slimebound:SamplingLick+1","Slimebound:Repurpose+1","Slimebound:WasteNot+1","Slimebound:MegaLick+1","Slimebound:SplitAcid","Slimebound:Replication+1","Slimebound:TongueLash","Slimebound:ViciousTackle+1","Slimebound:PrepareCrush","Slimebound:LeadByExample+1","Slimebound:Grow+1","Slimebound:SplitLeeching+1","Parasite","Slimebound:Equalize+1","Slimebound:Overexert","Slimebound:RallyTheTroops+1"],"relics":["Slimebound:AbsorbEndCombat","Old Coin","Slimebound:AggressiveSlimeRelic","WarpedTongs","Orichalcum","Pandora\u0027s Box","War Paint","downfall:HeartBlessingBlue","Juzu Bracelet","MutagenicStrength","Fusion Hammer","Vajra","Dead Branch","Akabeko","Bottled Flame","Ginger","Shuriken","DollysMirror"],"acts_visited":["Exordium","TheCity","TheBeyond"],"potions_floor_usage":[49],"damage_taken":[{"damage":8.0,"enemies":"Jaw Worm","floor":5.0,"turns":4.0},{"damage":35.0,"enemies":"2 Louse","floor":9.0,"turns":3.0},{"damage":16.0,"enemies":"Cultist","floor":11.0,"turns":3.0},{"damage":18.0,"enemies":"downfall:FleeingMerchant","floor":12.0,"turns":4.0},{"damage":18.0,"enemies":"downfall:FleeingMerchant","floor":14.0,"turns":4.0},{"damage":18.0,"enemies":"Blue Slaver","floor":15.0,"turns":3.0},{"damage":43.0,"enemies":"downfall:Ironclad","floor":16.0,"turns":8.0},{"damage":22.0,"enemies":"3 Byrds","floor":19.0,"turns":3.0},{"damage":42.0,"enemies":"Shelled Parasite and Fungi","floor":21.0,"turns":5.0},{"damage":41.0,"enemies":"Snake Plant","floor":23.0,"turns":3.0},{"damage":20.0,"enemies":"Chosen and Byrds","floor":26.0,"turns":4.0},{"damage":44.0,"enemies":"Book of Stabbing","floor":27.0,"turns":5.0},{"damage":22.0,"enemies":"3 Cultists","floor":32.0,"turns":4.0},{"damage":57.0,"enemies":"downfall:Defect","floor":33.0,"turns":7.0},{"damage":69.0,"enemies":"Nemesis","floor":36.0,"turns":5.0},{"damage":16.0,"enemies":"Orb Walker","floor":37.0,"turns":3.0},{"damage":37.0,"enemies":"3 Shapes","floor":38.0,"turns":4.0},{"damage":40.0,"enemies":"Giant Head","floor":39.0,"turns":5.0},{"damage":26.0,"enemies":"Writhing Mass","floor":42.0,"turns":4.0},{"damage":39.0,"enemies":"3 Darklings","floor":43.0,"turns":5.0},{"damage":77.0,"enemies":"Nemesis","floor":44.0,"turns":5.0},{"damage":25.0,"enemies":"Mind Bloom Boss Battle","floor":45.0,"turns":4.0},{"damage":23.0,"enemies":"downfall:FleeingMerchant","floor":47.0,"turns":4.0},{"damage":37,"enemies":"Jaw Worm Horde","floor":49,"turns":3},{"damage":61,"enemies":"downfall:Silent","floor":50,"turns":6}],"seed_played":"-6678482669813122879","potions_obtained":[{"floor":9.0,"key":"Dexterity Potion"},{"floor":13.0,"key":"DistilledChaos"},{"floor":13.0,"key":"FairyPotion"},{"floor":13.0,"key":"DistilledChaos"},{"floor":19.0,"key":"LiquidMemories"},{"floor":43.0,"key":"Regen Potion"},{"floor":44.0,"key":"FairyPotion"}],"is_trial":false,"path_per_floor":["R","?","R","?","M","R","T","?","M","R","M","$","?","$","M","B",null,"R","M","R","M","?","M","T","R","M","E","?","?","?","?","M","B",null,"R","E","M","M","E","?","T","M","M","E","?","?","$","$","M","B",null],"character_chosen":"SLIMEBOUND","items_purchased":["Slimebound:LeadByExample","Orichalcum","Slimebound:LivingWall","Slimebound:Gluttony","Slimebound:Overexert","Regen Potion","Shuriken","DollysMirror"],"campfire_rested":1,"item_purchase_floors":[12,12,12,14,47,47,48,48],"current_hp_per_floor":[60,60,60,48,50,50,50,50,29,47,47,51,51,55,55,47,60,60,58,58,48,48,25,25,35,43,33,56,56,56,56,70,39,70,70,41,39,30,36,61,61,51,59,20,33,33,38,38,32,36],"gold":174,"neow_bonus":"THREE_CARDS","is_daily":false,"chose_seed":false,"campfire_upgraded":6,"win_rate":0.0,"timestamp":1608580416,"path_taken":["R","?","R","?","M","R","T","?","M","R","?","$","?","?","M","BOSS","R","M","R","M","?","M","T","R","M","E","?","?","?","?","M","BOSS","R","E","M","M","E","?","T","M","M","E","?","?","$","$","M","BOSS"],"items_purchased_type":["Card","Relic","Card","Card","Card","Potion","Relic","Relic"],"build_version":"2020-12-13","purchased_purges":2,"victory":true,"max_hp_per_floor":[60,60,60,60,60,60,60,60,60,60,60,60,60,60,60,60,60,60,60,60,60,60,60,60,70,70,70,70,70,70,70,70,70,70,70,70,70,70,70,61,61,61,61,61,61,61,61,61,61,61],"card_choices":[{"not_picked":["Slimebound:Schlurp","Slimebound:FormOfPuddle"],"picked":"Slimebound:Gluttony","floor":0.0},{"not_picked":["Slimebound:ComboTackle","Slimebound:LeechEnergy"],"picked":"Slimebound:GoopSpray","floor":5.0},{"not_picked":["Slimebound:SamplingLick","Slimebound:LeadByExample"],"picked":"Slimebound:RollThrough","floor":9.0},{"not_picked":["Slimebound:ViciousTackle","Slimebound:LevelUp"],"picked":"Slimebound:FirmFortitude","floor":11.0},{"not_picked":["Slimebound:FlameTackle","Slimebound:GoopSpray"],"picked":"Slimebound:ForwardTackle","floor":12.0},{"not_picked":["Slimebound:Replication","Slimebound:SamplingLick"],"picked":"Slimebound:Equalize","floor":14.0},{"not_picked":["Slimebound:MegaLick","Slimebound:ComboTackle"],"picked":"Slimebound:Dissolve","floor":15.0},{"not_picked":["Slimebound:WasteNot","Slimebound:Teamwork"],"picked":"Slimebound:RallyTheTroops","floor":16.0},{"not_picked":["Slimebound:SplitMire","Slimebound:FlameTackle"],"picked":"Slimebound:MegaLick+1","floor":19.0},{"not_picked":["Slimebound:SlimeSpikes+1","Slimebound:GrowthPunch"],"picked":"Slimebound:SplitAcid","floor":21.0},{"not_picked":["Slimebound:ViciousTackle","Slimebound:SlimeBarrage+1"],"picked":"Slimebound:Replication","floor":23.0},{"not_picked":["Slimebound:ComboTackle","Slimebound:Dissolve"],"picked":"Slimebound:TongueLash","floor":26.0},{"not_picked":["Slimebound:PressTheAttack","Slimebound:FinishingTackle","Slimebound:ViciousTackle"],"picked":"SKIP","floor":27.0},{"not_picked":["Slimebound:LivingWall","Slimebound:RollThrough"],"picked":"Slimebound:ViciousTackle+1","floor":32.0},{"not_picked":["Slimebound:OneTwoCombo","Slimebound:Teamwork"],"picked":"Slimebound:PrepareCrush","floor":33.0},{"not_picked":["Slimebound:Repurpose","Slimebound:LeechingTouch"],"picked":"Slimebound:LeadByExample+1","floor":36.0},{"not_picked":["Slimebound:ComboTackle","Slimebound:GrowthPunch+1"],"picked":"Slimebound:Grow+1","floor":37.0},{"not_picked":["Slimebound:Repurpose+1","Slimebound:ViciousTackle+1","Slimebound:GoopTackle"],"picked":"SKIP","floor":38.0},{"not_picked":["Slimebound:DisruptingSlam+1","Slimebound:SplitMire"],"picked":"Slimebound:SplitLeeching+1","floor":39.0},{"not_picked":["Slimebound:PrepareCrush","Slimebound:Gluttony+1","Slimebound:FlameTackle"],"picked":"SKIP","floor":42.0},{"not_picked":["Slimebound:LeechingTouch+1","Slimebound:GrowthPunch","Slimebound:SplitAcid"],"picked":"SKIP","floor":43.0},{"not_picked":["Slimebound:SplitAcid","Slimebound:ProtectTheBoss+1","Slimebound:SlimeSpikes"],"picked":"SKIP","floor":44.0},{"not_picked":["Slimebound:ViciousTackle+1","Slimebound:FinishingTackle+1"],"picked":"Slimebound:Equalize+1","floor":45.0},{"not_picked":["Slimebound:FinishingTackle","Slimebound:BestDefense","Slimebound:GoopSpray+1"],"picked":"SKIP","floor":49}],"player_experience":328929,"relics_obtained":[{"floor":7.0,"key":"Slimebound:AggressiveSlimeRelic"},{"floor":27.0,"key":"Juzu Bracelet"},{"floor":36.0,"key":"Vajra"},{"floor":39.0,"key":"Dead Branch"},{"floor":41.0,"key":"Akabeko"},{"floor":44.0,"key":"Bottled Flame"},{"floor":45.0,"key":"Ginger"}],"event_choices":[{"damage_healed":0.0,"max_hp_gain":0.0,"max_hp_loss":0.0,"gold_gain":0.0,"event_name":"Scrap Ooze","player_choice":"Success","floor":4.0,"gold_loss":0.0,"damage_taken":12.0,"relics_obtained":["Old Coin"]},{"damage_healed":0.0,"max_hp_gain":0.0,"max_hp_loss":0.0,"gold_gain":0.0,"event_name":"Accursed Blacksmith","player_choice":"Rummage","floor":8.0,"gold_loss":0.0,"damage_taken":0.0,"relics_obtained":["WarpedTongs"],"cards_obtained":["Pain"]},{"damage_healed":0.0,"max_hp_gain":0.0,"max_hp_loss":0.0,"gold_gain":0.0,"event_name":"Lab","player_choice":"Got Potions","floor":13.0,"gold_loss":0.0,"damage_taken":0.0},{"damage_healed":23.0,"max_hp_gain":0.0,"max_hp_loss":0.0,"gold_gain":0.0,"event_name":"The Library","player_choice":"Heal","floor":28.0,"gold_loss":0.0,"damage_taken":0.0},{"damage_healed":0.0,"max_hp_gain":0.0,"max_hp_loss":0.0,"gold_gain":0.0,"event_name":"Upgrade Shrine","player_choice":"Upgraded","floor":29.0,"gold_loss":0.0,"damage_taken":0.0,"cards_upgraded":["Slimebound:Equalize"]},{"damage_healed":0.0,"max_hp_gain":0.0,"max_hp_loss":0.0,"gold_gain":0.0,"event_name":"Drug Dealer","player_choice":"Inject Mutagens","floor":30.0,"gold_loss":0.0,"damage_taken":0.0,"relics_obtained":["MutagenicStrength"]},{"cards_removed":["Slimebound:RollThrough"],"damage_healed":0.0,"max_hp_gain":0.0,"max_hp_loss":0.0,"gold_gain":0.0,"event_name":"Back to Basics","player_choice":"Elegance","floor":31.0,"gold_loss":0.0,"damage_taken":0.0}],"is_beta":false,"boss_relics":[{"not_picked":["Calling Bell","Black Star"],"picked":"Pandora\u0027s Box"},{"not_picked":["Philosopher\u0027s Stone","Velvet Choker"],"picked":"Fusion Hammer"}],"items_purged_floors":[12,47],"is_endless":false,"potions_floor_spawned":[9,15,19,21,33,37,38,43,44],"ascension_level":0}}