{"host":"sav7uxregyirlf69","time":1608539746,"event":{"mods":["AchievementEnabler","BaseMod","Colored Map","DeckTracker","Keyboard Shortcuts","Minty Spire (QoL Compilation)","READ ME - Guardian Mod","StSLib","SuperFastMode"],"gold_per_floor":[144,189,264,309,234,234,324,369,381,438,450,212,257,302,302,602,602,647,473,518,563,608,608,698,698,723,723,813,813,183,228,228,528,528,573,318,318,168,193,283,283,328,328,478,553,598,688,688,688,688],"floor_reached":51,"playtime":821,"items_purged":["Berserk","Corruption","Brutality","Juggernaut","Limit Break"],"score":1245,"play_id":"5909dc69-f516-449b-b06f-70ce9a0d6183","local_time":"20201221173546","daily_mods":["Shiny","Vintage","Midas"],"is_ascension_mode":false,"campfire_choices":[{"floor":6,"key":"REST"},{"floor":11,"key":"REST"},{"floor":15,"key":"REST"},{"floor":23,"key":"REST"},{"floor":25,"key":"REST"},{"floor":32,"key":"REST"},{"floor":41,"key":"REST"},{"floor":49,"key":"REST"}],"circlet_count":0,"master_deck":["Double Tap","Demon Form","Bludgeon","Feed+1","Barricade","Fiend Fire","Impervious+1","Exhume+1","Offering","Immolate","Body Slam+1","Offering","Offering","Shrug It Off","Thunderclap+1","Chrysalis+1","Corruption+1","Seeing Red+1","Offering+1","Shrug It Off+1","Flame Barrier+1"],"relics":["Burning Blood","Bottled Flame","Pen Nib","Tiny Chest","Singing Bowl","MawBank","Anchor","StoneCalendar","DollysMirror","Bag of Preparation","Torii","Black Star","PreservedInsect","Bronze Scales","Juzu Bracelet","Ornamental Fan","Paper Frog","Frozen Egg 2","MealTicket","Art of War","Toxic Egg 2","Mummified Hand","Mercury Hourglass","Bag of Marbles","Lee\u0027s Waffle","Strawberry","Philosopher\u0027s Stone","Regal Pillow","Whetstone","Omamori","Meat on the Bone","Orichalcum","Centennial Puzzle","Bottled Lightning","Charon\u0027s Ashes","White Beast Statue","Prayer Wheel","Vajra","War Paint"],"acts_visited":["Exordium","TheCity","TheBeyond"],"potions_floor_usage":[7,8,16,46,50,50],"damage_taken":[{"damage":12,"enemies":"Jaw Worm","floor":1,"turns":1},{"damage":6,"enemies":"Cultist","floor":2,"turns":1},{"damage":0,"enemies":"Small Slimes","floor":4,"turns":1},{"damage":24,"enemies":"3 Sentries","floor":7,"turns":3},{"damage":29,"enemies":"Exordium Thugs","floor":8,"turns":5},{"damage":10,"enemies":"Looter","floor":10,"turns":3},{"damage":0,"enemies":"2 Fungi Beasts","floor":13,"turns":2},{"damage":0,"enemies":"3 Louse","floor":14,"turns":1},{"damage":12,"enemies":"Slime Boss","floor":16,"turns":3},{"damage":12,"enemies":"Shell Parasite","floor":18,"turns":1},{"damage":6,"enemies":"Spheric Guardian","floor":20,"turns":1},{"damage":18,"enemies":"Snake Plant","floor":21,"turns":2},{"damage":21,"enemies":"Centurion and Healer","floor":22,"turns":2},{"damage":18,"enemies":"Book of Stabbing","floor":24,"turns":2},{"damage":6,"enemies":"Slavers","floor":28,"turns":1},{"damage":0,"enemies":"3 Cultists","floor":31,"turns":2},{"damage":30,"enemies":"Champ","floor":33,"turns":7},{"damage":6,"enemies":"3 Darklings","floor":35,"turns":2},{"damage":6,"enemies":"Giant Head","floor":40,"turns":1},{"damage":12,"enemies":"Orb Walker","floor":42,"turns":1},{"damage":18,"enemies":"Mind Bloom Boss Battle","floor":44,"turns":1},{"damage":6,"enemies":"Spire Growth","floor":46,"turns":1},{"damage":18,"enemies":"Reptomancer","floor":47,"turns":1},{"damage":24,"enemies":"Time Eater","floor":50,"turns":2}],"seed_played":"7329645460642280970","potions_obtained":[{"floor":1,"key":"Energy Potion"},{"floor":2,"key":"FearPotion"},{"floor":4,"key":"ColorlessPotion"},{"floor":16,"key":"Strength Potion"},{"floor":24,"key":"SmokeBomb"},{"floor":28,"key":"Dexterity Potion"},{"floor":33,"key":"Regen Potion"},{"floor":46,"key":"Explosive Potion"},{"floor":47,"key":"Block Potion"}],"is_trial":false,"path_per_floor":["M","M","?","M","$","R","E","M","T","M","R","$","M","M","R","B",null,"M","$","M","M","M","R","E","R","T","?","E","T","$","M","R","B",null,"M","$","?","$","T","E","R","M","T","?","T","M","E","?","R","B",null],"character_chosen":"IRONCLAD","items_purchased":["DollysMirror","Shrug It Off","Bag of Marbles","Chrysalis+1","Lee\u0027s Waffle","Seeing Red+1","Whetstone"],"campfire_rested":8,"item_purchase_floors":[12,19,30,30,30,36,38],"current_hp_per_floor":[81,84,76,82,82,86,76,56,56,59,86,86,95,98,98,99,101,95,95,95,83,71,102,94,104,104,104,106,106,113,120,120,104,120,120,120,120,120,120,120,120,124,124,118,118,118,106,140,140,122],"gold":688,"neow_bonus":"","is_daily":true,"chose_seed":false,"campfire_upgraded":0,"win_rate":0.0,"timestamp":1608539746,"path_taken":["M","M","?","M","$","R","E","?","T","?","R","$","M","M","R","BOSS","M","$","M","M","M","R","E","R","T","?","E","?","$","M","R","BOSS","M","$","?","$","?","E","R","M","T","?","?","M","E","?","R","BOSS"],"items_purchased_type":["Relic","Card","Relic","Card","Relic","Card","Relic"],"build_version":"2020-12-13","purchased_purges":5,"victory":true,"max_hp_per_floor":[83,86,86,86,86,86,86,89,89,92,92,92,95,98,98,101,101,101,101,101,101,104,104,104,104,104,104,106,106,113,120,120,120,120,120,120,120,120,120,120,120,124,124,130,130,130,130,140,140,140],"card_choices":[{"not_picked":["Armaments","Impervious"],"picked":"Body Slam","floor":7},{"not_picked":["Bludgeon","Demon Form"],"picked":"Offering","floor":16},{"not_picked":["Body Slam+1","Reckless Charge"],"picked":"Thunderclap+1","floor":24},{"not_picked":["Havoc+1","Rage+1","Clash"],"picked":"Singing Bowl","floor":28},{"not_picked":["Juggernaut+1","Fiend Fire"],"picked":"Corruption+1","floor":33},{"not_picked":["Cleave","Battle Trance+1"],"picked":"Shrug It Off+1","floor":40},{"not_picked":["Intimidate+1","Iron Wave+1","Whirlwind+1"],"picked":"Singing Bowl","floor":44},{"not_picked":["Reckless Charge","True Grit+1"],"picked":"Flame Barrier+1","floor":47}],"player_experience":978863,"relics_obtained":[{"floor":1,"key":"Bottled Flame"},{"floor":2,"key":"Pen Nib"},{"floor":4,"key":"Tiny Chest"},{"floor":7,"key":"Singing Bowl"},{"floor":8,"key":"MawBank"},{"floor":9,"key":"Anchor"},{"floor":10,"key":"StoneCalendar"},{"floor":13,"key":"Bag of Preparation"},{"floor":14,"key":"Torii"},{"floor":18,"key":"PreservedInsect"},{"floor":20,"key":"Bronze Scales"},{"floor":21,"key":"Juzu Bracelet"},{"floor":22,"key":"Ornamental Fan"},{"floor":24,"key":"Paper Frog"},{"floor":24,"key":"Frozen Egg 2"},{"floor":26,"key":"MealTicket"},{"floor":27,"key":"Art of War"},{"floor":28,"key":"Toxic Egg 2"},{"floor":28,"key":"Mummified Hand"},{"floor":29,"key":"Mercury Hourglass"},{"floor":31,"key":"Strawberry"},{"floor":35,"key":"Regal Pillow"},{"floor":39,"key":"Omamori"},{"floor":40,"key":"Meat on the Bone"},{"floor":40,"key":"Orichalcum"},{"floor":42,"key":"Centennial Puzzle"},{"floor":43,"key":"Bottled Lightning"},{"floor":44,"key":"Charon\u0027s Ashes"},{"floor":45,"key":"White Beast Statue"},{"floor":46,"key":"Prayer Wheel"},{"floor":47,"key":"Vajra"},{"floor":47,"key":"War Paint"}],"event_choices":[{"damage_healed":0,"gold_gain":75,"player_choice":"Touch","damage_taken":8,"max_hp_gain":0,"max_hp_loss":0,"event_name":"FaceTrader","floor":3,"gold_loss":0},{"damage_healed":0,"gold_gain":0,"player_choice":"Relic","damage_taken":0,"max_hp_gain":0,"max_hp_loss":0,"event_name":"Wheel of Change","floor":27,"gold_loss":0},{"damage_healed":0,"gold_gain":0,"player_choice":"Copied","damage_taken":0,"max_hp_gain":0,"max_hp_loss":0,"event_name":"Duplicator","floor":37,"gold_loss":0,"cards_obtained":["Offering"]},{"damage_healed":0,"gold_gain":0,"player_choice":"Fight","damage_taken":0,"max_hp_gain":0,"max_hp_loss":0,"event_name":"MindBloom","floor":44,"gold_loss":0},{"cards_removed":["Reaper"],"damage_healed":24,"gold_gain":0,"player_choice":"Offered Rare","damage_taken":0,"max_hp_gain":10,"max_hp_loss":0,"event_name":"Bonfire Elementals","floor":48,"gold_loss":0}],"is_beta":false,"boss_relics":[{"not_picked":["Calling Bell","Runic Dome"],"picked":"Black Star"},{"not_picked":["Astrolabe","Runic Pyramid"],"picked":"Philosopher\u0027s Stone"}],"items_purged_floors":[5,12,19,30,36],"is_endless":false,"potions_floor_spawned":[1,2,4,16,24,28,33,42,44,46,47],"ascension_level":0}}