{"host":"zivz6e0vf73jivdq","time":1608523470,"event":{"mods":["ATMod(°¢èªMod)","Act Like it!","BaseMod","Friendly Minions","Gensokyo","HololiveMod","Koishi","Marisa£¨ìFÓê¡¡Ä§ÀíÉ³£©","Minty Spire (QoL Compilation)","MostiFishMod","Pale of the Ancients","Prisma Mod","Reimu£¨²©ÀöÁéÃÎ£©","Remilia£¨ÀÙÃ×ÀòÑÇ£©","Replay The Spire","RumiaBox-Â¶Ã×æ«µÄÉñÃØºÐ×Ó","StSLib","The Jungle","The Servant 0.9.4","Youmu£¨»êÆÇÑýÃÎ£©","¡¾¶«·½¶þ´Î´´×÷¡¿°ËÔÆ×Ïmod","¡¾ÒÅÎï¿¨ÅÆ¡¿REMEMod"],"gold_per_floor":[111,126,143,143,159,191,210,241,296,321,421,40,58,72,72,72,72],"floor_reached":16,"playtime":651,"items_purged":["Strike_R"],"score":259,"play_id":"ab0dac97-12d4-433c-8c1a-ff8e568488ba","local_time":"20201221120430","is_ascension_mode":true,"campfire_choices":[{"floor":15.0,"key":"RECALL"}],"circlet_count":0,"master_deck":["Strike_R+1","Strike_R+1","Strike_R","Strike_R","Defend_R","Defend_R","Defend_R","Defend_R","Bash","MostiFishMod:IntelligentEquipment","Sword Boomerang","Impervious","Cleave","Disarm","MostiFishMod:FlyOverUtopia","True Grit"],"relics":["DaveBox","REME_ComplimentaryCards","OneHitWonderSystem","BionicSphere","Question Card","Pet Ghost","Durian","Hololive_LightStick","Kunai","MoreBug"],"acts_visited":["Exordium"],"potions_floor_usage":[],"damage_taken":[{"damage":0.0,"enemies":"Small Slimes","floor":1.0,"turns":2.0},{"damage":0.0,"enemies":"Jaw Worm","floor":2.0,"turns":3.0},{"damage":0.0,"enemies":"Cultist","floor":3.0,"turns":3.0},{"damage":0.0,"enemies":"Lots of Slimes","floor":5.0,"turns":4.0},{"damage":0.0,"enemies":"Gremlin Nob","floor":6.0,"turns":3.0},{"damage":0.0,"enemies":"3 Louse","floor":7.0,"turns":2.0},{"damage":0.0,"enemies":"Lagavulin","floor":8.0,"turns":4.0},{"damage":0.0,"enemies":"Gremlin Nob","floor":10.0,"turns":3.0},{"damage":0.0,"enemies":"Gremlin Gang","floor":13.0,"turns":3.0},{"damage":0.0,"enemies":"Exordium Wildlife","floor":14.0,"turns":2.0},{"damage":0,"enemies":"Fading Forest","floor":16,"turns":1}],"seed_played":"-1234936208057519754","potions_obtained":[{"floor":2.0,"key":"ColorlessPotion"},{"floor":8.0,"key":"LiquidMemories"},{"floor":10.0,"key":"BlessingOfTheForge"}],"is_trial":false,"path_per_floor":["M","M","M","?","M","E","M","E","T","E","?","$","M","M","R","B"],"character_chosen":"IRONCLAD","items_purchased":["MoreBug"],"campfire_rested":0,"item_purchase_floors":[12],"current_hp_per_floor":[1,1,1,1,1,1,1,6,1,1,1,1,1,1,1,1,1],"gold":72,"neow_bonus":"BOSS_RELIC","is_daily":false,"chose_seed":false,"campfire_upgraded":0,"win_rate":0.0,"timestamp":1608523470,"path_taken":["M","M","M","?","M","E","M","E","T","E","?","$","M","M","R","BOSS"],"items_purchased_type":["Relic"],"build_version":"2020-12-13","purchased_purges":1,"victory":false,"max_hp_per_floor":[1,1,1,1,1,1,1,6,1,1,1,1,1,1,1,1,1],"card_choices":[{"not_picked":["Headbutt","Havoc","Wild Strike"],"picked":"SKIP","floor":1.0},{"not_picked":["REME_SingleHolding","Iron Wave","Clash"],"picked":"Sword Boomerang","floor":2.0},{"not_picked":["Shrug It Off","REME_FearOfPain","Havoc"],"picked":"Impervious","floor":3.0},{"not_picked":["Clothesline","Life Link","Pommel Strike","Pummel"],"picked":"SKIP","floor":5.0},{"not_picked":["Clothesline","Life Link","Pommel Strike","Pummel"],"picked":"SKIP","floor":5.0},{"not_picked":["Thunderclap","REME_FearOfPain","Pummel"],"picked":"Cleave","floor":6.0},{"not_picked":["ReplayTheSpireMod:Corrosion Curse","Replay:Undeath\u0027s Touch","Cleave"],"picked":"Disarm","floor":7.0},{"not_picked":["Sword Boomerang","MostiFishMod:BrandingRite","Perfected Strike"],"picked":"MostiFishMod:FlyOverUtopia","floor":8.0},{"not_picked":["Sword Boomerang","Cleave","Pommel Strike","Clash"],"picked":"SKIP","floor":10.0},{"not_picked":["Battle Trance","Anger","Pommel Strike"],"picked":"True Grit","floor":13.0},{"not_picked":["Cleave","Iron Wave","Massacre","Heavy Blade"],"picked":"SKIP","floor":14.0}],"player_experience":710370,"relics_obtained":[{"floor":1.0,"key":"Question Card"},{"floor":6.0,"key":"Pet Ghost"},{"floor":8.0,"key":"Durian"},{"floor":9.0,"key":"Hololive_LightStick"},{"floor":10.0,"key":"Kunai"}],"event_choices":[{"damage_healed":0.0,"max_hp_gain":0.0,"max_hp_loss":0.0,"gold_gain":0.0,"event_name":"Shining Light","player_choice":"Entered Light","floor":4.0,"gold_loss":0.0,"damage_taken":0.0,"cards_upgraded":["Strike_R","Strike_R"]},{"damage_healed":0.0,"max_hp_gain":0.0,"max_hp_loss":0.0,"gold_gain":100.0,"event_name":"Golden Shrine","player_choice":"Pray","floor":11.0,"gold_loss":0.0,"damage_taken":0.0}],"is_beta":false,"boss_relics":[],"items_purged_floors":[12],"is_endless":false,"potions_floor_spawned":[2,8,10,13],"killed_by":"Fading Forest","ascension_level":6}}