{"host":"0luxfixkkfk9wck3","time":1608528975,"event":{"mods":["BaseMod","Downfall","Highlight Path","Minty Spire (QoL Compilation)","StSLib"],"gold_per_floor":[99,99,99,99,99,99,126,146,146,174,194,208,38,38,58,58,58,58],"floor_reached":16,"playtime":1429,"items_purged":[],"score":148,"play_id":"d3733a21-9299-4bfc-bc0b-dcc28096f3d1","local_time":"20201220233615","is_ascension_mode":false,"campfire_choices":[{"data":"Slimebound:Split","floor":1.0,"key":"SMITH"},{"data":"Slimebound:GoopSpray","floor":3.0,"key":"SMITH"},{"data":"Slimebound:MassFeed","floor":9,"key":"SMITH"}],"circlet_count":0,"master_deck":["Slimebound:Strike_Slimebound","Slimebound:Strike_Slimebound+1","Slimebound:Defend_Slimebound","Slimebound:Defend_Slimebound","Slimebound:Defend_Slimebound","Slimebound:Defend_Slimebound","Slimebound:Split+1","Slimebound:CorrosiveSpit","Slimebound:GoopSpray+1","Slimebound:SplitMire","Eruption+1","Slimebound:MassFeed+1","Slimebound:TongueLash","Slimebound:PressTheAttack","Slimebound:Grow","Slimebound:LeechingTouch","Slimebound:LevelUp","Slimebound:LevelUp","Slimebound:Repurpose","Slimebound:Chomp","Slimebound:Repurpose"],"relics":["Slimebound:AbsorbEndCombat","downfall:HeartsMalice","Whetstone","Dream Catcher"],"acts_visited":["Exordium"],"potions_floor_usage":[12,16,16,16],"damage_taken":[{"damage":0.0,"enemies":"Small Slimes","floor":2.0,"turns":1.0},{"damage":0.0,"enemies":"downfall:FleeingMerchant","floor":4.0,"turns":1.0},{"damage":0,"enemies":"Cultist","floor":6,"turns":1},{"damage":10,"enemies":"2 Louse","floor":8,"turns":3},{"damage":22,"enemies":"Gremlin Nob","floor":10,"turns":4},{"damage":28,"enemies":"Red Slaver","floor":11,"turns":3},{"damage":19,"enemies":"Lots of Slimes","floor":12,"turns":3},{"damage":8,"enemies":"downfall:FleeingMerchant","floor":13,"turns":4},{"damage":25,"enemies":"Gremlin Gang","floor":15,"turns":3},{"damage":70,"enemies":"downfall:Defect","floor":16,"turns":6}],"seed_played":"-5004792050020034921","potions_obtained":[{"floor":10,"key":"DuplicationPotion"},{"floor":11,"key":"DuplicationPotion"},{"floor":15,"key":"Block Potion"}],"is_trial":false,"path_per_floor":["R","M","R","$","?","M","T","M","R","E","M","M","$","?","M","B"],"character_chosen":"SLIMEBOUND","items_purchased":["Slimebound:LevelUp","Slimebound:Repurpose","Slimebound:SlimedPotion"],"campfire_rested":0,"item_purchase_floors":[13,13,13],"current_hp_per_floor":[60,60,60,60,60,60,60,66,66,46,36,45,53,53,54,0,0,0],"gold":58,"neow_bonus":"THREE_ENEMY_KILL","is_daily":false,"chose_seed":false,"campfire_upgraded":3,"win_rate":0.0,"timestamp":1608528975,"path_taken":["R","M","R","$","?","M","T","M","R","E","?","M","$","?","M","BOSS"],"items_purchased_type":["Card","Card","Potion"],"build_version":"2020-12-13","purchased_purges":0,"victory":false,"max_hp_per_floor":[60,60,60,60,60,60,60,66,66,66,66,86,86,86,94,94,94,94],"card_choices":[{"not_picked":["Slimebound:SplitMire","Slimebound:ComboTackle"],"picked":"Slimebound:GoopSpray","floor":2.0},{"not_picked":["Slimebound:LeechingTouch","Slimebound:LeechEnergy"],"picked":"Slimebound:SplitMire","floor":4.0},{"not_picked":["Slimebound:ComboTackle","Slimebound:Schlurp"],"picked":"Slimebound:MassFeed","floor":6},{"not_picked":["Slimebound:Schlurp","Slimebound:SpikyOuterGoop"],"picked":"Slimebound:TongueLash","floor":8},{"not_picked":["Slimebound:SplitLeeching","Slimebound:SlimeSpikes"],"picked":"Slimebound:PressTheAttack","floor":10},{"not_picked":["Slimebound:FinishingTackle","Slimebound:PressTheAttack"],"picked":"Slimebound:Grow","floor":11},{"not_picked":["Slimebound:ViciousTackle","Slimebound:FlameTackle"],"picked":"Slimebound:LeechingTouch","floor":12},{"not_picked":["Slimebound:PressTheAttack","Slimebound:FinishingTackle"],"picked":"Slimebound:LevelUp","floor":13},{"not_picked":["Slimebound:Grow","Slimebound:GrowthPunch"],"picked":"Slimebound:Repurpose","floor":15}],"player_experience":10471008,"relics_obtained":[{"floor":7,"key":"Whetstone"},{"floor":10,"key":"Dream Catcher"}],"event_choices":[{"cards_removed":["Slimebound:Tackle"],"damage_healed":0,"gold_gain":0,"player_choice":"Took Card","damage_taken":0,"max_hp_gain":0,"max_hp_loss":0,"event_name":"NoteForYourself","floor":5,"gold_loss":0,"cards_obtained":["Eruption"]},{"damage_healed":0,"gold_gain":0,"cards_transformed":["Slimebound:Strike_Slimebound"],"player_choice":"Transformed","damage_taken":0,"max_hp_gain":0,"max_hp_loss":0,"event_name":"Transmorgrifier","floor":14,"gold_loss":0,"cards_obtained":["Slimebound:Chomp"]}],"is_beta":false,"boss_relics":[],"items_purged_floors":[],"is_endless":false,"potions_floor_spawned":[10,11,15],"killed_by":"downfall:Defect","ascension_level":0}}