{"host":"hzyv8pm5uot6l4n9","time":1608578067,"event":{"mods":["Act Like it!","Always Whale","Aspiration","BaseMod","BetterRewards","Conspire","Downfall","Energized Spire","FetchMod","Friendly Minions","GifTheSpireLib","GungeonMod","Halation","Hubris","Infinite Spire","Jedi Mod","Mimic Mod","Minty Spire (QoL Compilation)","QueenMod","Quick Restart","Replay The Spire","Shop Mod","StSLib","Stuff the Spire","Td1madao Mod","The Animator","The Bug Knight","The Cursed","The Druid","The Exalted","The Judge","The Senshi","The Wild Card","TheBandit","WarShipGirlsR/????R mod","Yuri Mod","vexMod"],"gold_per_floor":[99,118,118,28,28,28,28],"floor_reached":5,"playtime":131,"items_purged":["hubris:Envy"],"score":28,"play_id":"ac447eba-b37d-4fa0-a121-2ffb55529c6c","local_time":"20201221201427","is_ascension_mode":true,"campfire_choices":[{"data":"ReplayUltimateDefense","floor":3,"key":"SMITH"}],"circlet_count":0,"master_deck":["hexamod:Strike","hexamod:Strike","hexamod:Strike","hexamod:Strike","hexamod:Defend","hexamod:Defend","hexamod:Defend","hexamod:Defend","hexamod:Sear","hexamod:Float","ReplayUltimateDefense+1","hexamod:RainOfEmbers","hexamod:FlamesFromBeyond"],"relics":["hexamod:SpiritBrand","hubris:Towel","DemoMod:GlassGuonStoneRelic"],"acts_visited":["Exordium"],"potions_floor_usage":[],"damage_taken":[{"damage":0,"enemies":"Small Slimes","floor":2,"turns":3},{"damage":4,"enemies":"downfall:FleeingMerchant","floor":4,"turns":4},{"damage":0,"enemies":"3 Sentries","floor":5,"turns":1}],"seed_played":"-3244174217655954050","potions_obtained":[],"is_trial":false,"path_per_floor":["R","M","R","$","E"],"character_chosen":"THE_SPIRIT","items_purchased":[],"campfire_rested":0,"item_purchase_floors":[],"current_hp_per_floor":[70,70,70,66,66,66,66],"gold":28,"neow_bonus":"RANDOM_COLORLESS_2","is_daily":false,"chose_seed":false,"campfire_upgraded":1,"win_rate":0.0,"timestamp":1608578067,"path_taken":["R","M","R","$","E"],"items_purchased_type":[],"build_version":"2020-12-13","purchased_purges":1,"victory":false,"max_hp_per_floor":[70,70,70,70,70,70,70],"card_choices":[{"not_picked":["jedi:LeechingStrike","Poisoned Strike"],"picked":"ReplayUltimateDefense","floor":0},{"not_picked":["hexamod:Again","hexamod:SwordOfDarkness"],"picked":"hexamod:RainOfEmbers","floor":2},{"not_picked":["hexamod:SpectersWail","hexamod:FastForward"],"picked":"hexamod:FlamesFromBeyond","floor":4}],"player_experience":681852,"relics_obtained":[],"event_choices":[],"is_beta":false,"boss_relics":[],"items_purged_floors":[4],"is_endless":false,"potions_floor_spawned":[],"killed_by":"3 Sentries","ascension_level":1}}