{"host":"c5j8t0wyh2hvx9ju","time":1608525495,"event":{"mods":["Astrologer","BaseMod","BetterRewards","HololiveMod","Minty Spire (QoL Compilation)","Prisma Mod","StSLib"],"gold_per_floor":[110,110,125,135,135,165,165,175,199,212,247,247,257,272,272,374,374,392,392,403,70,30,30,65,65,91,91,91],"floor_reached":27,"playtime":2051,"items_purged":["Strike_P"],"score":360,"play_id":"f5c22cbf-a801-4de2-b729-5b2380552493","local_time":"20201221133815","is_ascension_mode":true,"campfire_choices":[{"data":"Vengeance","floor":7,"key":"SMITH"},{"floor":12,"key":"REST"},{"floor":15,"key":"REST"},{"floor":23,"key":"REST"},{"floor":25,"key":"REST"}],"circlet_count":0,"master_deck":["Strike_P","Strike_P","Strike_P","Defend_P","Defend_P","Defend_P","Eruption","Vigilance","Vengeance+1","TalkToTheHand+1","FlyingSleeves","FollowUp","EmptyMind","Conclude","FlurryOfBlows","InnerPeace","Meditate","ClearTheMind","Judgement","TalkToTheHand+1","Perseverance","FlyingSleeves+1","FearNoEvil+1","Protect"],"relics":["PureWater","Ancient Tea Set","MealTicket","Tiny Chest","Hololive_ChaosS","Molten Egg 2","Gremlin Horn","Anchor"],"acts_visited":["Exordium","TheCity"],"potions_floor_usage":[11,13,16,27],"damage_taken":[{"damage":0,"enemies":"Small Slimes","floor":1,"turns":2},{"damage":7,"enemies":"Jaw Worm","floor":3,"turns":5},{"damage":1,"enemies":"Cultist","floor":4,"turns":3},{"damage":35,"enemies":"3 Sentries","floor":6,"turns":9},{"damage":1,"enemies":"Large Slime","floor":8,"turns":6},{"damage":18,"enemies":"Exordium Thugs","floor":10,"turns":4},{"damage":12,"enemies":"Gremlin Nob","floor":11,"turns":3},{"damage":0,"enemies":"Blue Slaver","floor":13,"turns":1},{"damage":0,"enemies":"Large Slime","floor":14,"turns":4},{"damage":35,"enemies":"The Guardian","floor":16,"turns":9},{"damage":43,"enemies":"3 Byrds","floor":18,"turns":7},{"damage":27,"enemies":"Chosen","floor":20,"turns":10},{"damage":40,"enemies":"Slavers","floor":24,"turns":6},{"damage":59,"enemies":"3 Cultists","floor":27,"turns":6}],"seed_played":"-4739796826971947015","potions_obtained":[{"floor":3,"key":"SteroidPotion"},{"floor":8,"key":"SkillPotion"},{"floor":14,"key":"Strength Potion"},{"floor":16,"key":"Regen Potion"},{"floor":20,"key":"BlessingOfTheForge"}],"is_trial":false,"path_per_floor":["M","?","M","M","?","E","R","M","T","M","E","R","M","M","R","B",null,"M","?","M","$","$","R","E","R","T","M"],"character_chosen":"WATCHER","items_purchased":["Vengeance","TalkToTheHand","Molten Egg 2","FearNoEvil+1"],"campfire_rested":4,"item_purchase_floors":[0,0,21,22],"current_hp_per_floor":[72,77,70,69,69,34,34,33,33,15,3,26,26,26,49,14,77,34,34,7,22,37,60,20,43,43,0,0],"gold":91,"neow_bonus":"","is_daily":false,"chose_seed":false,"campfire_upgraded":1,"win_rate":0.0,"timestamp":1608525495,"path_taken":["M","?","M","M","?","E","R","M","T","?","E","R","M","M","R","BOSS","M","?","M","?","$","R","E","R","T","M"],"items_purchased_type":["Card","Card","Relic","Card"],"build_version":"2020-12-13","purchased_purges":1,"victory":false,"max_hp_per_floor":[72,77,77,77,77,77,77,77,77,77,77,77,77,77,77,77,77,77,77,77,77,77,77,77,77,77,77,77],"card_choices":[{"not_picked":["WheelKick","Protect"],"picked":"FlyingSleeves","floor":1},{"not_picked":["SignatureMove","Vengeance"],"picked":"FollowUp","floor":3},{"not_picked":["EmptyFist","Meditate"],"picked":"EmptyMind","floor":4},{"not_picked":["Consecrate","Evaluate"],"picked":"Conclude","floor":6},{"not_picked":["CrushJoints","SandsOfTime"],"picked":"FlurryOfBlows","floor":8},{"not_picked":["Pray","Conclude","CutThroughFate"],"picked":"SKIP","floor":10},{"not_picked":["ConjureBlade","Wireheading"],"picked":"InnerPeace","floor":11},{"not_picked":["FlyingSleeves","CutThroughFate"],"picked":"Meditate","floor":13},{"not_picked":["CutThroughFate","Evaluate"],"picked":"ClearTheMind","floor":14},{"not_picked":["SpiritShield","ConjureBlade"],"picked":"Judgement","floor":16},{"not_picked":["Halt","Prostrate+1"],"picked":"TalkToTheHand+1","floor":18},{"not_picked":["SashWhip","Fasting2"],"picked":"FlyingSleeves+1","floor":20},{"not_picked":["Judgement","Crescendo+1"],"picked":"Protect","floor":24}],"player_experience":853393,"relics_obtained":[{"floor":6,"key":"Ancient Tea Set"},{"floor":9,"key":"MealTicket"},{"floor":11,"key":"Tiny Chest"},{"floor":24,"key":"Gremlin Horn"},{"floor":26,"key":"Anchor"}],"event_choices":[{"damage_healed":0,"gold_gain":0,"player_choice":"Donut","damage_taken":0,"max_hp_gain":5,"max_hp_loss":0,"event_name":"Big Fish","floor":2,"gold_loss":0},{"damage_healed":0,"gold_gain":0,"player_choice":"Forge","damage_taken":0,"max_hp_gain":0,"max_hp_loss":0,"event_name":"Accursed Blacksmith","floor":5,"gold_loss":0,"cards_upgraded":["TalkToTheHand"]},{"damage_healed":0,"gold_gain":0,"cards_transformed":["Defend_P"],"player_choice":"Transformed","damage_taken":0,"max_hp_gain":0,"max_hp_loss":0,"event_name":"Transmorgrifier","floor":19,"gold_loss":0,"cards_obtained":["Perseverance"]}],"is_beta":false,"boss_relics":[{"not_picked":["Black Star","Velvet Choker"],"picked":"Hololive_ChaosS"}],"items_purged_floors":[21],"is_endless":false,"potions_floor_spawned":[3,8,14,16,20],"killed_by":"3 Cultists","ascension_level":1}}