{"host":"2o3sockympbxxanu","time":1608564615,"event":{"mods":["AchievementEnabler","BaseMod","Colored Map","Colored Powertips","Downfall","Marisa£®ÏF”Í°°ƒß¿Ì…≥£©","Minty Spire (QoL Compilation)","StSLib"],"gold_per_floor":[213,213,9,19,32,32,61,23,23,23,51,51,67,86,86,191,191,205,219,7,22,22,22,36,36,36,36,36,36,54,70,70,70,70],"floor_reached":33,"playtime":1564,"items_purged":["Defend_G","Strike_G"],"score":283,"play_id":"caa82f2d-4d22-465b-a3d3-13e2d8ebf36f","local_time":"20201221233015","is_ascension_mode":true,"campfire_choices":[{"data":"Terror","floor":6.0,"key":"SMITH"},{"floor":10.0,"key":"REST"},{"data":"Deadly Poison","floor":12.0,"key":"SMITH"},{"data":"Bouncing Flask","floor":15,"key":"SMITH"},{"data":"Burst","floor":23,"key":"SMITH"},{"data":"Deadly Poison","floor":25,"key":"SMITH"},{"data":"Neutralize","floor":27,"key":"SMITH"},{"floor":32,"key":"REST"}],"circlet_count":0,"master_deck":["Strike_G","Strike_G","Strike_G+1","Strike_G+1","Defend_G","Defend_G","Defend_G","Defend_G","Survivor","Neutralize+1","Poisoned Stab","Terror+1","Cloak And Dagger","Cloak And Dagger","Deadly Poison+1","Bouncing Flask+1","Bane","Burst+1","Deadly Poison+1","Deflect+1","Deadly Poison","Blade Dance"],"relics":["Ring of the Snake","Membership Card","Matryoshka","Oddly Smooth Stone","Bottled Lightning","Whetstone","Black Star","Singing Bowl","FaceOfCleric","Gremlin Horn","Molten Egg 2"],"acts_visited":["TheCity"],"potions_floor_usage":[24,24,33],"damage_taken":[{"damage":0.0,"enemies":"Jaw Worm","floor":1.0,"turns":5.0},{"damage":1.0,"enemies":"Cultist","floor":4.0,"turns":3.0},{"damage":8.0,"enemies":"2 Louse","floor":5.0,"turns":3.0},{"damage":25.0,"enemies":"Lagavulin","floor":7.0,"turns":9.0},{"damage":11.0,"enemies":"Gremlin Nob","floor":11.0,"turns":4.0},{"damage":1.0,"enemies":"Exordium Thugs","floor":13.0,"turns":2.0},{"damage":10,"enemies":"Lots of Slimes","floor":14,"turns":4},{"damage":22,"enemies":"The Guardian","floor":16,"turns":7},{"damage":3,"enemies":"Chosen","floor":18,"turns":3},{"damage":8,"enemies":"Spheric Guardian","floor":19,"turns":3},{"damage":13,"enemies":"Snake Plant","floor":21,"turns":3},{"damage":8,"enemies":"Sentry and Sphere","floor":24,"turns":5},{"damage":24,"enemies":"Centurion and Healer","floor":30,"turns":6},{"damage":17,"enemies":"Snake Plant","floor":31,"turns":4},{"damage":32,"enemies":"Collector","floor":33,"turns":6}],"seed_played":"-4815206967304383461","potions_obtained":[{"floor":2.0,"key":"Dexterity Potion"},{"floor":2.0,"key":"Regen Potion"},{"floor":2.0,"key":"SneckoOil"},{"floor":5.0,"key":"Block Potion"},{"floor":13.0,"key":"FearPotion"},{"floor":19,"key":"Fire Potion"},{"floor":31,"key":"SkillPotion"}],"is_trial":false,"path_per_floor":["M","?","$","M","M","R","E","$","T","R","E","R","M","M","R","B",null,"M","M","$","M","?","R","M","R","T","R","$","?","M","M","R","B"],"character_chosen":"THE_SILENT","items_purchased":["Membership Card","Terror","Cloak And Dagger","Singing Bowl","Deadly Poison","Blade Dance"],"campfire_rested":2,"item_purchase_floors":[3,3,3,20,20,20],"current_hp_per_floor":[70,70,70,69,61,61,36,36,36,57,51,51,50,40,40,18,70,67,59,59,48,48,48,43,43,43,43,43,43,22,8,32,0,0],"gold":70,"neow_bonus":"HUNDRED_GOLD","is_daily":false,"chose_seed":false,"campfire_upgraded":6,"win_rate":0.0,"timestamp":1608564615,"path_taken":["M","?","$","M","M","R","E","$","T","R","E","R","M","?","R","BOSS","M","M","$","M","?","R","M","R","T","R","?","?","M","M","R","BOSS"],"items_purchased_type":["Relic","Card","Card","Relic","Card","Card"],"build_version":"2020-12-13","purchased_purges":2,"victory":false,"max_hp_per_floor":[70,70,70,70,70,70,70,70,70,70,70,70,70,70,70,70,70,70,70,70,72,72,72,75,75,75,75,75,75,78,81,81,81,81],"card_choices":[{"not_picked":["Bane","Dagger Throw"],"picked":"Poisoned Stab","floor":1.0},{"not_picked":["Malaise","Blur","Dagger Throw"],"picked":"SKIP","floor":4.0},{"not_picked":["Reflex","Underhanded Strike"],"picked":"Cloak And Dagger","floor":5.0},{"not_picked":["All Out Attack","Footwork","Dagger Spray"],"picked":"SKIP","floor":7.0},{"not_picked":["Deflect","Slice"],"picked":"Deadly Poison","floor":11.0},{"not_picked":["Dodge and Roll","Setup"],"picked":"Bouncing Flask","floor":13.0},{"not_picked":["Deflect","Poisoned Stab"],"picked":"Bane","floor":14},{"not_picked":["Tools of the Trade","Adrenaline"],"picked":"Burst","floor":16},{"not_picked":["Quick Slash","Acrobatics"],"picked":"Deadly Poison","floor":18},{"not_picked":["Acrobatics+1","Escape Plan"],"picked":"Deflect+1","floor":19},{"not_picked":["Dash","Bane","Concentrate"],"picked":"Singing Bowl","floor":21},{"not_picked":["Deflect","Finisher+1","Calculated Gamble"],"picked":"Singing Bowl","floor":24},{"not_picked":["Deadly Poison","Well Laid Plans","Dodge and Roll+1"],"picked":"Singing Bowl","floor":30},{"not_picked":["Finisher+1","Footwork","Eviscerate+1"],"picked":"Singing Bowl","floor":31}],"player_experience":263049,"relics_obtained":[{"floor":7.0,"key":"Matryoshka"},{"floor":9.0,"key":"Oddly Smooth Stone"},{"floor":9.0,"key":"Bottled Lightning"},{"floor":11.0,"key":"Whetstone"},{"floor":26,"key":"Gremlin Horn"},{"floor":26,"key":"Molten Egg 2"}],"event_choices":[{"damage_healed":0.0,"max_hp_gain":0.0,"max_hp_loss":0.0,"gold_gain":0.0,"event_name":"Lab","player_choice":"Got Potions","floor":2.0,"gold_loss":0.0,"damage_taken":0.0},{"damage_healed":0,"gold_gain":0,"player_choice":"Trade","damage_taken":0,"relics_obtained":["FaceOfCleric"],"max_hp_gain":0,"max_hp_loss":0,"event_name":"FaceTrader","floor":22,"gold_loss":0}],"is_beta":false,"boss_relics":[{"not_picked":["Coffee Dripper","Snecko Eye"],"picked":"Black Star"}],"items_purged_floors":[8,20],"is_endless":false,"potions_floor_spawned":[5,7,13,19,31],"killed_by":"Collector","ascension_level":2}}