{"host":"xyexbe31ku0ov20l","time":1608546076,"event":{"mods":["AchievementEnabler","AlwaysNeverKeys","BaseMod","Bestiary","Block Reminder","Colored Map","Colored Powertips","Curses Come First","Displayed Cursed Tome","Minty Spire (QoL Compilation)","Permanent Neow","Quick Restart","Random Character Button","Rare Cards Sparkle","Relic Stats","StSLib"],"gold_per_floor":[114,126,143,155,330,330,361,372,450,13,42,52,52,52,52,148,148,166,186,201,201,201,201,54,88,114,114,114,204,224,237,237,334,334,349,360,412,412,412,412,432,465,513,513,46,56,56,82,82,82],"floor_reached":51,"playtime":2433,"items_purged":[],"score":1117,"play_id":"619b247a-a884-4c10-8bc7-984336e66067","local_time":"20201221022116","is_ascension_mode":true,"campfire_choices":[{"data":"Armaments","floor":13,"key":"SMITH"},{"data":"Hemokinesis","floor":15,"key":"SMITH"},{"data":"Infernal Blade","floor":23,"key":"SMITH"},{"data":"J.A.X.","floor":28,"key":"SMITH"},{"floor":32,"key":"REST"},{"data":"Panacea","floor":40,"key":"SMITH"},{"data":"Madness","floor":44,"key":"SMITH"},{"data":"The Bomb","floor":47,"key":"SMITH"},{"data":"Double Tap","floor":49,"key":"SMITH"}],"circlet_count":0,"master_deck":["Defend_R","Defend_R","Defend_R","Bash","Shrug It Off","Battle Trance","Pommel Strike","Heavy Blade","Uppercut","Clash","Flame Barrier","Iron Wave","Armaments+1","Bludgeon","Hemokinesis+1","Bloodletting","Immolate","Immolate+1","Infernal Blade+1","Reckless Charge+1","Shrug It Off+1","Infernal Blade+1","Necronomicurse","J.A.X.+1","Heavy Blade+1","Panacea+1","Dramatic Entrance","Cleave+1","Searing Blow","Double Tap+1","Clothesline","Flex+1","Violence","Madness+1","Dramatic Entrance","Warcry+1","The Bomb+1","Battle Trance+1"],"relics":["Black Blood","Spirit Poop","Anchor","Shuriken","Orichalcum","Eternal Feather","Mango","Astrolabe","Necronomicon","PreservedInsect","Bag of Marbles","MealTicket","Pocketwatch","Bottled Lightning","Blood Vial","Toy Ornithopter","Toolbox","Torii"],"acts_visited":["Exordium","TheCity","TheBeyond"],"potions_floor_usage":[4,4,11,16,30,33,39,41,50,50,50],"damage_taken":[{"damage":2,"enemies":"Cultist","floor":1,"turns":4},{"damage":0,"enemies":"Jaw Worm","floor":2,"turns":5},{"damage":0,"enemies":"2 Louse","floor":3,"turns":4},{"damage":2,"enemies":"Large Slime","floor":4,"turns":5},{"damage":24,"enemies":"3 Sentries","floor":7,"turns":8},{"damage":15,"enemies":"Red Slaver","floor":8,"turns":6},{"damage":21,"enemies":"Gremlin Nob","floor":11,"turns":4},{"damage":1,"enemies":"Blue Slaver","floor":12,"turns":3},{"damage":28,"enemies":"The Guardian","floor":16,"turns":10},{"damage":13,"enemies":"3 Byrds","floor":18,"turns":3},{"damage":25,"enemies":"Chosen","floor":19,"turns":5},{"damage":2,"enemies":"Snecko","floor":20,"turns":4},{"damage":15,"enemies":"Gremlin Leader","floor":25,"turns":3},{"damage":3,"enemies":"3 Cultists","floor":30,"turns":3},{"damage":0,"enemies":"Centurion and Healer","floor":31,"turns":2},{"damage":14,"enemies":"Champ","floor":33,"turns":6},{"damage":0,"enemies":"Orb Walker","floor":35,"turns":1},{"damage":0,"enemies":"3 Shapes","floor":36,"turns":1},{"damage":0,"enemies":"2 Orb Walkers","floor":37,"turns":1},{"damage":13,"enemies":"Writhing Mass","floor":41,"turns":2},{"damage":8,"enemies":"Giant Head","floor":42,"turns":5},{"damage":0,"enemies":"Jaw Worm Horde","floor":46,"turns":1},{"damage":7,"enemies":"Nemesis","floor":48,"turns":3},{"damage":107,"enemies":"Awakened One","floor":50,"turns":8}],"seed_played":"5483539358438222185","potions_obtained":[{"floor":1,"key":"Fire Potion"},{"floor":3,"key":"Explosive Potion"},{"floor":8,"key":"SteroidPotion"},{"floor":11,"key":"FearPotion"},{"floor":18,"key":"Fruit Juice"},{"floor":20,"key":"Dexterity Potion"},{"floor":25,"key":"AttackPotion"},{"floor":30,"key":"Swift Potion"},{"floor":33,"key":"SneckoOil"},{"floor":39,"key":"BloodPotion"},{"floor":42,"key":"Explosive Potion"}],"is_trial":false,"path_per_floor":["M","M","M","M","?","?","E","M","T","$","E","M","R","?","R","B",null,"M","M","M","?","?","R","$","E","T","?","R","?","M","M","R","B",null,"M","M","?","?","?","R","M","E","T","R","$","M","R","E","R","B",null],"character_chosen":"IRONCLAD","items_purchased":["Orichalcum","Eternal Feather","Armaments","PreservedInsect","Toy Ornithopter","The Bomb","Toolbox"],"campfire_rested":1,"item_purchase_floors":[10,10,10,24,45,45,45],"current_hp_per_floor":[55,61,67,71,71,71,53,44,44,44,43,48,57,57,66,44,82,75,56,60,44,44,56,56,47,47,28,43,18,21,27,71,63,90,99,99,99,89,94,104,103,104,104,104,104,104,104,104,104,44],"gold":82,"neow_bonus":"TRANSFORM_TWO_CARDS","is_daily":false,"chose_seed":false,"campfire_upgraded":8,"win_rate":0.0,"timestamp":1608546076,"path_taken":["M","M","M","?","?","?","E","?","T","$","E","M","R","?","R","BOSS","M","M","M","?","?","R","$","E","T","?","R","?","M","?","R","BOSS","M","M","?","?","?","R","M","E","T","R","$","?","R","E","R","BOSS"],"items_purchased_type":["Relic","Relic","Card","Relic","Relic","Card","Relic"],"build_version":"2020-12-13","purchased_purges":0,"victory":true,"max_hp_per_floor":[80,80,80,80,80,80,80,80,80,80,94,94,94,94,94,94,94,94,94,94,94,94,94,94,94,94,99,99,99,99,99,99,99,99,99,99,99,99,104,104,104,104,104,104,104,104,104,104,104,104],"relic_stats":{"Torii":1,"counters":[24,97],"Astrolabe":["Immolate","Infernal Blade","Reckless Charge"],"Black Blood":145,"Eternal Feather":70,"PreservedInsect":229,"Orichalcum":[60],"Blood Vial":0,"Shuriken":[26],"MealTicket":0,"Necronomicon":[31],"obtain_stats":[{"Torii":48,"Astrolabe":17,"Spirit Poop":6,"Black Blood":34,"Eternal Feather":10,"Mango":11,"PreservedInsect":24,"Orichalcum":10,"Burning Blood":0,"Blood Vial":43,"Anchor":7,"Shuriken":9,"Toolbox":45,"MealTicket":26,"Necronomicon":21,"Bag of Marbles":25,"Bottled Lightning":42,"Toy Ornithopter":45,"Pocketwatch":37},{"Torii":23,"Astrolabe":9,"Spirit Poop":4,"Black Blood":16,"Eternal Feather":6,"Mango":7,"PreservedInsect":12,"Orichalcum":6,"Burning Blood":0,"Blood Vial":21,"Anchor":5,"Shuriken":6,"Toolbox":21,"MealTicket":13,"Necronomicon":12,"Bag of Marbles":13,"Bottled Lightning":21,"Toy Ornithopter":21,"Pocketwatch":19},{"Torii":89,"Astrolabe":49,"Spirit Poop":18,"Black Blood":75,"Eternal Feather":32,"Mango":36,"PreservedInsect":61,"Orichalcum":32,"Burning Blood":0,"Blood Vial":85,"Anchor":26,"Shuriken":32,"Toolbox":85,"MealTicket":64,"Necronomicon":61,"Bag of Marbles":64,"Bottled Lightning":85,"Toy Ornithopter":85,"Pocketwatch":78}],"Toy Ornithopter":15,"Pocketwatch":[6]},"card_choices":[{"not_picked":["Entrench","Intimidate"],"picked":"Pommel Strike","floor":1},{"not_picked":["Warcry","Anger"],"picked":"Heavy Blade","floor":2},{"not_picked":["Sword Boomerang","Pommel Strike"],"picked":"Uppercut","floor":3},{"not_picked":["Havoc","Clash","Heavy Blade"],"picked":"SKIP","floor":4},{"not_picked":["Havoc","Heavy Blade"],"picked":"Clash","floor":4},{"not_picked":["Iron Wave","Anger"],"picked":"Flame Barrier","floor":7},{"not_picked":["Flex","Second Wind"],"picked":"Iron Wave","floor":8},{"not_picked":["Warcry","Bloodletting"],"picked":"Bludgeon","floor":11},{"not_picked":["Intimidate","Cleave"],"picked":"Hemokinesis","floor":12},{"not_picked":["Juggernaut","Impervious"],"picked":"Immolate","floor":16},{"not_picked":["Pommel Strike","Twin Strike"],"picked":"Shrug It Off+1","floor":18},{"not_picked":["Shrug It Off","Flex"],"picked":"Infernal Blade","floor":19},{"not_picked":["Ghostly Armor","Sword Boomerang","Anger"],"picked":"SKIP","floor":20},{"not_picked":["Hemokinesis","Clothesline"],"picked":"Heavy Blade+1","floor":25},{"not_picked":["Thunderclap","Shrug It Off+1"],"picked":"Cleave+1","floor":30},{"not_picked":["Second Wind","Clash"],"picked":"Searing Blow","floor":31},{"not_picked":["Juggernaut","Immolate"],"picked":"Double Tap","floor":33},{"not_picked":["Iron Wave","True Grit+1"],"picked":"Clothesline","floor":35},{"not_picked":["Body Slam","Rampage"],"picked":"Flex+1","floor":36},{"not_picked":["Flash of Steel","Jack Of All Trades"],"picked":"Violence","floor":38},{"not_picked":["Master of Strategy","Discovery"],"picked":"Madness","floor":38},{"not_picked":["Violence","Dark Shackles"],"picked":"Dramatic Entrance","floor":38},{"not_picked":["Metallicize","Shrug It Off","Clash+1"],"picked":"SKIP","floor":41},{"not_picked":["Wild Strike+1","Iron Wave"],"picked":"Warcry+1","floor":42},{"not_picked":["Clash+1","Wild Strike+1","Metallicize+1"],"picked":"SKIP","floor":46},{"not_picked":["Shrug It Off","Armaments+1"],"picked":"Battle Trance+1","floor":48}],"player_experience":2263067,"relics_obtained":[{"floor":7,"key":"Anchor"},{"floor":9,"key":"Shuriken"},{"floor":11,"key":"Mango"},{"floor":25,"key":"Bag of Marbles"},{"floor":26,"key":"MealTicket"},{"floor":37,"key":"Pocketwatch"},{"floor":42,"key":"Bottled Lightning"},{"floor":43,"key":"Blood Vial"},{"floor":48,"key":"Torii"}],"event_choices":[{"damage_healed":0,"gold_gain":175,"player_choice":"AGREE","damage_taken":0,"max_hp_gain":0,"max_hp_loss":0,"event_name":"Liars Game","floor":5,"gold_loss":0,"cards_obtained":["Doubt"]},{"cards_removed":["Doubt"],"damage_healed":0,"gold_gain":0,"player_choice":"Offered Curse","damage_taken":0,"relics_obtained":["Spirit Poop"],"max_hp_gain":0,"max_hp_loss":0,"event_name":"Bonfire Elementals","floor":6,"gold_loss":0},{"damage_healed":0,"gold_gain":0,"cards_transformed":["Strike_R"],"player_choice":"Change","damage_taken":0,"max_hp_gain":0,"max_hp_loss":0,"event_name":"Living Wall","floor":14,"gold_loss":0,"cards_obtained":["Bloodletting"]},{"damage_healed":0,"gold_gain":0,"player_choice":"Obtained Book","damage_taken":16,"max_hp_gain":0,"max_hp_loss":0,"event_name":"Cursed Tome","floor":21,"gold_loss":0},{"damage_healed":0,"gold_gain":0,"player_choice":"Obtain J.A.X.","damage_taken":0,"max_hp_gain":0,"max_hp_loss":0,"event_name":"Drug Dealer","floor":22,"gold_loss":0,"cards_obtained":["J.A.X."]},{"damage_healed":0,"gold_gain":0,"player_choice":"Shed Blood","damage_taken":24,"max_hp_gain":5,"max_hp_loss":0,"event_name":"Forgotten Altar","floor":27,"gold_loss":0},{"damage_healed":0,"gold_gain":90,"player_choice":"GOLD CARD CARD ","damage_taken":25,"max_hp_gain":0,"max_hp_loss":0,"event_name":"Knowing Skull","floor":29,"potions_obtained":[],"gold_loss":0,"cards_obtained":["Panacea","Dramatic Entrance"]},{"damage_healed":0,"gold_gain":0,"player_choice":"Fight","damage_taken":0,"max_hp_gain":0,"max_hp_loss":0,"event_name":"Mysterious Sphere","floor":37,"gold_loss":0},{"damage_healed":0,"gold_gain":0,"player_choice":"Memory 3","damage_taken":10,"max_hp_gain":0,"max_hp_loss":0,"event_name":"SensoryStone","floor":38,"gold_loss":0},{"damage_healed":0,"gold_gain":0,"player_choice":"Got Potions","damage_taken":0,"max_hp_gain":0,"max_hp_loss":0,"event_name":"Lab","floor":39,"gold_loss":0}],"is_beta":false,"boss_relics":[{"not_picked":["Runic Dome","SacredBark"],"picked":"Astrolabe"},{"not_picked":["Mark of Pain","Runic Cube"],"picked":"Black Blood"}],"items_purged_floors":[],"is_endless":false,"potions_floor_spawned":[1,3,8,11,18,20,25,30,33,37,42,46,48],"ascension_level":9}}