{"host":"mqhvlr3kpxebko0t","time":1608522561,"event":{"mods":["AchievementEnabler","BaseMod","Colored Map","Colored Powertips","Keyboard Shortcuts","Minty Spire (QoL Compilation)","StSLib","SuperFastMode"],"gold_per_floor":[117,117,67,87,12,12,12,12,12,25,25,25,25,0,0,76,76,95,95,112,12,32,32,62,79,103,122,139,150,164,177,177,249,249,267,281,6,6,22,22,32,65,65,0,12,45,45,57,57,57],"floor_reached":51,"playtime":2311,"items_purged":["Strike_G","Strike_G","Defend_G"],"score":1531,"play_id":"d57ad974-66f7-499b-b476-05e040938524","local_time":"20201221124921","is_ascension_mode":true,"campfire_choices":[{"data":"Concentrate","floor":6.0,"key":"SMITH"},{"data":"Reflex","floor":8.0,"key":"SMITH"},{"data":"Reflex","floor":15.0,"key":"SMITH"},{"data":"Slice","floor":23.0,"key":"SMITH"},{"data":"Prepared","floor":32,"key":"SMITH"},{"floor":40,"key":"REST"},{"floor":49,"key":"REST"}],"circlet_count":0,"master_deck":["AscendersBane","Defend_G","Defend_G","Survivor","Neutralize","Concentrate+1","Reflex+1","Reflex+1","Escape Plan","Backflip","Slice+1","Adrenaline","Eviscerate+1","Prepared+1","Adrenaline"],"relics":["Ring of the Snake","Mango","Nloth\u0027s Gift","Bronze Scales","Potion Belt","Fusion Hammer","Bag of Preparation","Happy Flower","HornCleat","Red Mask"],"acts_visited":["Exordium","TheCity","TheBeyond"],"potions_floor_usage":[50,50,50,50],"damage_taken":[{"damage":1.0,"enemies":"Jaw Worm","floor":1.0,"turns":4.0},{"damage":0.0,"enemies":"2 Louse","floor":4.0,"turns":2.0},{"damage":0.0,"enemies":"Small Slimes","floor":10.0,"turns":3.0},{"damage":0.0,"enemies":"Looter","floor":14.0,"turns":5.0},{"damage":9.0,"enemies":"The Guardian","floor":16.0,"turns":4.0},{"damage":0.0,"enemies":"Spheric Guardian","floor":18.0,"turns":1.0},{"damage":0.0,"enemies":"3 Byrds","floor":20.0,"turns":5.0},{"damage":0.0,"enemies":"Snake Plant","floor":22.0,"turns":4.0},{"damage":0,"enemies":"Book of Stabbing","floor":24,"turns":1},{"damage":0,"enemies":"Shelled Parasite and Fungi","floor":25,"turns":1},{"damage":0,"enemies":"Snecko","floor":27,"turns":1},{"damage":0,"enemies":"Snake Plant","floor":28,"turns":2},{"damage":0,"enemies":"Centurion and Healer","floor":29,"turns":1},{"damage":0,"enemies":"Snecko","floor":30,"turns":1},{"damage":0,"enemies":"Chosen and Byrds","floor":31,"turns":1},{"damage":0,"enemies":"Champ","floor":33,"turns":1},{"damage":0,"enemies":"3 Darklings","floor":35,"turns":1},{"damage":0,"enemies":"Orb Walker","floor":36,"turns":1},{"damage":0,"enemies":"Sphere and 2 Shapes","floor":39,"turns":1},{"damage":0,"enemies":"Writhing Mass","floor":41,"turns":2},{"damage":0,"enemies":"Giant Head","floor":42,"turns":1},{"damage":0,"enemies":"Spire Growth","floor":45,"turns":1},{"damage":0,"enemies":"Reptomancer","floor":46,"turns":1},{"damage":10,"enemies":"4 Shapes","floor":48,"turns":1},{"damage":0,"enemies":"Donu and Deca","floor":50,"turns":1}],"seed_played":"-4039233653085953877","potions_obtained":[{"floor":1.0,"key":"Ancient Potion"},{"floor":4.0,"key":"BlessingOfTheForge"},{"floor":27,"key":"SpeedPotion"},{"floor":29,"key":"Fire Potion"},{"floor":33,"key":"DistilledChaos"},{"floor":35,"key":"Energy Potion"},{"floor":45,"key":"SteroidPotion"}],"is_trial":false,"path_per_floor":["M","?","?","M","$","R","?","R","T","M","?","$","?","M","R","B",null,"M","?","M","$","M","R","E","M","T","M","M","M","M","M","R","B",null,"M","M","$","?","M","R","M","E","T","?","M","E","$","M","R","B",null],"character_chosen":"THE_SILENT","items_purchased":["Bag of Preparation"],"campfire_rested":2,"item_purchase_floors":[37],"current_hp_per_floor":[58,51,51,51,51,51,51,51,65,65,65,65,70,70,70,61,75,75,75,75,75,75,75,75,75,75,75,75,75,75,75,75,75,78,78,78,78,75,75,75,75,75,75,75,75,75,75,65,75,75],"gold":57,"neow_bonus":"TRANSFORM_TWO_CARDS","is_daily":false,"chose_seed":false,"campfire_upgraded":5,"win_rate":0.0,"timestamp":1608522561,"path_taken":["M","?","?","M","$","R","?","R","T","M","?","?","?","?","R","BOSS","M","?","M","$","M","R","E","M","T","M","?","M","M","M","R","BOSS","M","M","$","?","M","R","M","E","T","?","M","E","$","M","R","BOSS"],"items_purchased_type":["Relic"],"build_version":"2020-12-13","purchased_purges":3,"victory":true,"max_hp_per_floor":[60,60,60,60,60,60,60,60,74,74,74,74,79,79,79,79,79,79,79,79,79,79,79,79,79,79,79,79,79,79,79,79,79,79,79,79,79,75,75,75,75,75,75,75,75,75,75,75,75,75],"card_choices":[{"not_picked":["Predator","Cloak And Dagger"],"picked":"Reflex","floor":1.0},{"not_picked":["Setup","Accuracy","Sucker Punch"],"picked":"SKIP","floor":4.0},{"not_picked":["Blade Dance","Cloak And Dagger"],"picked":"Backflip","floor":10.0},{"not_picked":["Predator","Endless Agony"],"picked":"Slice","floor":14.0},{"not_picked":["Tools of the Trade","Wraith Form v2"],"picked":"Adrenaline","floor":16.0},{"not_picked":["Quick Slash","Poisoned Stab","Outmaneuver"],"picked":"SKIP","floor":18.0},{"not_picked":["Blade Dance","Deadly Poison","Sucker Punch"],"picked":"SKIP","floor":20.0},{"not_picked":["Storm of Steel","Poisoned Stab","Sucker Punch"],"picked":"SKIP","floor":22.0},{"not_picked":["Glass Knife","Crippling Poison","Bullet Time"],"picked":"SKIP","floor":24},{"not_picked":["Dodge and Roll","PiercingWail+1","Deflect"],"picked":"SKIP","floor":25},{"not_picked":["Concentrate","Endless Agony","Leg Sweep"],"picked":"SKIP","floor":27},{"not_picked":["Expertise","Caltrops","Cloak And Dagger"],"picked":"SKIP","floor":28},{"not_picked":["Venomology","Finisher"],"picked":"Eviscerate+1","floor":29},{"not_picked":["Doppelganger","Accuracy","Underhanded Strike"],"picked":"SKIP","floor":30},{"not_picked":["Bane","Riddle With Holes"],"picked":"Prepared","floor":31},{"not_picked":["Venomology","Die Die Die"],"picked":"Adrenaline","floor":33},{"not_picked":["Concentrate+1","Sucker Punch","Dodge and Roll"],"picked":"SKIP","floor":35},{"not_picked":["Prepared+1","Deflect","Footwork+1"],"picked":"SKIP","floor":36},{"not_picked":["Sucker Punch+1","Deflect+1","Dagger Spray"],"picked":"SKIP","floor":39},{"not_picked":["Setup+1","Dagger Throw","Poisoned Stab"],"picked":"SKIP","floor":41},{"not_picked":["A Thousand Cuts","Flying Knee+1","Backflip+1"],"picked":"SKIP","floor":42},{"not_picked":["Dagger Throw","Leg Sweep+1","Quick Slash"],"picked":"SKIP","floor":45},{"not_picked":["Well Laid Plans","Prepared","Terror"],"picked":"SKIP","floor":46},{"not_picked":["Noxious Fumes","Wraith Form v2","Slice+1"],"picked":"SKIP","floor":48}],"player_experience":667567,"relics_obtained":[{"floor":9.0,"key":"Mango"},{"floor":24,"key":"Bronze Scales"},{"floor":26,"key":"Potion Belt"},{"floor":42,"key":"Happy Flower"},{"floor":43,"key":"HornCleat"}],"event_choices":[{"cards_removed":["Strike_G"],"damage_healed":0.0,"max_hp_gain":0.0,"max_hp_loss":0.0,"gold_gain":0.0,"event_name":"Golden Wing","player_choice":"Card Removal","floor":2.0,"gold_loss":0.0,"damage_taken":7.0},{"cards_removed":["Defend_G"],"damage_healed":0.0,"max_hp_gain":0.0,"max_hp_loss":0.0,"gold_gain":0.0,"event_name":"The Cleric","player_choice":"Card Removal","floor":3.0,"gold_loss":50.0,"damage_taken":0.0},{"damage_healed":0.0,"max_hp_gain":0.0,"max_hp_loss":0.0,"gold_gain":0.0,"cards_transformed":["Strike_G"],"event_name":"Living Wall","player_choice":"Change","floor":7.0,"gold_loss":0.0,"damage_taken":0.0,"cards_obtained":["Escape Plan"]},{"damage_healed":0.0,"max_hp_gain":0.0,"max_hp_loss":0.0,"gold_gain":0.0,"event_name":"Liars Game","player_choice":"Ignored","floor":11.0,"gold_loss":0.0,"damage_taken":0.0},{"damage_healed":0.0,"max_hp_gain":5.0,"max_hp_loss":0.0,"gold_gain":0.0,"event_name":"Big Fish","player_choice":"Donut","floor":13.0,"gold_loss":0.0,"damage_taken":0.0},{"damage_healed":0.0,"max_hp_gain":0.0,"max_hp_loss":0.0,"gold_gain":0.0,"event_name":"N\u0027loth","player_choice":"Traded Relic","floor":19.0,"relics_lost":["WristBlade"],"gold_loss":0.0,"damage_taken":0.0,"relics_obtained":["Nloth\u0027s Gift"]},{"damage_healed":0,"gold_gain":0,"player_choice":"Max HP","damage_taken":0,"max_hp_gain":0,"max_hp_loss":4,"event_name":"Winding Halls","floor":38,"gold_loss":0},{"damage_healed":0,"gold_gain":0,"player_choice":"Paid","damage_taken":0,"relics_obtained":["Red Mask"],"max_hp_gain":0,"max_hp_loss":0,"event_name":"Tomb of Lord Red Mask","floor":44,"gold_loss":65}],"is_beta":false,"boss_relics":[{"not_picked":["Busted Crown","HoveringKite"],"picked":"WristBlade"},{"not_picked":["Cursed Key","SacredBark"],"picked":"Fusion Hammer"}],"items_purged_floors":[5,21,37],"is_endless":false,"potions_floor_spawned":[1,4,20,24,27,29,30,33,35,42,45,46],"ascension_level":14}}