{"host":"d4km6p8r92tm3vpl","time":1608550630,"event":{"mods":["BaseMod","Hermit","Jorbs Mod","Marisa????????","Minty Spire (QoL Compilation)","Relic Stats","StSLib","The Cursed","The Servant 0.9.4"],"gold_per_floor":[117,139,160,74,151,151,171,199,199,204,204],"floor_reached":10,"playtime":512,"items_purged":[],"score":68,"play_id":"60b8b47b-5cf8-4750-bc96-f9047b8d71d4","local_time":"20201221063710","is_ascension_mode":false,"campfire_choices":[{"data":"hermit:Combo","floor":6,"key":"SMITH"}],"circlet_count":0,"master_deck":["hermit:Strike_Hermit","hermit:Strike_Hermit","hermit:Strike_Hermit","hermit:Strike_Hermit","hermit:Defend_Hermit","hermit:Defend_Hermit","hermit:Defend_Hermit","hermit:Defend_Hermit","hermit:Snapshot","hermit:Covet","hermit:Scavenge","hermit:GhostlyPresence","hermit:Combo+1","hermit:Dive","hermit:TrackingShot"],"relics":["hermit:Momento","Matryoshka","Ancient Tea Set","Bottled Tornado"],"acts_visited":["Exordium"],"potions_floor_usage":[7],"damage_taken":[{"damage":4,"enemies":"Jaw Worm","floor":1,"turns":6},{"damage":0,"enemies":"2 Louse","floor":2,"turns":3},{"damage":0,"enemies":"Small Slimes","floor":3,"turns":5},{"damage":20,"enemies":"Exordium Wildlife","floor":7,"turns":8},{"damage":22,"enemies":"Lagavulin","floor":8,"turns":9},{"damage":41,"enemies":"Gremlin Nob","floor":10,"turns":4}],"seed_played":"-1355682000727536873","potions_obtained":[{"floor":2,"key":"Strength Potion"},{"floor":3,"key":"LiquidMemories"},{"floor":8,"key":"AttackPotion"}],"is_trial":false,"path_per_floor":["M","M","M","$","?","R","M","E","T","E"],"character_chosen":"HERMIT","items_purchased":["hermit:Combo","hermit:Dive"],"campfire_rested":0,"item_purchase_floors":[4,4],"current_hp_per_floor":[78,78,78,78,78,78,58,36,36,0,0],"gold":204,"neow_bonus":"TEN_PERCENT_HP_BONUS","is_daily":false,"chose_seed":false,"campfire_upgraded":1,"win_rate":0.0,"timestamp":1608550630,"path_taken":["M","M","M","$","?","R","M","E","T","E"],"items_purchased_type":["Card","Card"],"build_version":"2020-12-13","purchased_purges":0,"victory":false,"max_hp_per_floor":[82,82,82,82,82,82,82,82,82,82,82],"relic_stats":{"counters":[6,35],"obtain_stats":[{"Matryoshka":8,"Bottled Tornado":9,"Ancient Tea Set":9,"hermit:Momento":0},{"Matryoshka":5,"Bottled Tornado":5,"Ancient Tea Set":5,"hermit:Momento":0},{"Matryoshka":31,"Bottled Tornado":31,"Ancient Tea Set":31,"hermit:Momento":0}]},"card_choices":[{"not_picked":["hermit:Feint","hermit:Gestalt"],"picked":"hermit:Scavenge","floor":1},{"not_picked":["hermit:BodyArmor","hermit:LowProfile"],"picked":"hermit:GhostlyPresence","floor":2},{"not_picked":["hermit:Vantage","hermit:Roulette","hermit:Glare"],"picked":"SKIP","floor":3},{"not_picked":["hermit:Deadeye","hermit:Desperado"],"picked":"hermit:TrackingShot","floor":7},{"not_picked":["hermit:SprayPray","hermit:TakeCover","hermit:Headshot"],"picked":"SKIP","floor":8}],"player_experience":804840,"relics_obtained":[{"floor":8,"key":"Matryoshka"},{"floor":9,"key":"Ancient Tea Set"},{"floor":9,"key":"Bottled Tornado"}],"event_choices":[{"damage_healed":0,"gold_gain":77,"player_choice":"Gained Gold","damage_taken":0,"max_hp_gain":0,"max_hp_loss":0,"event_name":"Golden Wing","floor":5,"gold_loss":0}],"is_beta":false,"boss_relics":[],"items_purged_floors":[],"is_endless":false,"potions_floor_spawned":[2,3,8],"killed_by":"Gremlin Nob","ascension_level":0}}