{"host":"36ls4ricihodphgx","time":1608578812,"event":{"mods":["AchievementEnabler","BaseMod","Colored Map","Downfall","Hermit","HololiveMod","Marisa????????","Minty Spire (QoL Compilation)","Replay The Spire","StSLib","The Animator","The Cursed","The Servant 0.9.4"],"gold_per_floor":[116,128,460,460,471,471,494,508,588,104,116,116,128,154,166,293,305,337,349,361,214,0,0,0,0,24,24,59,59,108,108,108,108,108],"floor_reached":33,"playtime":2140,"items_purged":["animator:Boros"],"score":233,"play_id":"f97e78a2-2a99-42fc-b843-9603b18d5605","local_time":"20201221122652","is_ascension_mode":false,"campfire_choices":[{"data":"animator:EmiyaShirou","floor":6.0,"key":"SMITH"},{"floor":15.0,"key":"REST"},{"data":"animator:Hans","floor":23.0,"key":"SMITH"},{"data":"animator:Vanir","floor":25.0,"key":"SMITH"},{"floor":27.0,"key":"REST"},{"data":"animator:Mitsurugi","floor":29,"key":"SMITH"},{"data":"animator:YunYun","floor":32,"key":"SMITH"}],"circlet_count":0,"master_deck":["animator:Strike_Konosuba","animator:Defend_Konosuba","animator:Strike","animator:Defend","animator:Kazuma","animator:Aqua","animator:EmiyaShirou+1","animator:Cocytus","animator:Megumin+4","animator:Mitsurugi+1","animator:Vanir+1","animator:Shuna","animator:Kazuma","animator:Mitsurugi","animator:Wiz","CommonCold","animator:YunYun+1","Slimebound:CheckThePlaybook","Slimebound:Icky","animator:Hans+1","Voices","Looming Evil","animator:Aqua","animator:Eris"],"relics":["animator:LivingPicture","animator:TheMissingPiece","Old Coin","Matryoshka","FossilizedHelix","MawBank","Kintsugi","Ring of Fury","ReplayTheSpireMod:Ring of Addiction","Chameleon Ring","Potion Belt","Lantern","Dream Catcher","Ornamental Fan","Red Skull","FaceOfCleric"],"acts_visited":["Exordium","TheCity"],"potions_floor_usage":[28,28,33,33],"damage_taken":[{"damage":0.0,"enemies":"2 Louse","floor":1.0,"turns":5.0},{"damage":0.0,"enemies":"Cultist","floor":2.0,"turns":5.0},{"damage":3.0,"enemies":"Jaw Worm","floor":5.0,"turns":5.0},{"damage":2.0,"enemies":"3 Louse","floor":7.0,"turns":5.0},{"damage":9.0,"enemies":"Large Slime","floor":8.0,"turns":7.0},{"damage":0.0,"enemies":"2 Fungi Beasts","floor":11.0,"turns":4.0},{"damage":28.0,"enemies":"Exordium Thugs","floor":14.0,"turns":7.0},{"damage":45.0,"enemies":"The Guardian","floor":16.0,"turns":15.0},{"damage":17.0,"enemies":"Chosen","floor":18.0,"turns":8.0},{"damage":0,"enemies":"Spheric Guardian","floor":28,"turns":3},{"damage":83,"enemies":"Champ","floor":33,"turns":11}],"seed_played":"-749571501236476676","potions_obtained":[{"floor":2.0,"key":"ColorlessPotion"},{"floor":5.0,"key":"Strength Potion"},{"floor":11.0,"key":"Elixir"},{"floor":20.0,"key":"Adrenaline Potion"},{"floor":20.0,"key":"SteroidPotion"},{"floor":28,"key":"Death Potion"}],"is_trial":false,"path_per_floor":["M","M","?","?","M","R","M","M","T","$","M","?","$","M","R","B",null,"M","?","?","$","?","R","?","R","T","R","M","R","T","?","R","B"],"character_chosen":"THE_ANIMATOR","items_purchased":["animator:Vanir","animator:Shuna","FossilizedHelix","animator:Hans"],"campfire_rested":2,"item_purchase_floors":[10,10,10,21],"current_hp_per_floor":[66,66,66,66,66,66,66,63,63,63,65,65,65,37,57,14,67,51,51,51,51,51,51,51,51,51,64,64,64,64,64,62,0,0],"gold":108,"neow_bonus":"","is_daily":false,"chose_seed":false,"campfire_upgraded":5,"win_rate":0.0,"timestamp":1608578812,"path_taken":["M","M","?","?","M","R","M","?","T","$","M","?","$","M","R","BOSS","M","?","?","$","?","R","?","R","T","R","M","R","?","?","R","BOSS"],"items_purchased_type":["Card","Card","Relic","Card"],"build_version":"2020-12-13","purchased_purges":1,"victory":false,"max_hp_per_floor":[66,66,66,66,66,66,66,67,67,67,67,67,67,67,67,67,67,68,68,68,68,68,68,66,66,66,64,64,64,64,64,62,62,62],"card_choices":[{"not_picked":["animator:Mitsuba","animator:Pride"],"picked":"animator:EmiyaShirou","floor":1.0},{"not_picked":["animator:Hitei","animator:Millim"],"picked":"animator:Cocytus","floor":2.0},{"not_picked":["animator:SilverFang","animator:Tatsumaki"],"picked":"animator:Boros","floor":3.0},{"not_picked":["animator:GazelDwargon","animator:Tatsumaki","animator:Vesta"],"picked":"SKIP","floor":5.0},{"not_picked":["animator:YunYun","animator:Mitsurugi"],"picked":"animator:Megumin","floor":7.0},{"not_picked":["animator:Shuna","animator:Tyuule"],"picked":"animator:Mitsurugi","floor":8.0},{"not_picked":["animator:Tyuule","animator:MumenRider"],"picked":"animator:Kazuma","floor":11.0},{"not_picked":["animator:Albedo","animator:Chris"],"picked":"animator:Mitsurugi","floor":14.0},{"not_picked":["animator:Greed","animator:Father"],"picked":"animator:Wiz","floor":16.0},{"not_picked":["animator:Mitsurugi","animator:Megumin"],"picked":"animator:YunYun","floor":18.0},{"not_picked":["animator:Scar","animator:Megumin"],"picked":"animator:Aqua","floor":27.0},{"not_picked":["animator:Hakurou+1","animator:Sonic"],"picked":"animator:Eris","floor":28}],"player_experience":0,"relics_obtained":[{"floor":3.0,"key":"Old Coin"},{"floor":9.0,"key":"Matryoshka"},{"floor":20.0,"key":"Ring of Fury"},{"floor":20.0,"key":"ReplayTheSpireMod:Ring of Addiction"},{"floor":20.0,"key":"Chameleon Ring"},{"floor":20.0,"key":"Potion Belt"},{"floor":26.0,"key":"Lantern"},{"floor":26.0,"key":"Dream Catcher"},{"floor":30,"key":"Ornamental Fan"},{"floor":30,"key":"Red Skull"}],"event_choices":[{"cards_removed":["ReplayTheSpireMod:Splinters"],"damage_healed":0.0,"max_hp_gain":0.0,"max_hp_loss":0.0,"gold_gain":0.0,"event_name":"Fountain of Cleansing","player_choice":"Removed Curses","floor":4.0,"gold_loss":0.0,"damage_taken":0.0},{"damage_healed":0.0,"max_hp_gain":0.0,"max_hp_loss":0.0,"gold_gain":0.0,"event_name":"Big Fish","player_choice":"Box","floor":12.0,"gold_loss":0.0,"damage_taken":0.0,"relics_obtained":["MawBank"],"cards_obtained":["Regret"]},{"damage_healed":0.0,"max_hp_gain":0.0,"max_hp_loss":0.0,"gold_gain":0.0,"event_name":"Masked Bandits","player_choice":"Paid Fearfully","floor":22.0,"gold_loss":214.0,"damage_taken":0.0},{"damage_healed":0.0,"max_hp_gain":0.0,"max_hp_loss":0.0,"gold_gain":0.0,"cards_transformed":["Regret","animator:Curse_Nutcracker"],"event_name":"Drug Dealer","player_choice":"Became Test Subject","floor":24.0,"gold_loss":0.0,"damage_taken":0.0,"cards_obtained":["Voices","Looming Evil"]},{"damage_healed":0,"gold_gain":0,"player_choice":"Trade","damage_taken":0,"relics_obtained":["FaceOfCleric"],"max_hp_gain":0,"max_hp_loss":0,"event_name":"FaceTrader","floor":31,"gold_loss":0}],"is_beta":false,"boss_relics":[{"not_picked":["Ring of Chaos","Runic Dome"],"picked":"Kintsugi"}],"items_purged_floors":[10],"is_endless":false,"potions_floor_spawned":[2,5,11,16,28],"killed_by":"Champ","ascension_level":0}}