{"host":"jv2t9had6btonlzl","time":1608584926,"event":{"mods":["BaseMod","Downfall","Minty Spire (QoL Compilation)","Replay The Spire","StSLib","The Construct","The Cursed","The Hierophant","The Judge","The Necromancer","The Runesmith","The Servant 0.9.4","TheFirefly"],"gold_per_floor":[110,110,110,130,146,171,171,171,171,213,225,248,271,311,323,437,499,522,549,549],"floor_reached":19,"playtime":1478,"items_purged":[],"score":189,"play_id":"7750adcc-f9d4-48e4-a5fe-8fa025f4657d","local_time":"20201221160846","is_ascension_mode":false,"campfire_choices":[{"floor":7,"key":"REST"},{"data":"Runesmith:UnlimitedPower","floor":11,"key":"SMITH"},{"floor":15,"key":"DIG"}],"circlet_count":0,"master_deck":["Runesmith:Strike_RS","Runesmith:Strike_RS","Runesmith:Strike_RS","Runesmith:Defend_RS","Runesmith:Defend_RS+1","Runesmith:Defend_RS","Runesmith:Defend_RS","Runesmith:CraftFirestone+1","Runesmith:Fortify","Runesmith:UnlimitedPower+1","Runesmith:LithiumIon","Runesmith:EnergizedChisel+1","Runesmith:HammerThrow+1","Runesmith:ChaoticBlast+1","Runesmith:ElementalConversion","Runesmith:PoweredAnvil","Runesmith:RuneHurl+1","Runesmith:CraftProtectio","Runesmith:ArcReactor","Runesmith:ChaoticBlast+1","Runesmith:ChiselStab+1","Runesmith:Terraform"],"relics":["Runesmith:BrokenRuby","Molten Egg 2","Happy Flower","MawBank","Simple Rune","Whetstone","Chameleon Ring","Tiny House"],"acts_visited":["Exordium","TheCity"],"potions_floor_usage":[10,16],"damage_taken":[{"damage":13,"enemies":"2 Louse","floor":1,"turns":3},{"damage":0,"enemies":"Small Slimes","floor":4,"turns":4},{"damage":0,"enemies":"Cultist","floor":5,"turns":4},{"damage":4,"enemies":"Replay:BlueRogue","floor":6,"turns":5},{"damage":2,"enemies":"Lagavulin","floor":10,"turns":5},{"damage":5,"enemies":"Gremlin Gang","floor":12,"turns":4},{"damage":5,"enemies":"Exordium Thugs","floor":13,"turns":4},{"damage":15,"enemies":"Replay:BlueRogue","floor":14,"turns":6},{"damage":8,"enemies":"The Guardian","floor":16,"turns":8},{"damage":31,"enemies":"2 Thieves","floor":18,"turns":3},{"damage":2,"enemies":"Spheric Guardian","floor":19,"turns":3}],"seed_played":"7470573981389079369","potions_obtained":[{"floor":1,"key":"Energy Potion"},{"floor":5,"key":"Elixir"},{"floor":6,"key":"Reflective Coating"},{"floor":17,"key":"FairyPotion"}],"is_trial":false,"path_per_floor":["M","?","?","M","M","E","R","?","T","E","R","M","M","E","R","B",null,"M","M"],"character_chosen":"RUNESMITH_CLASS","items_purchased":[],"campfire_rested":1,"item_purchase_floors":[],"current_hp_per_floor":[57,54,40,40,40,36,57,57,57,55,55,50,45,30,30,22,75,44,42,42],"gold":549,"neow_bonus":"TRANSFORM_CARD","is_daily":false,"chose_seed":false,"campfire_upgraded":1,"win_rate":0.0,"timestamp":1608584926,"path_taken":["M","?","?","M","M","E","R","?","T","E","R","M","M","E","R","BOSS","M","M"],"items_purchased_type":[],"build_version":"2020-12-13","purchased_purges":0,"victory":false,"max_hp_per_floor":[70,70,70,70,70,70,70,70,70,70,70,70,70,70,70,70,75,75,75,75],"card_choices":[{"not_picked":["Runesmith:PerfectChisel","Runesmith:Attraction"],"picked":"Runesmith:LithiumIon","floor":1},{"not_picked":["Runesmith:MakeshiftArmor","Runesmith:Firestorm"],"picked":"Runesmith:EnergizedChisel+1","floor":4},{"not_picked":["Runesmith:EnergizedChisel+1","Runesmith:HeatedChisel+1"],"picked":"Runesmith:HammerThrow+1","floor":5},{"not_picked":["Runesmith:Reinforce","Runesmith:Terraform"],"picked":"Runesmith:ChaoticBlast+1","floor":6},{"not_picked":["Runesmith:ChiselStab+1","Runesmith:EarthShield"],"picked":"Runesmith:ElementalConversion","floor":10},{"not_picked":["Runesmith:LithiumIon","Runesmith:StaticCage"],"picked":"Runesmith:PoweredAnvil","floor":12},{"not_picked":["Runesmith:EnergizedChisel+1","Runesmith:ChiselStab+1"],"picked":"Runesmith:RuneHurl+1","floor":13},{"not_picked":["Runesmith:HammerThrow+1","Runesmith:CraftReservo"],"picked":"Runesmith:CraftProtectio","floor":14},{"not_picked":["Runesmith:Supernova","Runesmith:FissionHammer+1"],"picked":"Runesmith:ArcReactor","floor":16},{"not_picked":["Runesmith:Retool","Runesmith:Malloc"],"picked":"Runesmith:ChaoticBlast+1","floor":17},{"not_picked":["Runesmith:CraftProtectio","Runesmith:Firewall"],"picked":"Runesmith:ChiselStab+1","floor":18},{"not_picked":["Runesmith:ChiselStab+1","Runesmith:EarthShield"],"picked":"Runesmith:Terraform","floor":19}],"player_experience":91821,"relics_obtained":[{"floor":6,"key":"Happy Flower"},{"floor":9,"key":"MawBank"},{"floor":10,"key":"Simple Rune"},{"floor":14,"key":"Whetstone"},{"floor":15,"key":"Chameleon Ring"}],"event_choices":[{"damage_healed":0,"gold_gain":0,"player_choice":"Success","damage_taken":3,"relics_obtained":["Molten Egg 2"],"max_hp_gain":0,"max_hp_loss":0,"event_name":"Scrap Ooze","floor":2,"gold_loss":0},{"damage_healed":0,"gold_gain":0,"player_choice":"Entered Light","damage_taken":14,"max_hp_gain":0,"max_hp_loss":0,"event_name":"Shining Light","floor":3,"gold_loss":0,"cards_upgraded":["Runesmith:CraftFirestone","Runesmith:Strike_RS"]},{"damage_healed":0,"gold_gain":0,"player_choice":"Ignored","damage_taken":0,"max_hp_gain":0,"max_hp_loss":0,"event_name":"Liars Game","floor":8,"gold_loss":0}],"is_beta":false,"boss_relics":[{"not_picked":["Kintsugi","Runic Pyramid"],"picked":"Tiny House"}],"items_purged_floors":[],"is_endless":false,"potions_floor_spawned":[1,5,6],"killed_by":"Spheric Guardian","ascension_level":0}}