{"host":"dcj2yvrgcvh5dl2s","time":1608530399,"event":{"mods":["BaseMod","Better Note","Block Reminder","Colored Powertips","DeckTracker","Minty Spire (QoL Compilation)","Quick Restart","Rare Cards Sparkle","Relic Stats","StSLib"],"gold_per_floor":[115,115,125,145,165,190,34,34,57,76,76,76],"floor_reached":11,"playtime":489,"items_purged":[],"score":120,"play_id":"c1fdd46d-209a-44fa-9c1c-b3df5a3fec30","local_time":"20201221155959","is_ascension_mode":true,"campfire_choices":[{"floor":8,"key":"REST"}],"circlet_count":0,"master_deck":["AscendersBane","Strike_R","Strike_R","Strike_R","Strike_R","Defend_R","Defend_R","Defend_R","Defend_R","Bash","Battle Trance","Shrug It Off","Cleave","True Grit","Shrug It Off","Shockwave"],"relics":["Burning Blood","NeowsBlessing","Juzu Bracelet","ClockworkSouvenir","Bag of Preparation"],"acts_visited":[],"potions_floor_usage":[6,11],"damage_taken":[{"damage":0,"enemies":"Jaw Worm","floor":1,"turns":1},{"damage":0,"enemies":"Cultist","floor":3,"turns":1},{"damage":0,"enemies":"2 Louse","floor":4,"turns":1},{"damage":27,"enemies":"Exordium Thugs","floor":5,"turns":4},{"damage":40,"enemies":"3 Sentries","floor":6,"turns":10},{"damage":24,"enemies":"Gremlin Gang","floor":10,"turns":5},{"damage":39,"enemies":"Gremlin Nob","floor":11,"turns":4}],"seed_played":"-2167387794072493627","potions_obtained":[{"floor":4,"key":"ElixirPotion"},{"floor":5,"key":"Dexterity Potion"},{"floor":10,"key":"FearPotion"}],"is_trial":false,"path_per_floor":["M","?","M","M","M","E","$","R","T","M","E"],"character_chosen":"IRONCLAD","items_purchased":["ClockworkSouvenir"],"campfire_rested":1,"item_purchase_floors":[7],"current_hp_per_floor":[78,78,80,80,59,25,25,49,49,31,0,0],"gold":76,"neow_bonus":"THREE_ENEMY_KILL","is_daily":false,"chose_seed":false,"campfire_upgraded":0,"win_rate":0.0,"timestamp":1608530399,"path_taken":["M","?","M","?","?","E","$","R","T","M","E"],"items_purchased_type":["Relic"],"build_version":"2020-12-13","purchased_purges":0,"victory":false,"max_hp_per_floor":[80,80,80,80,80,80,80,80,80,80,80,80],"relic_stats":{"counters":[7,26],"Juzu Bracelet":0,"Bag of Preparation":[4],"obtain_stats":[{"NeowsBlessing":0,"Juzu Bracelet":6,"Bag of Preparation":9,"Burning Blood":0,"ClockworkSouvenir":7},{"NeowsBlessing":0,"Juzu Bracelet":5,"Bag of Preparation":5,"Burning Blood":0,"ClockworkSouvenir":5},{"NeowsBlessing":0,"Juzu Bracelet":17,"Bag of Preparation":17,"Burning Blood":0,"ClockworkSouvenir":17}],"Burning Blood":26},"card_choices":[{"not_picked":["Headbutt","Dual Wield"],"picked":"Battle Trance","floor":1},{"not_picked":["Warcry","Second Wind"],"picked":"Shrug It Off","floor":3},{"not_picked":["Seeing Red","Iron Wave"],"picked":"Cleave","floor":4},{"not_picked":["Twin Strike","Rupture"],"picked":"True Grit","floor":5},{"not_picked":["Bloodletting","Intimidate"],"picked":"Shrug It Off","floor":6},{"not_picked":["Thunderclap","Anger"],"picked":"Shockwave","floor":10}],"player_experience":1996782,"relics_obtained":[{"floor":6,"key":"Juzu Bracelet"},{"floor":9,"key":"Bag of Preparation"}],"event_choices":[{"cards_removed":["Strike_R"],"damage_healed":0,"gold_gain":0,"player_choice":"Offered Basic","damage_taken":0,"max_hp_gain":0,"max_hp_loss":0,"event_name":"Bonfire Elementals","floor":2,"gold_loss":0}],"is_beta":false,"boss_relics":[],"items_purged_floors":[],"is_endless":false,"potions_floor_spawned":[4,5,10],"killed_by":"Gremlin Nob","ascension_level":12}}