{"host":"i3z0gcxurea6197v","time":1608567103,"event":{"mods":["Aspiration","BaseMod","Conspire","Energized Spire","Hubris","Minty Spire (QoL Compilation)","Permanent Neow","Relic Stats","Replay The Spire","Shop Mod","StSLib","SuperFastMode","Virulent Crown","vexMod"],"gold_per_floor":[112,162,179,6,56,84,84,109,133,55,68,79,79,79,79,156,256,226,226,226,246,257,257,269,304,304,304,322,322,322,338,338,338,338],"floor_reached":33,"playtime":2864,"items_purged":["Strike_G"],"score":550,"play_id":"5c721a3c-43d0-4c45-be8d-afc3cf2f77de","local_time":"20201221211143","is_ascension_mode":true,"campfire_choices":[{"data":"Bane","floor":7.0,"key":"SMITH"},{"floor":13.0,"key":"REST"},{"data":"hubris:Counter","floor":15.0,"key":"SMITH"},{"floor":23.0,"key":"REST"},{"data":"Malaise","floor":32.0,"key":"SMITH"}],"circlet_count":0,"master_deck":["AscendersBane","Strike_G","Strike_G+1","Strike_G","Strike_G","Defend_G","Defend_G+1","Defend_G+1","Defend_G","Defend_G","Survivor","Neutralize+1","Deadly Poison","Dagger Spray","Well Laid Plans","Bane+1","Backflip","hubris:Counter+1","PiercingWail","After Image","Deadly Poison","Noxious Fumes+1","Dash","Malaise+1","ReplayTheSpireMod:Speed Training","Conserve Battery"],"relics":["Ring of the Snake","Replay:Mystery Machine","aspiration:ChemicalBlood","Pet Ghost","Gremlin Food","War Paint","Replay:Wanted Poster","aspiration:StickyExplosives_weak","hubris:DeckOfHolding","PrismaticShard","hubris:Icosahedron"],"acts_visited":["Exordium","TheCity"],"potions_floor_usage":[33,33,33],"damage_taken":[{"damage":4.0,"enemies":"Small Slimes","floor":1.0,"turns":5.0},{"damage":0.0,"enemies":"Cultist","floor":3.0,"turns":4.0},{"damage":15.0,"enemies":"Gremlin Nob","floor":6.0,"turns":4.0},{"damage":15.0,"enemies":"3 Sentries","floor":8.0,"turns":10.0},{"damage":1.0,"enemies":"Jaw Worm","floor":11.0,"turns":4.0},{"damage":2.0,"enemies":"Blue Slaver","floor":12.0,"turns":4.0},{"damage":25.0,"enemies":"The Guardian","floor":16.0,"turns":10.0},{"damage":17.0,"enemies":"2 Thieves","floor":18.0,"turns":4.0},{"damage":3.0,"enemies":"conspire:FuzzyDice","floor":21.0,"turns":12.0},{"damage":13.0,"enemies":"3 Cultists","floor":22.0,"turns":6.0},{"damage":0.0,"enemies":"conspire:HollyBat","floor":24.0,"turns":8.0},{"damage":24.0,"enemies":"conspire:Head Lice","floor":25.0,"turns":7.0},{"damage":0.0,"enemies":"Snake Plant","floor":28.0,"turns":6.0},{"damage":2.0,"enemies":"Cultist and Chosen","floor":31.0,"turns":9.0},{"damage":68,"enemies":"Collector","floor":33,"turns":9}],"seed_played":"6874156484981436322","potions_obtained":[{"floor":1.0,"key":"Block Potion"},{"floor":3.0,"key":"SkillPotion"},{"floor":6.0,"key":"Cursed Concoction"},{"floor":16.0,"key":"DuplicationPotion"},{"floor":18.0,"key":"GamblersBrew"},{"floor":19.0,"key":"Adrenaline Potion"},{"floor":24.0,"key":"Energy Potion"},{"floor":25.0,"key":"Energy Potion"},{"floor":33,"key":"Swift Potion"}],"is_trial":false,"path_per_floor":["M","?","M","$","T","E","R","E","T","$","M","M","R","$","R","B",null,"M","?","$","M","M","R","M","E","T","?","M","?","$","M","R","B"],"character_chosen":"THE_SILENT","items_purchased":["Well Laid Plans","Bane","hubris:Counter"],"campfire_rested":2,"item_purchase_floors":[4,4,10],"current_hp_per_floor":[55,55,55,55,55,40,40,25,25,25,24,22,41,41,41,16,54,37,37,37,34,21,40,40,16,16,4,4,4,4,64,64,0,0],"gold":338,"neow_bonus":"RANDOM_COMMON_RELIC","is_daily":false,"chose_seed":false,"campfire_upgraded":3,"win_rate":0.0,"timestamp":1608567103,"path_taken":["M","?","?","$","?","E","R","E","T","$","M","M","R","?","R","BOSS","M","?","$","?","M","R","M","E","T","?","M","?","$","M","R","BOSS"],"items_purchased_type":["Card","Card","Card"],"build_version":"2020-12-13","purchased_purges":1,"victory":false,"max_hp_per_floor":[66,66,66,66,66,66,66,66,66,66,66,66,66,66,66,66,66,66,66,66,66,66,66,66,66,66,66,66,66,66,66,66,66,66],"relic_stats":{"counters":[15,102],"War Paint":["Defend_G","Defend_G"],"obtain_stats":[{"Gremlin Food":8,"Replay:Wanted Poster":17,"hubris:Icosahedron":29,"hubris:DeckOfHolding":26,"Replay:Mystery Machine":0,"War Paint":9,"PrismaticShard":27,"Pet Ghost":6,"Ring of the Snake":0,"aspiration:ChemicalBlood":5,"aspiration:StickyExplosives_weak":25},{"Gremlin Food":4,"Replay:Wanted Poster":7,"hubris:Icosahedron":13,"hubris:DeckOfHolding":12,"Replay:Mystery Machine":0,"War Paint":4,"PrismaticShard":12,"Pet Ghost":3,"Ring of the Snake":0,"aspiration:ChemicalBlood":2,"aspiration:StickyExplosives_weak":12},{"Gremlin Food":23,"Replay:Wanted Poster":41,"hubris:Icosahedron":84,"hubris:DeckOfHolding":78,"Replay:Mystery Machine":0,"War Paint":23,"PrismaticShard":78,"Pet Ghost":13,"Ring of the Snake":0,"aspiration:ChemicalBlood":9,"aspiration:StickyExplosives_weak":78}],"Ring of the Snake":[30]},"card_choices":[{"not_picked":["hubris:TrickCloak","Blade Dance"],"picked":"Deadly Poison","floor":1.0},{"not_picked":["Noxious Fumes","Crippling Poison"],"picked":"Dagger Spray","floor":3.0},{"not_picked":["Backstab","Underhanded Strike"],"picked":"Backflip","floor":6.0},{"not_picked":["Predator","ReplayTheSpireMod:Exploit Weakness","Setup"],"picked":"SKIP","floor":8.0},{"not_picked":["Flying Knee","hubris:Counter"],"picked":"PiercingWail","floor":11.0},{"not_picked":["Quick Slash","Expertise","hubris:SlightOfHand"],"picked":"SKIP","floor":12.0},{"not_picked":["Venomology","Poison Darts"],"picked":"After Image","floor":16.0},{"not_picked":["Cloak And Dagger","Dagger Spray"],"picked":"Deadly Poison","floor":18.0},{"not_picked":["Outmaneuver","ReplayTheSpireMod:Exploit Weakness","Prepared"],"picked":"SKIP","floor":21.0},{"not_picked":["Predator","Blade Dance"],"picked":"Noxious Fumes+1","floor":22.0},{"not_picked":["Dagger Throw","Hidden Blade"],"picked":"Dash","floor":24.0},{"not_picked":["Accuracy","Heel Hook+1"],"picked":"Malaise","floor":25.0},{"not_picked":["PiercingWail","Slice"],"picked":"ReplayTheSpireMod:Speed Training","floor":27.0},{"not_picked":["hubris:SlightOfHand","Replay:Undeath\u0027s Touch","Cleave"],"picked":"SKIP","floor":28.0},{"not_picked":["Study+1","Sword Boomerang"],"picked":"Conserve Battery","floor":31.0}],"player_experience":858042,"relics_obtained":[{"floor":5.0,"key":"aspiration:ChemicalBlood"},{"floor":6.0,"key":"Pet Ghost"},{"floor":8.0,"key":"Gremlin Food"},{"floor":9.0,"key":"War Paint"},{"floor":25.0,"key":"aspiration:StickyExplosives_weak"},{"floor":26.0,"key":"hubris:DeckOfHolding"},{"floor":27.0,"key":"PrismaticShard"}],"event_choices":[{"damage_healed":0.0,"max_hp_gain":0.0,"max_hp_loss":0.0,"gold_gain":50.0,"event_name":"Golden Shrine","player_choice":"Pray","floor":2.0,"gold_loss":0.0,"damage_taken":0.0},{"damage_healed":0.0,"max_hp_gain":0.0,"max_hp_loss":0.0,"gold_gain":0.0,"event_name":"Lab","player_choice":"Got Potions","floor":19.0,"gold_loss":0.0,"damage_taken":0.0}],"is_beta":false,"boss_relics":[{"not_picked":["Replay:Bronze Core","energizedSpire:StickyHand"],"picked":"Replay:Wanted Poster"}],"items_purged_floors":[4],"is_endless":false,"potions_floor_spawned":[1,3,6,16,18,24,25],"killed_by":"Collector","ascension_level":20}}