{"host":"0luxfixkkfk9wck3","time":1608536562,"event":{"mods":["BaseMod","Downfall","Highlight Path","Minty Spire (QoL Compilation)","StSLib"],"gold_per_floor":[99,99,99,133,283,283,283,302,302,302,315,69,86,100,112,112,112,112],"floor_reached":16,"playtime":1571,"items_purged":[],"score":125,"play_id":"8f520e82-9595-49f5-8a0b-f1163a49a9ee","local_time":"20201221014242","is_ascension_mode":false,"campfire_choices":[{"data":"champ:Taunt","floor":1,"key":"SMITH"},{"data":"champ:CrookedStrike","floor":6,"key":"SMITH"},{"floor":10,"key":"RECALL"}],"circlet_count":0,"master_deck":["champ:Strike","champ:Strike","champ:Strike","champ:Strike","champ:Defend","champ:Defend","champ:Defend","champ:Defend","champ:Execute","champ:Taunt+1","champ:BringItOn","champ:GladiatorStyle","champ:CrookedStrike+1","champ:AdrenalArmor","champ:PreciseThrust","champ:ViciousMockery","expansioncontent:Corrupt","champ:FocusedDefense","champ:Backstep"],"relics":["champ:ChampionCrown","downfall:HeartsMalice","Pen Nib","Tiny Chest"],"acts_visited":["Exordium"],"potions_floor_usage":[15,16],"damage_taken":[{"damage":0,"enemies":"Cultist","floor":2,"turns":1},{"damage":0,"enemies":"Small Slimes","floor":3,"turns":1},{"damage":0,"enemies":"Gremlin Nob","floor":4,"turns":1},{"damage":2,"enemies":"2 Louse","floor":8,"turns":2},{"damage":11,"enemies":"Gremlin Gang","floor":11,"turns":4},{"damage":7,"enemies":"downfall:FleeingMerchant","floor":12,"turns":4},{"damage":15,"enemies":"Exordium Thugs","floor":13,"turns":5},{"damage":5,"enemies":"Blue Slaver","floor":14,"turns":3},{"damage":15,"enemies":"Gremlin Gang","floor":15,"turns":4},{"damage":62,"enemies":"downfall:Defect","floor":16,"turns":11}],"seed_played":"-5012024930055368143","potions_obtained":[{"floor":11,"key":"Fire Potion"},{"floor":13,"key":"champ:OpenerPotion"}],"is_trial":false,"path_per_floor":["R","M","M","E","?","R","T","M","?","R","M","$","M","M","M","B"],"character_chosen":"THE_CHAMP","items_purchased":["expansioncontent:Corrupt","PowerPotion"],"campfire_rested":0,"item_purchase_floors":[12,12],"current_hp_per_floor":[90,90,90,90,90,90,90,88,88,88,81,81,76,73,60,0,0,0],"gold":112,"neow_bonus":"THREE_ENEMY_KILL","is_daily":false,"chose_seed":false,"campfire_upgraded":2,"win_rate":0.0,"timestamp":1608536562,"path_taken":["R","M","?","E","?","R","T","M","?","R","?","?","M","M","M","BOSS"],"items_purchased_type":["Card","Potion"],"build_version":"2020-12-13","purchased_purges":0,"victory":false,"max_hp_per_floor":[90,90,90,90,90,90,90,90,90,90,90,90,90,90,90,90,90,90],"card_choices":[{"not_picked":["champ:StanceDance","champ:BerserkersShout"],"picked":"champ:BringItOn","floor":2},{"not_picked":["champ:StanceDance","champ:SwordThrow"],"picked":"champ:GladiatorStyle","floor":3},{"not_picked":["champ:BerserkerStyle","champ:FightOn"],"picked":"champ:CrookedStrike","floor":4},{"not_picked":["champ:PerfectedStrike","champ:DeathBlow"],"picked":"champ:AdrenalArmor","floor":8},{"not_picked":["champ:CrookedStrike","champ:RecklessLeap"],"picked":"champ:PreciseThrust","floor":11},{"not_picked":["champ:Backstep","champ:PreciseThrust"],"picked":"champ:ViciousMockery","floor":12},{"not_picked":["champ:Encircle","champ:GladiatorsShout","champ:BladeFlurry"],"picked":"SKIP","floor":13},{"not_picked":["champ:RisingSlash","champ:FanOfKnives"],"picked":"champ:FocusedDefense","floor":14},{"not_picked":["champ:FanOfKnives","champ:AdrenalArmor"],"picked":"champ:Backstep","floor":15}],"player_experience":10478302,"relics_obtained":[{"floor":4,"key":"Pen Nib"},{"floor":7,"key":"Tiny Chest"}],"event_choices":[{"cards_removed":["Slimebound:Icky"],"damage_healed":0,"gold_gain":0,"player_choice":"Purged","damage_taken":0,"max_hp_gain":0,"max_hp_loss":0,"event_name":"Purifier","floor":9,"gold_loss":0}],"is_beta":false,"boss_relics":[],"items_purged_floors":[],"is_endless":false,"potions_floor_spawned":[11,13,14],"killed_by":"downfall:Defect","ascension_level":0}}