{"host":"bq4pt811tk9yrmjl","time":1608564351,"event":{"mods":["AchievementEnabler","BaseMod","Colored Map","Colored Powertips","Defuse TimeMaze Blight","Minty Spire (QoL Compilation)","StSLib","SuperFastMode","UnlockEverythingMod"],"gold_per_floor":[112,128,128,128,151,151,166,166,166,205,218,242,19,50,50,180,180,194,194,109,141,171,210,210,210,210],"floor_reached":25,"playtime":706,"items_purged":[],"score":271,"play_id":"47c61cf7-347b-4a74-b243-2e9f20f7d5b5","local_time":"20201221132551","is_ascension_mode":true,"campfire_choices":[{"data":"Neutralize","floor":6,"key":"SMITH"},{"data":"Cloak And Dagger","floor":8,"key":"SMITH"},{"data":"Envenom","floor":15,"key":"SMITH"},{"floor":24,"key":"RECALL"}],"circlet_count":0,"master_deck":["Strike_G","Strike_G","Strike_G","Strike_G","Strike_G","Defend_G","Defend_G","Defend_G","Defend_G","Defend_G","Survivor","Neutralize+1","Cloak And Dagger+1","Deflect","Injury","Envenom+1","Infinite Blades","Noxious Fumes","Caltrops","Bullet Time","Writhe","Blade Dance","Crippling Poison+1"],"relics":["Ring of the Serpent","PreservedInsect","Golden Idol","Kunai","Peace Pipe","Frozen Egg 2","CeramicFish","Blue Candle"],"acts_visited":["Exordium","TheCity"],"potions_floor_usage":[10,10,14,16,21,23,23],"damage_taken":[{"damage":0,"enemies":"Jaw Worm","floor":1,"turns":5},{"damage":0,"enemies":"2 Louse","floor":2,"turns":4},{"damage":1,"enemies":"Cultist","floor":5,"turns":4},{"damage":3,"enemies":"Red Slaver","floor":7,"turns":5},{"damage":0,"enemies":"3 Sentries","floor":10,"turns":10},{"damage":6,"enemies":"Looter","floor":11,"turns":5},{"damage":2,"enemies":"Blue Slaver","floor":12,"turns":4},{"damage":1,"enemies":"Lagavulin","floor":14,"turns":5},{"damage":10,"enemies":"Hexaghost","floor":16,"turns":9},{"damage":8,"enemies":"Chosen","floor":18,"turns":5},{"damage":3,"enemies":"3 Byrds","floor":21,"turns":4},{"damage":19,"enemies":"Snake Plant","floor":22,"turns":6},{"damage":26,"enemies":"Slavers","floor":23,"turns":7},{"damage":33,"enemies":"Sentry and Sphere","floor":25,"turns":7}],"seed_played":"3754229319137896202","potions_obtained":[{"floor":2,"key":"GamblersBrew"},{"floor":5,"key":"EssenceOfSteel"},{"floor":12,"key":"Dexterity Potion"},{"floor":16,"key":"Poison Potion"},{"floor":18,"key":"Fire Potion"},{"floor":22,"key":"Regen Potion"}],"is_trial":false,"path_per_floor":["M","M","?","?","M","R","M","R","T","E","M","M","$","E","R","B",null,"M","?","?","M","M","E","R","M"],"character_chosen":"THE_SILENT","items_purchased":["Noxious Fumes","FairyPotion","PowerPotion"],"campfire_rested":0,"item_purchase_floors":[13,13,13],"current_hp_per_floor":[70,70,70,70,69,69,66,66,66,66,60,58,58,57,57,47,70,62,62,62,59,40,29,29,21,21],"gold":210,"neow_bonus":"RANDOM_COMMON_RELIC","is_daily":false,"chose_seed":false,"campfire_upgraded":3,"win_rate":0.0,"timestamp":1608564351,"path_taken":["M","M","?","?","M","R","M","R","T","E","M","?","?","E","R","BOSS","M","?","?","M","M","E","R","?"],"items_purchased_type":["Card","Potion","Potion"],"build_version":"2020-12-13","purchased_purges":0,"victory":false,"max_hp_per_floor":[70,70,70,70,70,70,70,70,70,70,70,70,70,70,70,70,70,70,70,70,70,70,70,70,70,70],"card_choices":[{"not_picked":["Slice","Tactician"],"picked":"Cloak And Dagger","floor":1},{"not_picked":["Slice","Quick Slash"],"picked":"Deflect","floor":2},{"not_picked":["Backflip","Quick Slash","Night Terror"],"picked":"SKIP","floor":5},{"not_picked":["Acrobatics","All Out Attack","Blur"],"picked":"SKIP","floor":7},{"not_picked":["Outmaneuver","All Out Attack"],"picked":"Envenom","floor":10},{"not_picked":["Acrobatics","Dagger Throw"],"picked":"Infinite Blades","floor":11},{"not_picked":["Setup","Deflect","Expertise"],"picked":"SKIP","floor":12},{"not_picked":["Underhanded Strike","Flying Knee"],"picked":"Caltrops","floor":14},{"not_picked":["Die Die Die","Storm of Steel"],"picked":"Bullet Time","floor":16},{"not_picked":["Flechettes","Slice","Well Laid Plans"],"picked":"SKIP","floor":18},{"not_picked":["Poisoned Stab","Backflip"],"picked":"Blade Dance","floor":21},{"not_picked":["Cloak And Dagger","Slice"],"picked":"Crippling Poison+1","floor":22},{"not_picked":["Tactician+1","Quick Slash","Outmaneuver+1"],"picked":"SKIP","floor":23}],"player_experience":94386,"relics_obtained":[{"floor":10,"key":"Kunai"},{"floor":14,"key":"Peace Pipe"},{"floor":23,"key":"Blue Candle"}],"event_choices":[{"damage_healed":0,"gold_gain":0,"player_choice":"Take Wound","damage_taken":0,"relics_obtained":["Golden Idol"],"max_hp_gain":0,"max_hp_loss":0,"event_name":"Golden Idol","floor":3,"gold_loss":0,"cards_obtained":["Injury"]},{"damage_healed":0,"gold_gain":0,"player_choice":"0 cards matched","damage_taken":0,"max_hp_gain":0,"max_hp_loss":0,"event_name":"Match and Keep!","floor":4,"gold_loss":0,"cards_obtained":[]},{"damage_healed":0,"gold_gain":0,"player_choice":"Opened","damage_taken":0,"relics_obtained":["Frozen Egg 2"],"max_hp_gain":0,"max_hp_loss":0,"event_name":"The Mausoleum","floor":19,"gold_loss":0,"cards_obtained":["Writhe"]},{"damage_healed":0,"gold_gain":0,"player_choice":"Obtained Relic","damage_taken":0,"relics_obtained":["CeramicFish"],"max_hp_gain":0,"max_hp_loss":0,"event_name":"Addict","floor":20,"gold_loss":85}],"is_beta":false,"boss_relics":[{"not_picked":["Fusion Hammer","Calling Bell"],"picked":"Ring of the Serpent"}],"items_purged_floors":[],"is_endless":false,"potions_floor_spawned":[2,5,12,16,18,22],"killed_by":"Sentry and Sphere","ascension_level":1}}