{"host":"j4nfyhit1dl35m08","time":1608526827,"event":{"mods":["BaseMod","Highlight Path","Minty Spire (QoL Compilation)","StSLib"],"gold_per_floor":[109,109,109,123,143,153,153,187,258,25,41,41,41,79,79,183,183,208,158,179,195,213,247,247,282,307,330,188,226,226,246,246,354,354,367,367,384,87,110,147,147,188,188,188,44,44,86,103,103,103,103,103,30,73,73],"floor_reached":56,"playtime":3918,"items_purged":["Strike_P","Defend_P"],"score":1521,"play_id":"9e0ba552-7893-440a-90af-9181b8f5d3cd","local_time":"20201220230027","is_ascension_mode":true,"campfire_choices":[{"data":"Study","floor":7,"key":"SMITH"},{"floor":13,"key":"REST"},{"floor":15,"key":"REST"},{"floor":24,"key":"REST"},{"data":"SashWhip","floor":30,"key":"SMITH"},{"floor":32,"key":"REST"},{"data":"TalkToTheHand","floor":46,"key":"SMITH"},{"floor":49,"key":"RECALL"},{"data":"EmptyMind","floor":52,"key":"SMITH"}],"circlet_count":0,"master_deck":["Defend_P+1","Defend_P+1","Eruption","Vigilance","SpiritShield+1","Conclude+1","Ragnarok+1","SashWhip+1","Tantrum","Study+1","WheelKick","Adaptation+1","EmptyFist","InnerPeace","Establishment","SandsOfTime+1","EmptyFist+1","TalkToTheHand+1","ClearTheMind","EmptyMind+1","ReachHeaven+1","CrushJoints+1","Omniscience","Crescendo","Crescendo","Tantrum","WaveOfTheHand+1","Tantrum+1","Wish"],"relics":["Astrolabe","Calipers","War Paint","Sundial","Toy Ornithopter","CeramicFish","Snecko Eye","Bag of Marbles","InkBottle","Bag of Preparation","Bird Faced Urn","SlaversCollar","Vajra","HornCleat","Pen Nib","Medical Kit","Happy Flower","White Beast Statue"],"acts_visited":["Exordium","TheCity","TheBeyond","TheEnding"],"potions_floor_usage":[8,21,23,29,29,33,47,55,55,55],"damage_taken":[{"damage":0,"enemies":"Jaw Worm","floor":1,"turns":3},{"damage":0,"enemies":"Cultist","floor":4,"turns":2},{"damage":0,"enemies":"Small Slimes","floor":5,"turns":2},{"damage":14,"enemies":"Blue Slaver","floor":6,"turns":2},{"damage":2,"enemies":"Gremlin Nob","floor":8,"turns":3},{"damage":22,"enemies":"Exordium Thugs","floor":11,"turns":3},{"damage":22,"enemies":"3 Sentries","floor":14,"turns":5},{"damage":20,"enemies":"Slime Boss","floor":16,"turns":8},{"damage":23,"enemies":"3 Byrds","floor":18,"turns":6},{"damage":4,"enemies":"Shell Parasite","floor":20,"turns":3},{"damage":27,"enemies":"Centurion and Healer","floor":21,"turns":3},{"damage":0,"enemies":"Snecko","floor":22,"turns":2},{"damage":18,"enemies":"Book of Stabbing","floor":23,"turns":3},{"damage":25,"enemies":"Gremlin Leader","floor":25,"turns":3},{"damage":0,"enemies":"Shelled Parasite and Fungi","floor":27,"turns":1},{"damage":16,"enemies":"Slavers","floor":29,"turns":3},{"damage":16,"enemies":"Centurion and Healer","floor":31,"turns":4},{"damage":14,"enemies":"Automaton","floor":33,"turns":5},{"damage":0,"enemies":"3 Shapes","floor":35,"turns":3},{"damage":0,"enemies":"3 Darklings","floor":37,"turns":1},{"damage":0,"enemies":"Spire Growth","floor":39,"turns":2},{"damage":13,"enemies":"Giant Head","floor":40,"turns":3},{"damage":0,"enemies":"Nemesis","floor":42,"turns":3},{"damage":0,"enemies":"Reptomancer","floor":47,"turns":2},{"damage":0,"enemies":"Maw","floor":48,"turns":3},{"damage":0,"enemies":"Donu and Deca","floor":50,"turns":7},{"damage":0,"enemies":"Shield and Spear","floor":54,"turns":2},{"damage":40,"enemies":"The Heart","floor":55,"turns":7}],"seed_played":"-3446918172127149805","potions_obtained":[{"floor":5,"key":"SteroidPotion"},{"floor":6,"key":"SpeedPotion"},{"floor":8,"key":"EssenceOfSteel"},{"floor":14,"key":"FairyPotion"},{"floor":20,"key":"SkillPotion"},{"floor":22,"key":"AttackPotion"},{"floor":23,"key":"SteroidPotion"},{"floor":29,"key":"BlessingOfTheForge"},{"floor":42,"key":"Explosive Potion"},{"floor":47,"key":"FearPotion"},{"floor":48,"key":"Dexterity Potion"}],"is_trial":false,"path_per_floor":["M","?","?","M","M","M","R","E","T","$","M","?","R","E","R","B",null,"M","?","M","M","M","E","R","E","T","M","$","E","R","M","R","B",null,"M","?","M","$","M","E","$","E","T","?","$","R","E","M","R","B",null,"R","$","E","B",null],"character_chosen":"WATCHER","items_purchased":["Toy Ornithopter","Adaptation","EmptyMind","Crescendo","Vajra","Medical Kit","GamblersBrew"],"campfire_rested":4,"item_purchase_floors":[10,10,28,38,38,45,53],"current_hp_per_floor":[72,65,65,65,65,51,51,49,49,49,27,27,48,26,47,27,72,49,49,45,23,23,10,31,6,6,6,6,21,21,9,30,27,72,72,72,72,72,72,59,59,61,61,61,61,61,72,72,72,72,72,72,72,72,39],"gold":73,"neow_bonus":"BOSS_RELIC","is_daily":false,"chose_seed":false,"campfire_upgraded":4,"win_rate":0.0,"timestamp":1608526827,"path_taken":["M","?","?","M","M","M","R","E","T","$","?","?","R","E","R","BOSS","M","?","M","?","M","E","R","E","T","M","$","E","R","M","R","BOSS","M","?","M","$","M","E","?","E","T","?","$","R","E","M","R","BOSS","R","$","E","BOSS"],"items_purchased_type":["Relic","Card","Card","Card","Relic","Relic","Potion"],"build_version":"2020-12-13","purchased_purges":2,"victory":true,"max_hp_per_floor":[72,72,72,72,72,72,72,72,72,72,72,72,72,72,72,72,72,72,72,72,72,72,72,72,72,72,72,72,72,72,72,72,72,72,72,72,72,72,72,72,72,72,72,72,72,72,72,72,72,72,72,72,72,72,72],"card_choices":[{"not_picked":["Evaluate","ForeignInfluence"],"picked":"SashWhip","floor":1},{"not_picked":["JustLucky","FlurryOfBlows"],"picked":"Tantrum","floor":4},{"not_picked":["Protect","FollowUp","BattleHymn"],"picked":"SKIP","floor":5},{"not_picked":["WaveOfTheHand","FearNoEvil"],"picked":"Study","floor":6},{"not_picked":["BowlingBash","Blasphemy"],"picked":"WheelKick","floor":8},{"not_picked":["ThirdEye","CutThroughFate"],"picked":"EmptyFist","floor":11},{"not_picked":["PathToVictory","Halt"],"picked":"InnerPeace","floor":14},{"not_picked":["Vault","ConjureBlade"],"picked":"Establishment","floor":16},{"not_picked":["FlurryOfBlows","CrushJoints+1"],"picked":"SandsOfTime+1","floor":18},{"not_picked":["DeceiveReality","CarveReality"],"picked":"EmptyFist+1","floor":20},{"not_picked":["Perseverance","EmptyFist","BowlingBash"],"picked":"SKIP","floor":21},{"not_picked":["InnerPeace","PathToVictory","FlyingSleeves"],"picked":"SKIP","floor":22},{"not_picked":["BowlingBash","Vengeance","Study"],"picked":"SKIP","floor":23},{"not_picked":["BowlingBash+1","FlurryOfBlows"],"picked":"TalkToTheHand","floor":25},{"not_picked":["Evaluate","FlyingSleeves+1"],"picked":"ClearTheMind","floor":27},{"not_picked":["ForeignInfluence+1","ThirdEye+1"],"picked":"ReachHeaven+1","floor":29},{"not_picked":["Evaluate","EmptyFist"],"picked":"CrushJoints+1","floor":31},{"not_picked":["Judgement","Blasphemy"],"picked":"Omniscience","floor":33},{"not_picked":["WheelKick","EmptyBody","SashWhip+1"],"picked":"SKIP","floor":35},{"not_picked":["Vengeance+1","EmptyBody","FlyingSleeves"],"picked":"SKIP","floor":37},{"not_picked":["JustLucky+1","EmptyFist+1"],"picked":"Crescendo","floor":39},{"not_picked":["Consecrate","FollowUp"],"picked":"Tantrum","floor":40},{"not_picked":["PathToVictory+1","Scrawl"],"picked":"WaveOfTheHand+1","floor":42},{"not_picked":["Halt","ClearTheMind"],"picked":"Tantrum+1","floor":47},{"not_picked":["SignatureMove+1","ThirdEye","Consecrate"],"picked":"SKIP","floor":48},{"not_picked":["PathToVictory+1","Wallop+1"],"picked":"Wish","floor":54}],"player_experience":321988,"relics_obtained":[{"floor":8,"key":"War Paint"},{"floor":9,"key":"Sundial"},{"floor":14,"key":"CeramicFish"},{"floor":23,"key":"Bag of Marbles"},{"floor":25,"key":"InkBottle"},{"floor":26,"key":"Bag of Preparation"},{"floor":29,"key":"Bird Faced Urn"},{"floor":40,"key":"HornCleat"},{"floor":42,"key":"Pen Nib"},{"floor":47,"key":"Happy Flower"},{"floor":54,"key":"White Beast Statue"}],"event_choices":[{"damage_healed":0,"gold_gain":0,"player_choice":"Success","damage_taken":7,"relics_obtained":["Calipers"],"max_hp_gain":0,"max_hp_loss":0,"event_name":"Scrap Ooze","floor":2,"gold_loss":0},{"damage_healed":0,"gold_gain":0,"player_choice":"Bought 0 Potions","damage_taken":0,"max_hp_gain":0,"max_hp_loss":0,"event_name":"The Woman in Blue","floor":3,"gold_loss":0},{"damage_healed":0,"gold_gain":0,"player_choice":"Grow","damage_taken":0,"max_hp_gain":0,"max_hp_loss":0,"event_name":"Living Wall","floor":12,"gold_loss":0,"cards_upgraded":["Adaptation"]},{"damage_healed":0,"gold_gain":0,"player_choice":"Bet on Owner","damage_taken":0,"max_hp_gain":0,"max_hp_loss":0,"event_name":"The Joust","floor":19,"gold_loss":50},{"cards_removed":["Defend_P"],"damage_healed":0,"gold_gain":0,"player_choice":"Offered Basic","damage_taken":0,"max_hp_gain":0,"max_hp_loss":0,"event_name":"Bonfire Elementals","floor":36,"gold_loss":0},{"damage_healed":0,"gold_gain":0,"player_choice":"Ignored","damage_taken":0,"max_hp_gain":0,"max_hp_loss":0,"event_name":"Tomb of Lord Red Mask","floor":44,"gold_loss":0}],"is_beta":false,"boss_relics":[{"not_picked":["Philosopher\u0027s Stone","Runic Pyramid"],"picked":"Snecko Eye"},{"not_picked":["Cursed Key","Black Star"],"picked":"SlaversCollar"}],"items_purged_floors":[28,38],"is_endless":false,"potions_floor_spawned":[5,6,8,14,20,22,23,29,42,47,48],"ascension_level":3}}