{"host":"qwttrqaysb380yri","time":1608590723,"event":{"mods":["BaseMod","Custom Start","Minty Spire (QoL Compilation)","Permanent Neow","Puzzle Mod","Relic Stats","StSLib","The Cursed","The Hierophant"],"gold_per_floor":[110,110,121,134,134,134,169,186,186,219,236,249,249,56,56,130,130,119,28,42,59,59,59,71,71,125,136,136,8,8,19,19,19,19],"floor_reached":33,"playtime":1266,"items_purged":["Strike_G"],"score":440,"play_id":"2ec86333-9259-4cdb-85e7-0222fe0dbbac","local_time":"20201221234523","is_ascension_mode":true,"campfire_choices":[{"data":"Predator","floor":6,"key":"SMITH"},{"data":"Malaise","floor":13,"key":"SMITH"},{"data":"Noxious Fumes","floor":15,"key":"SMITH"},{"data":"Eviscerate","floor":23,"key":"SMITH"},{"data":"Well Laid Plans","floor":25,"key":"SMITH"},{"data":"Calculated Gamble","floor":28,"key":"SMITH"},{"data":"Catalyst","floor":32,"key":"SMITH"}],"circlet_count":0,"master_deck":["AscendersBane","Strike_G","Strike_G","Strike_G","Defend_G","Defend_G","Defend_G","Defend_G","Defend_G","Survivor","Neutralize","Poisoned Stab","Crippling Poison","Predator+1","Calculated Gamble+1","Noxious Fumes+1","Dagger Throw","Deadly Poison","Malaise+1","Deadly Poison","Well Laid Plans+1","Acrobatics","Glass Knife","Calculated Gamble+1","Deadly Poison","Prepared","Blade Dance","Eviscerate+1","Escape Plan","PiercingWail","Deflect","Bouncing Flask","Decay","Catalyst+1"],"relics":["Coffee Dripper","Sundial","Kunai","Darkstone Periapt","HoveringKite","Bag of Marbles"],"acts_visited":["Exordium","TheCity"],"potions_floor_usage":[7,7,8,10,10,31,33,33,33,33],"damage_taken":[{"damage":1,"enemies":"Cultist","floor":1,"turns":5},{"damage":0,"enemies":"2 Louse","floor":3,"turns":3},{"damage":0,"enemies":"Jaw Worm","floor":4,"turns":3},{"damage":27,"enemies":"Gremlin Nob","floor":7,"turns":4},{"damage":4,"enemies":"Blue Slaver","floor":8,"turns":4},{"damage":1,"enemies":"Lagavulin","floor":10,"turns":4},{"damage":0,"enemies":"Large Slime","floor":11,"turns":4},{"damage":16,"enemies":"Exordium Wildlife","floor":12,"turns":5},{"damage":4,"enemies":"Hexaghost","floor":16,"turns":9},{"damage":15,"enemies":"2 Thieves","floor":18,"turns":4},{"damage":12,"enemies":"3 Byrds","floor":20,"turns":5},{"damage":16,"enemies":"Snake Plant","floor":21,"turns":5},{"damage":8,"enemies":"Cultist and Chosen","floor":24,"turns":6},{"damage":8,"enemies":"3 Cultists","floor":27,"turns":4},{"damage":3,"enemies":"Sentry and Sphere","floor":31,"turns":5},{"damage":43,"enemies":"Automaton","floor":33,"turns":6}],"seed_played":"2956535148631607156","potions_obtained":[{"floor":3,"key":"EntropicBrew"},{"floor":7,"key":"FearPotion"},{"floor":8,"key":"DistilledChaos"},{"floor":12,"key":"GamblersBrew"},{"floor":21,"key":"DuplicationPotion"},{"floor":27,"key":"EntropicBrew"},{"floor":31,"key":"Dexterity Potion"}],"is_trial":false,"path_per_floor":["M","?","M","M","?","R","E","M","T","E","M","M","R","$","R","B",null,"M","$","M","M","?","R","M","R","T","M","R","$","?","M","R","B"],"character_chosen":"THE_SILENT","items_purchased":["Well Laid Plans","Acrobatics","Deadly Poison","Prepared","Deflect","Bouncing Flask"],"campfire_rested":0,"item_purchase_floors":[14,14,19,19,29,29],"current_hp_per_floor":[58,58,58,58,58,58,31,41,41,40,40,24,24,24,24,20,55,40,40,28,12,34,34,26,26,26,18,18,18,24,21,21,0,0],"gold":19,"neow_bonus":"BOSS_RELIC","is_daily":false,"chose_seed":false,"campfire_upgraded":7,"win_rate":0.0,"timestamp":1608590723,"path_taken":["M","?","M","M","?","R","E","M","T","E","?","M","R","$","R","BOSS","M","$","M","M","?","R","M","R","T","M","R","$","?","M","R","BOSS"],"items_purchased_type":["Card","Card","Card","Card","Card","Card"],"build_version":"2020-12-13","purchased_purges":1,"victory":false,"max_hp_per_floor":[66,66,66,66,66,66,66,66,66,66,66,66,66,66,66,66,66,66,66,66,66,66,66,66,66,66,66,66,66,72,72,72,72,72],"relic_stats":{"Darkstone Periapt":6,"counters":[16,76],"Sundial":[8],"HoveringKite":[23],"Kunai":[20],"obtain_stats":[{"Darkstone Periapt":10,"Sundial":7,"HoveringKite":17,"Coffee Dripper":0,"Bag of Marbles":26,"Kunai":9,"Ring of the Snake":0},{"Darkstone Periapt":6,"Sundial":4,"HoveringKite":9,"Coffee Dripper":0,"Bag of Marbles":13,"Kunai":5,"Ring of the Snake":0},{"Darkstone Periapt":23,"Sundial":15,"HoveringKite":41,"Coffee Dripper":0,"Bag of Marbles":61,"Kunai":19,"Ring of the Snake":0}]},"card_choices":[{"not_picked":["PiercingWail","Acrobatics"],"picked":"Poisoned Stab","floor":1},{"not_picked":["Blur","Prepared"],"picked":"Crippling Poison","floor":3},{"not_picked":["Blade Dance","Slice"],"picked":"Predator","floor":4},{"not_picked":["Bane","Slice"],"picked":"Noxious Fumes","floor":7},{"not_picked":["Masterful Stab","Underhanded Strike"],"picked":"Dagger Throw","floor":8},{"not_picked":["Cloak And Dagger","Predator"],"picked":"Deadly Poison","floor":10},{"not_picked":["Blade Dance","Blur"],"picked":"Malaise","floor":11},{"not_picked":["Prepared","Backflip"],"picked":"Deadly Poison","floor":12},{"not_picked":["Venomology","Night Terror"],"picked":"Glass Knife","floor":16},{"not_picked":["Deadly Poison","Backflip"],"picked":"Calculated Gamble+1","floor":18},{"not_picked":["Deflect","Riddle With Holes"],"picked":"Blade Dance","floor":20},{"not_picked":["Deadly Poison+1","Unload"],"picked":"Eviscerate","floor":21},{"not_picked":["Accuracy+1","Distraction"],"picked":"Escape Plan","floor":24},{"not_picked":["Masterful Stab","Quick Slash"],"picked":"PiercingWail","floor":27},{"not_picked":["Cloak And Dagger","Poisoned Stab+1"],"picked":"Catalyst","floor":31}],"player_experience":1932198,"relics_obtained":[{"floor":7,"key":"Sundial"},{"floor":9,"key":"Kunai"},{"floor":10,"key":"Darkstone Periapt"},{"floor":26,"key":"Bag of Marbles"}],"event_choices":[{"damage_healed":0,"gold_gain":0,"player_choice":"Leave","damage_taken":0,"max_hp_gain":0,"max_hp_loss":0,"event_name":"The Cleric","floor":2,"gold_loss":0},{"damage_healed":0,"gold_gain":0,"cards_transformed":["Strike_G"],"player_choice":"Transformed","damage_taken":0,"max_hp_gain":0,"max_hp_loss":0,"event_name":"Transmorgrifier","floor":5,"gold_loss":0,"cards_obtained":["Calculated Gamble"]},{"damage_healed":22,"gold_gain":0,"player_choice":"Heal","damage_taken":0,"max_hp_gain":0,"max_hp_loss":0,"event_name":"The Library","floor":22,"gold_loss":0},{"damage_healed":0,"gold_gain":0,"player_choice":"Smashed Altar","damage_taken":0,"max_hp_gain":0,"max_hp_loss":0,"event_name":"Forgotten Altar","floor":30,"gold_loss":0,"cards_obtained":["Decay"]}],"is_beta":false,"boss_relics":[{"not_picked":["Runic Pyramid","Sozu"],"picked":"HoveringKite"}],"items_purged_floors":[14],"is_endless":false,"potions_floor_spawned":[3,7,8,12,21,27,31],"killed_by":"Automaton","ascension_level":14}}