{"host":"2461dio7vetlq1z3","time":1608527771,"event":{"mods":["2.2 Compatiblity","AchievementEnabler","BaseMod","Better Third Choice","Hermit","Minty Spire (QoL Compilation)","Relic Stats","Spicy Shops","StSLib","Waifu the Spire"],"gold_per_floor":[116,131,32,32,4,15,15,43,43,43,53,53,53,53,53,131,131,147,147,62,28,78,78,103,123,147,181,194,211,221,253,253,327,327,338,338,1337,1337,1357,1384,1394,1394,1421,1435,734,734,49,49,49,49,49,49,49,75,75],"floor_reached":56,"playtime":2611,"items_purged":["Strike_B","Injury"],"score":2047,"play_id":"8fa6d13a-ab2c-4626-87f2-e6c9f6cc345d","local_time":"20201221061611","is_ascension_mode":true,"campfire_choices":[{"data":"Fusion","floor":7,"key":"SMITH"},{"floor":10,"key":"REST"},{"data":"Streamline","floor":12,"key":"SMITH"},{"data":"Barrage","floor":15,"key":"SMITH"},{"data":"Chaos","floor":23,"key":"SMITH"},{"data":"Hologram","floor":32,"key":"SMITH"},{"floor":42,"key":"RECALL"},{"data":"Compile Driver","floor":46,"key":"SMITH"},{"data":"Go for the Eyes","floor":49,"key":"SMITH"},{"data":"Ball Lightning","floor":52,"key":"SMITH"}],"circlet_count":0,"master_deck":["AscendersBane","Defend_B","Defend_B","Defend_B","Dualcast","Echo Form+1","Skim+1","Reinforced Body+1","Ball Lightning+1","Barrage+1","Compile Driver+1","Fusion+1","Streamline+1","Echo Form+1","Chaos+1","Conserve Battery","Self Repair+1","Hologram+1","Meteor Strike+1","Go for the Eyes+1","Heatsinks+1","White Noise+1","Defragment+1","Storm+1","Machine Learning+1","Machine Learning+1","Machine Learning+1","Loop+1","Defragment+1","Static Discharge+1","Capacitor+1","Heatsinks+1","Capacitor+1","Reinforced Body+1"],"relics":["Astrolabe","The Courier","Frozen Egg 2","Snecko Eye","Vajra","PreservedInsect","DataDisk","Gremlin Horn","Omamori","Cursed Key","Blood Vial","Shuriken","Bottled Tornado","Whetstone"],"acts_visited":["Exordium","TheCity","TheBeyond","TheEnding"],"potions_floor_usage":[16,24,27,33,55],"damage_taken":[{"damage":1,"enemies":"Cultist","floor":1,"turns":5},{"damage":11,"enemies":"Small Slimes","floor":2,"turns":7},{"damage":2,"enemies":"Jaw Worm","floor":6,"turns":4},{"damage":21,"enemies":"3 Sentries","floor":8,"turns":6},{"damage":10,"enemies":"3 Louse","floor":11,"turns":5},{"damage":3,"enemies":"The Guardian","floor":16,"turns":10},{"damage":0,"enemies":"Spheric Guardian","floor":18,"turns":3},{"damage":27,"enemies":"Slavers","floor":24,"turns":5},{"damage":0,"enemies":"3 Byrds","floor":25,"turns":5},{"damage":11,"enemies":"Book of Stabbing","floor":27,"turns":6},{"damage":12,"enemies":"Snake Plant","floor":28,"turns":4},{"damage":13,"enemies":"3 Cultists","floor":29,"turns":4},{"damage":0,"enemies":"Snecko","floor":30,"turns":5},{"damage":32,"enemies":"Slavers","floor":31,"turns":7},{"damage":14,"enemies":"Collector","floor":33,"turns":7},{"damage":15,"enemies":"3 Shapes","floor":35,"turns":3},{"damage":6,"enemies":"Orb Walker","floor":39,"turns":2},{"damage":0,"enemies":"Giant Head","floor":40,"turns":5},{"damage":0,"enemies":"3 Darklings","floor":41,"turns":3},{"damage":12,"enemies":"Jaw Worm Horde","floor":44,"turns":3},{"damage":19,"enemies":"Donu and Deca","floor":50,"turns":6},{"damage":10,"enemies":"Shield and Spear","floor":54,"turns":3},{"damage":86,"enemies":"The Heart","floor":55,"turns":9}],"seed_played":"5643697068673181312","potions_obtained":[{"floor":8,"key":"Dexterity Potion"},{"floor":11,"key":"Weak Potion"},{"floor":16,"key":"SpeedPotion"},{"floor":24,"key":"DuplicationPotion"},{"floor":25,"key":"PotionOfCapacity"},{"floor":28,"key":"PotionOfCapacity"},{"floor":33,"key":"Strength Potion"},{"floor":35,"key":"FairyPotion"}],"is_trial":false,"path_per_floor":["M","M","$","?","$","M","R","E","T","R","M","R","$","?","R","B",null,"M","?","?","$","?","R","E","M","T","E","M","M","M","E","R","B",null,"M","?","?","?","M","E","M","R","T","M","$","R","$","?","R","B",null,"R","$","E","B",null],"character_chosen":"DEFECT","items_purchased":["Barrage","Compile Driver","Self Repair+1","Defragment+1","Storm+1","Machine Learning+1","Machine Learning+1","Machine Learning+1","Loop+1","Defragment+1","Shuriken","Static Discharge+1","Capacitor+1","Bottled Tornado","Heatsinks+1","Capacitor+1"],"campfire_rested":1,"item_purchase_floors":[3,5,21,45,45,45,45,45,45,45,47,47,47,47,47,47],"current_hp_per_floor":[63,52,52,52,52,50,50,29,29,50,40,40,40,45,45,42,68,68,68,68,68,61,61,54,74,74,76,64,71,76,64,64,70,75,76,72,72,72,66,72,72,72,72,70,70,70,70,70,70,63,70,70,70,62,20],"gold":75,"neow_bonus":"BOSS_RELIC","is_daily":false,"chose_seed":false,"campfire_upgraded":8,"win_rate":0.0,"timestamp":1608527771,"path_taken":["M","?","$","?","?","M","R","E","T","R","M","R","?","?","R","BOSS","M","?","?","?","?","R","E","M","T","E","M","M","M","E","R","BOSS","M","?","?","?","M","E","?","R","T","M","$","R","$","?","R","BOSS","R","$","E","BOSS"],"items_purchased_type":["Card","Card","Card","Card","Card","Card","Card","Card","Card","Card","Relic","Card","Card","Relic","Card","Card"],"build_version":"2020-12-13","purchased_purges":2,"victory":true,"max_hp_per_floor":[71,71,71,71,71,71,71,71,71,71,71,71,71,76,76,76,76,76,76,76,76,76,76,76,76,76,76,76,76,76,76,76,76,76,76,72,72,72,72,72,72,72,72,72,72,72,72,72,72,72,72,72,72,72,72],"relic_stats":{"Blood Vial":6,"Gremlin Horn":[14,14],"counters":[23,117],"Shuriken":[4],"Astrolabe":["Echo Form","Skim","Reinforced Body"],"Snecko Eye":[150,169,159,169],"PreservedInsect":292,"Whetstone":[],"Cursed Key":1,"obtain_stats":[{"Gremlin Horn":27,"Astrolabe":0,"Vajra":20,"The Courier":8,"PreservedInsect":24,"Omamori":31,"Whetstone":54,"Frozen Egg 2":9,"Bottled Tornado":47,"Cursed Key":34,"Blood Vial":40,"DataDisk":26,"Shuriken":47,"Snecko Eye":17,"Cracked Core":0},{"Gremlin Horn":10,"Astrolabe":0,"Vajra":7,"The Courier":4,"PreservedInsect":8,"Omamori":14,"Whetstone":22,"Frozen Egg 2":4,"Bottled Tornado":20,"Cursed Key":15,"Blood Vial":18,"DataDisk":9,"Shuriken":20,"Snecko Eye":6,"Cracked Core":0},{"Gremlin Horn":56,"Astrolabe":0,"Vajra":40,"The Courier":22,"PreservedInsect":45,"Omamori":76,"Whetstone":108,"Frozen Egg 2":22,"Bottled Tornado":99,"Cursed Key":83,"Blood Vial":93,"DataDisk":50,"Shuriken":99,"Snecko Eye":37,"Cracked Core":0}]},"card_choices":[{"not_picked":["Leap","Chill"],"picked":"Steam","floor":1},{"not_picked":["White Noise","Reinforced Body"],"picked":"Ball Lightning","floor":2},{"not_picked":["Compile Driver","Rip and Tear"],"picked":"Fusion","floor":6},{"not_picked":["Rebound","Force Field"],"picked":"Streamline","floor":8},{"not_picked":["Cold Snap","Ball Lightning","Tempest"],"picked":"SKIP","floor":11},{"not_picked":["Hyperbeam","Thunder Strike"],"picked":"Echo Form+1","floor":16},{"not_picked":["Rip and Tear","Gash","Go for the Eyes"],"picked":"SKIP","floor":18},{"not_picked":["Melter+1","Steam"],"picked":"Hologram","floor":24},{"not_picked":["Cold Snap","Sweeping Beam","Beam Cell"],"picked":"SKIP","floor":25},{"not_picked":["Beam Cell","Turbo","Coolheaded"],"picked":"SKIP","floor":27},{"not_picked":["Barrage","Gash","Leap+1"],"picked":"SKIP","floor":28},{"not_picked":["Barrage","Gash+1","Rebound"],"picked":"SKIP","floor":29},{"not_picked":["Conserve Battery","Barrage","Double Energy"],"picked":"SKIP","floor":30},{"not_picked":["Undo","Leap","Coolheaded"],"picked":"SKIP","floor":31},{"not_picked":["Thunder Strike","Reboot"],"picked":"Meteor Strike","floor":33},{"not_picked":["Chill","Gash","Double Energy"],"picked":"SKIP","floor":35},{"not_picked":["Streamline","Hologram+1"],"picked":"Go for the Eyes","floor":39},{"not_picked":["Streamline","Storm+1"],"picked":"Heatsinks+1","floor":40},{"not_picked":["Skim","Barrage"],"picked":"White Noise+1","floor":41},{"not_picked":["Compile Driver","Heatsinks+1","Go for the Eyes"],"picked":"SKIP","floor":44},{"not_picked":["Leap","Melter","Doom and Gloom"],"picked":"SKIP","floor":54}],"player_experience":803227,"relics_obtained":[{"floor":8,"key":"The Courier"},{"floor":9,"key":"Frozen Egg 2"},{"floor":24,"key":"PreservedInsect"},{"floor":26,"key":"DataDisk"},{"floor":27,"key":"Gremlin Horn"},{"floor":31,"key":"Omamori"},{"floor":40,"key":"Blood Vial"},{"floor":54,"key":"Whetstone"}],"event_choices":[{"cards_removed":["Strike_B"],"damage_healed":0,"gold_gain":0,"player_choice":"Purged","damage_taken":0,"max_hp_gain":0,"max_hp_loss":0,"event_name":"Purifier","floor":4,"gold_loss":0},{"damage_healed":0,"gold_gain":0,"player_choice":"Donut","damage_taken":0,"max_hp_gain":5,"max_hp_loss":0,"event_name":"Big Fish","floor":14,"gold_loss":0},{"damage_healed":0,"gold_gain":0,"cards_transformed":["Steam","Zap"],"player_choice":"Became Test Subject","damage_taken":0,"max_hp_gain":0,"max_hp_loss":0,"event_name":"Drug Dealer","floor":19,"gold_loss":0,"cards_obtained":["Chaos","Conserve Battery"]},{"damage_healed":0,"gold_gain":0,"player_choice":"Obtained Relic","damage_taken":0,"relics_obtained":["Vajra"],"max_hp_gain":0,"max_hp_loss":0,"event_name":"Addict","floor":20,"gold_loss":85},{"damage_healed":0,"gold_gain":50,"player_choice":"Touch","damage_taken":7,"max_hp_gain":0,"max_hp_loss":0,"event_name":"FaceTrader","floor":22,"gold_loss":0},{"damage_healed":0,"gold_gain":0,"player_choice":"Max HP","damage_taken":0,"max_hp_gain":0,"max_hp_loss":4,"event_name":"Winding Halls","floor":36,"gold_loss":0},{"damage_healed":0,"gold_gain":999,"player_choice":"Gold","damage_taken":0,"max_hp_gain":0,"max_hp_loss":0,"event_name":"MindBloom","floor":37,"gold_loss":0,"cards_obtained":["Normality","Normality"]},{"damage_healed":0,"gold_gain":0,"player_choice":"Forge","damage_taken":0,"max_hp_gain":0,"max_hp_loss":0,"event_name":"Accursed Blacksmith","floor":38,"gold_loss":0,"cards_upgraded":["Meteor Strike"]},{"damage_healed":0,"gold_gain":0,"player_choice":"Copied","damage_taken":0,"max_hp_gain":0,"max_hp_loss":0,"event_name":"Duplicator","floor":48,"gold_loss":0,"cards_obtained":["Reinforced Body"]}],"is_beta":false,"boss_relics":[{"not_picked":["Coffee Dripper","Calling Bell"],"picked":"Snecko Eye"},{"not_picked":["Fusion Hammer","Velvet Choker"],"picked":"Cursed Key"}],"items_purged_floors":[3,45],"is_endless":false,"potions_floor_spawned":[8,11,16,24,25,28,30,33,35,39,41],"ascension_level":17}}