{"host":"o3b7ow6d1xe49css","time":1608541902,"event":{"mods":["Act Like it!","Aspiration","BaseMod","Bestiary","Better Altar","Better Match","Better Note","Better Sensory Stone","Better Skull","Better Third Choice","Colored Powertips","Conspire","Energized Spire","Force Act Four","GifTheSpireLib","Halation","Hermit","Hubris","Infinite Spire","Lobotomy","Minty Spire (QoL Compilation)","Quick Restart","Replay The Spire","Spicy Shops","Spikes Relics","StSLib","Stuff the Spire","The Blue Laboratory","Wandering Minibosses","vexMod"],"gold_per_floor":[118,134,152,171,233,267,294,319,342,373,4,33,33,50,50,147,147,163,178,197,197,197,227,252,280,280,314,314,314],"floor_reached":28,"playtime":1207,"items_purged":["Strike_R","Strike_R"],"score":545,"play_id":"85f5434e-2ea5-4f99-a7ff-a9283ee37153","local_time":"20201221001142","daily_mods":["Heirloom","Flight"],"is_ascension_mode":true,"campfire_choices":[{"data":"Demon Form","floor":13,"key":"SMITH"},{"data":"Limit Break","floor":15,"key":"SMITH"}],"circlet_count":0,"master_deck":["Strike_R","Strike_R","Defend_R","Defend_R","Defend_R","Defend_R","Bash","StuffTheSpire:Slingshot","BigBird","Infernal Blade","Sword Boomerang","UniverseFragment","Shockwave","Mercenary","Demon Form+1","OSAHOGD","Offering","OldLady","Limit Break+1","Porccubus","Twin Strike","Flame Barrier","Scorched","Limit Break","infinitespire:Fortify","ReplayTheSpireMod:??????????????????????","infinitespire:FutureSight"],"relics":["Burning Blood","Ring of Chaos","Lizard Tail","CogitoBucket","Letter Opener","Lantern","Bottled Tornado","Bag of Preparation","Akabeko","Omamori","Medical Kit","Onion Ring","Theresia","energizedSpire:StickyHand","FossilizedHelix","vexMod:HeadHunter","Anchor","Pet Ghost","ReplayTheSpireMod:Spearhead"],"acts_visited":["Exordium","TheCity"],"potions_floor_usage":[4,4,8,23,23,25],"damage_taken":[{"damage":7.0,"enemies":"Jaw Worm","floor":1.0,"turns":3.0},{"damage":6,"enemies":"2 Louse","floor":2,"turns":2},{"damage":1,"enemies":"Cultist","floor":3,"turns":3},{"damage":14,"enemies":"Gremlin Gang","floor":4,"turns":5},{"damage":20,"enemies":"Lagavulin","floor":6,"turns":6},{"damage":27,"enemies":"3 Sentries","floor":7,"turns":5},{"damage":12,"enemies":"Gremlin Nob","floor":8,"turns":3},{"damage":0,"enemies":"Lagavulin","floor":10,"turns":4},{"damage":6,"enemies":"Gremlin Nob","floor":12,"turns":2},{"damage":43,"enemies":"Looter","floor":14,"turns":2},{"damage":34,"enemies":"Hexaghost","floor":16,"turns":5},{"damage":8,"enemies":"3 Byrds","floor":18,"turns":2},{"damage":2,"enemies":"Spheric Guardian","floor":19,"turns":2},{"damage":8,"enemies":"3 Cultists","floor":20,"turns":3},{"damage":8,"enemies":"Book of Stabbing","floor":23,"turns":3},{"damage":20,"enemies":"Gremlin Leader","floor":24,"turns":3},{"damage":0,"enemies":"Nightmare","floor":25,"turns":3},{"damage":12,"enemies":"Replay:Snechameleon","floor":27,"turns":3},{"damage":53,"enemies":"Cultist and Chosen","floor":28,"turns":5}],"seed_played":"-7297023519543077287","potions_obtained":[{"floor":1,"key":"BlessingOfTheForge"},{"floor":2,"key":"Swift Potion"},{"floor":7,"key":"blueLaboratory:PhilterOfMotion"},{"floor":12,"key":"FearPotion"},{"floor":16,"key":"SkillPotion"},{"floor":19,"key":"Block Potion"},{"floor":20,"key":"Adrenaline Potion"},{"floor":23,"key":"Venom Potion"}],"is_trial":true,"path_per_floor":["M","M","M","M","?","E","E","E","T","E","$","E","R","M","R","B",null,"M","M","M","AVR","?","E","E","NM","T","E","M"],"character_chosen":"IRONCLAD","items_purchased":["Omamori","Medical Kit"],"campfire_rested":0,"item_purchase_floors":[11,11],"current_hp_per_floor":[79,79,80,72,72,58,37,31,31,37,37,37,37,60,60,32,68,66,70,68,68,68,66,52,58,58,52,0,0],"gold":314,"neow_bonus":"","is_daily":false,"chose_seed":false,"campfire_upgraded":2,"win_rate":0.0,"timestamp":1608541902,"path_taken":["M","M","M","M","?","E","E","E","T","E","$","E","R","M","R","BOSS","M","M","M","AVR","?","E","E","NM","T","E","?"],"items_purchased_type":["Relic","Relic"],"build_version":"2020-12-13","purchased_purges":2,"victory":false,"max_hp_per_floor":[80,80,80,80,80,80,80,80,80,80,80,80,80,80,80,80,80,80,80,80,80,80,80,80,80,80,80,80,80],"card_choices":[{"not_picked":["Seeing Red","True Grit"],"picked":"StuffTheSpire:Slingshot","floor":1},{"not_picked":["ShyLook","Bloodbath","Rudolta"],"picked":"Singing Bowl","floor":2},{"not_picked":["PunishingBird","QueenBee"],"picked":"BigBird","floor":2},{"not_picked":["Abandon","Dual Wield"],"picked":"Infernal Blade","floor":2},{"not_picked":["Wellcheers","WallGazer","OldLady"],"picked":"Singing Bowl","floor":3},{"not_picked":["Pommel Strike","Headbutt"],"picked":"Sword Boomerang","floor":3},{"not_picked":["MeatLantern","FairyFestival"],"picked":"UniverseFragment","floor":4},{"not_picked":["Pommel Strike","Heavy Blade"],"picked":"Shockwave","floor":4},{"not_picked":["WallGazer","PunishingBird"],"picked":"Mercenary","floor":6},{"not_picked":["Body Slam","ReplayTheSpireMod:Strike From Hell"],"picked":"Demon Form","floor":6},{"not_picked":["Alriune","MeatLantern","CrumblingArmor"],"picked":"Singing Bowl","floor":7},{"not_picked":["CrumblingArmor","WallGazer"],"picked":"OSAHOGD","floor":7},{"not_picked":["Rampage","Feel No Pain"],"picked":"Offering","floor":7},{"not_picked":["Bloodbath","Laetitia","Alriune"],"picked":"Singing Bowl","floor":8},{"not_picked":["CrumblingArmor","SnowQueen"],"picked":"OldLady","floor":8},{"not_picked":["Replay:Undeath\u0027s Touch","Thunderclap"],"picked":"Limit Break","floor":8},{"not_picked":["Alriune","HeroicMonk","Murderer"],"picked":"Singing Bowl","floor":10},{"not_picked":["VoidDream","SpiderBud"],"picked":"Porccubus","floor":10},{"not_picked":["Replay:Undeath\u0027s Touch","Warcry"],"picked":"Twin Strike","floor":10},{"not_picked":["CherryBlossoms","BeautyBeast","MHz"],"picked":"Singing Bowl","floor":12},{"not_picked":["Dropkick","Corruption"],"picked":"Flame Barrier","floor":12},{"not_picked":["BeautyBeast","DreamingCurrent","MHz"],"picked":"Singing Bowl","floor":14},{"not_picked":["VoidDream","BeautyBeast"],"picked":"Scorched","floor":14},{"not_picked":["StuffTheSpire:Resist","Thunderclap","Body Slam"],"picked":"SKIP","floor":14},{"not_picked":["conspire:Purge","Double Tap"],"picked":"Limit Break","floor":16},{"not_picked":["BeautyBeast","Rudolta","SingingMachine"],"picked":"Singing Bowl","floor":16},{"not_picked":["CherryBlossoms","SpiderBud","Woodsman"],"picked":"Singing Bowl","floor":18},{"not_picked":["StuffTheSpire:RockThrow","StuffTheSpire:Incineration","Heavy Blade+1"],"picked":"SKIP","floor":18},{"not_picked":["Murderer","Scarecrow","Alriune"],"picked":"Singing Bowl","floor":19},{"not_picked":["Flex","Run Through","Dark Embrace"],"picked":"SKIP","floor":19},{"not_picked":["NakedNest","Funeral","HappyTeddy"],"picked":"Singing Bowl","floor":20},{"not_picked":["Twin Strike","Pommel Strike+1","Warcry"],"picked":"SKIP","floor":20},{"not_picked":["CrumblingArmor","PunishingBird","RedShoes"],"picked":"Singing Bowl","floor":23},{"not_picked":["ReplayTheSpireMod:Strike From Hell","Juggernaut","Fire Breathing+1"],"picked":"SKIP","floor":23},{"not_picked":["Barricade","Hemogenesis","Fiend Fire"],"picked":"SKIP","floor":24},{"not_picked":["Clothesline","Ghostly Armor+1","ReplayTheSpireMod:Stacked"],"picked":"SKIP","floor":24},{"not_picked":["infinitespire:Fortify","infinitespire:FutureSight"],"picked":"ReplayTheSpireMod:??????????????????????","floor":25},{"not_picked":["Limit Break","hubris:StunningStrike","conspire:HitWhereItHurts"],"picked":"SKIP","floor":25},{"not_picked":["Perfected Strike","Uppercut","Cleave"],"picked":"SKIP","floor":25},{"not_picked":["conspire:Purge","Corruption","Replay:Many Hands"],"picked":"SKIP","floor":27},{"not_picked":["Twin Strike","Invigoration","ReplayTheSpireMod:Strike From Hell+1"],"picked":"SKIP","floor":27}],"player_experience":1800003,"relics_obtained":[{"floor":6,"key":"Letter Opener"},{"floor":7,"key":"Lantern"},{"floor":8,"key":"Bottled Tornado"},{"floor":9,"key":"Bag of Preparation"},{"floor":10,"key":"Akabeko"},{"floor":12,"key":"Onion Ring"},{"floor":23,"key":"vexMod:HeadHunter"},{"floor":25,"key":"Anchor"},{"floor":26,"key":"Pet Ghost"},{"floor":27,"key":"ReplayTheSpireMod:Spearhead"}],"event_choices":[{"damage_healed":0,"gold_gain":62,"player_choice":"Gained Gold","damage_taken":0,"max_hp_gain":0,"max_hp_loss":0,"event_name":"Golden Wing","floor":5,"gold_loss":0},{"cards_removed":["Strike_R"],"damage_healed":0,"gold_gain":0,"player_choice":"Give","damage_taken":0,"max_hp_gain":0,"max_hp_loss":0,"event_name":"betterNote:BetterNote","floor":22,"gold_loss":0,"cards_obtained":["Strike_P"]}],"is_beta":false,"boss_relics":[{"not_picked":["energizedSpire:CursedPentagram","aspiration:SecretTechniqueScroll"],"picked":"energizedSpire:StickyHand"}],"items_purged_floors":[11,21],"is_endless":false,"potions_floor_spawned":[1,2,7,12,16,19,20,23],"killed_by":"Cultist and Chosen","ascension_level":5}}