{"host":"watt8gvwfmxuscaf","time":1608540406,"event":{"mods":["BaseMod","CatGirl Mod","Colored Map","Colored Powertips","Conspire","Downfall","GifTheSpireLib","Hermit","Hubris","Infinite Spire","Marisa????????","Minty Spire (QoL Compilation)","Quick Restart","Rare Cards Sparkle","Replay The Spire","Shop Mod","StSLib","Stuff the Spire","SuperFastMode","The Animator","The Cursed","The Mystic","The Necromancer","The Poker Player","The Runesmith","The Servant 0.9.4"],"gold_per_floor":[115,125,23,23,56,89,89,89,113,141,156,156,156,186,186,287,287,319,269,284,60,74,144,162,162,189,214,214,67,79,79,79,79,79],"floor_reached":33,"playtime":1163,"items_purged":["hermit:Defend_Hermit"],"score":283,"play_id":"77c36549-c20b-4355-84e6-219b708c3c42","local_time":"20201221034646","is_ascension_mode":false,"campfire_choices":[{"floor":7,"key":"REST"},{"data":"hermit:Gestalt","floor":13,"key":"SMITH"},{"floor":15,"key":"REST"},{"floor":25,"key":"REST"},{"floor":28,"key":"REST"},{"floor":32,"key":"REST"}],"circlet_count":0,"master_deck":["hermit:Strike_Hermit+1","hermit:Strike_Hermit+1","hermit:Strike_Hermit+1","hermit:Defend_Hermit","hermit:Defend_Hermit","hermit:Defend_Hermit","hermit:Snapshot","hermit:Covet","hermit:Midnight","hermit:ItchyTrigger","hermit:Dive","hermit:TrackingShot","Pot Of Greed","Pot Of Greed","hermit:Gestalt+1","hermit:HoleUp","hermit:Ricochet","hermit:Vantage","hermit:Horror","hermit:DeadOrAlive","hermit:Gestalt","hermit:Quickdraw","hermit:PistolWhip+1","hermit:GhostlyPresence+1","Pot Of Greed","hermit:Ricochet+1","hermit:Dive","hermit:Determination"],"relics":["StuffTheSpire:OccultApparatus","NeowsBlessing","Omamori","Grinning Jar","Bottled Lightning","hubris:Icosahedron","Whetstone","Anchor","hubris:64BitClover","conspire:SpecialSausage","TheAbacus","hubris:CrystalStatue","hubris:TenFootPole","Gremlin Food","Onion Ring"],"acts_visited":["Exordium","TheCity"],"potions_floor_usage":[16,16,16,23,23],"damage_taken":[{"damage":0,"enemies":"2 Louse","floor":1,"turns":1},{"damage":0,"enemies":"Small Slimes","floor":2,"turns":2},{"damage":0,"enemies":"conspire:MimicChest","floor":5,"turns":1},{"damage":10,"enemies":"Gremlin Nob","floor":6,"turns":5},{"damage":2,"enemies":"Lagavulin","floor":10,"turns":6},{"damage":0,"enemies":"Jaw Worm","floor":11,"turns":3},{"damage":20,"enemies":"Gremlin Nob","floor":14,"turns":5},{"damage":2,"enemies":"Slime Boss","floor":16,"turns":12},{"damage":13,"enemies":"Spheric Guardian","floor":18,"turns":5},{"damage":3,"enemies":"Chosen","floor":20,"turns":5},{"damage":34,"enemies":"Shelled Parasite and Fungi","floor":22,"turns":7},{"damage":10,"enemies":"Slavers","floor":23,"turns":5},{"damage":2,"enemies":"Snecko","floor":24,"turns":4},{"damage":2,"enemies":"3 Cultists","floor":27,"turns":6},{"damage":3,"enemies":"Shelled Parasite and Fungi","floor":30,"turns":8},{"damage":84,"enemies":"Collector","floor":33,"turns":11}],"seed_played":"757626073846547397","potions_obtained":[{"floor":2,"key":"AttackPotion"},{"floor":5,"key":"SteroidPotion"},{"floor":10,"key":"DistilledChaos"},{"floor":18,"key":"Energy Potion"},{"floor":22,"key":"DistilledChaos"}],"is_trial":false,"path_per_floor":["M","M","$","?","?","E","R","?","T","E","M","?","R","E","R","B",null,"M","?","M","$","M","E","M","R","T","M","R","$","M","?","R","B"],"character_chosen":"HERMIT","items_purchased":["hermit:Dive","hermit:TrackingShot","TheAbacus","Gremlin Food"],"campfire_rested":5,"item_purchase_floors":[3,3,21,29],"current_hp_per_floor":[75,75,75,68,68,58,75,75,75,73,73,73,73,53,75,73,75,62,62,59,59,25,15,13,35,35,33,55,55,52,52,74,0,0],"gold":79,"neow_bonus":"THREE_ENEMY_KILL","is_daily":false,"chose_seed":false,"campfire_upgraded":1,"win_rate":0.0,"timestamp":1608540406,"path_taken":["M","M","$","?","?","E","R","?","T","E","M","?","R","E","R","BOSS","M","?","?","$","M","E","?","R","T","M","R","?","M","?","R","BOSS"],"items_purchased_type":["Card","Card","Relic","Relic"],"build_version":"2020-12-13","purchased_purges":1,"victory":false,"max_hp_per_floor":[75,75,75,75,75,75,75,75,75,75,75,75,75,75,75,75,75,75,75,75,75,75,75,75,75,75,75,75,75,75,75,75,75,75],"card_choices":[{"not_picked":["hermit:Snipe","hermit:Combo"],"picked":"hermit:Midnight","floor":1},{"not_picked":["hermit:Desperado","hermit:Ricochet"],"picked":"hermit:ItchyTrigger","floor":2},{"not_picked":["hermit:Snipe","hermit:Cheat"],"picked":"hermit:Gestalt","floor":5},{"not_picked":["hermit:Manifest","hermit:BodyArmor"],"picked":"hermit:HoleUp","floor":6},{"not_picked":["hermit:Spite","hermit:CalledShot"],"picked":"hermit:Ricochet","floor":10},{"not_picked":["hermit:RoundhouseKick","hermit:HoleUp"],"picked":"hermit:Vantage","floor":11},{"not_picked":["hermit:Snipe","hermit:Roulette"],"picked":"hermit:Horror","floor":14},{"not_picked":["hermit:BlackWind","hermit:Dissolve"],"picked":"hermit:DeadOrAlive","floor":16},{"not_picked":["hermit:PistolWhip","hermit:HoleUp"],"picked":"hermit:Gestalt","floor":18},{"not_picked":["hermit:Cheat","hermit:Feint"],"picked":"hermit:Quickdraw","floor":20},{"not_picked":["hermit:BodyArmor","hermit:ItchyTrigger"],"picked":"hermit:PistolWhip+1","floor":22},{"not_picked":["hermit:TrackingShot","hermit:TakeCover"],"picked":"hermit:GhostlyPresence+1","floor":23},{"not_picked":["hermit:Snipe","hermit:Maintenance"],"picked":"hermit:Ricochet+1","floor":24},{"not_picked":["hermit:Virtue","hermit:Glare"],"picked":"hermit:Dive","floor":27},{"not_picked":["hermit:EternalForm","hermit:Brawl"],"picked":"hermit:Determination","floor":30}],"player_experience":502380,"relics_obtained":[{"floor":5,"key":"Grinning Jar"},{"floor":6,"key":"Bottled Lightning"},{"floor":9,"key":"Whetstone"},{"floor":10,"key":"Anchor"},{"floor":14,"key":"hubris:64BitClover"},{"floor":23,"key":"hubris:CrystalStatue"},{"floor":26,"key":"hubris:TenFootPole"},{"floor":30,"key":"Onion Ring"}],"event_choices":[{"damage_healed":0,"gold_gain":0,"player_choice":"Success","damage_taken":7,"relics_obtained":["Omamori"],"max_hp_gain":0,"max_hp_loss":0,"event_name":"Scrap Ooze","floor":4,"gold_loss":0},{"damage_healed":0,"gold_gain":0,"player_choice":"Bet on Owner","damage_taken":0,"max_hp_gain":0,"max_hp_loss":0,"event_name":"The Joust","floor":19,"gold_loss":50},{"cards_removed":["hermit:Strike_Hermit"],"damage_healed":0,"gold_gain":0,"player_choice":"Elegance","damage_taken":0,"max_hp_gain":0,"max_hp_loss":0,"event_name":"Back to Basics","floor":31,"gold_loss":0}],"is_beta":false,"boss_relics":[{"not_picked":["SlaversCollar","Replay:Drink Me"],"picked":"conspire:SpecialSausage"}],"items_purged_floors":[21],"is_endless":false,"potions_floor_spawned":[2,5,10,18,22],"killed_by":"Collector","ascension_level":0}}