{"host":"iw0syt1icqzwzkkt","time":1608514471,"event":{"mods":["ATMod(阿瑾Mod)","Act Like it!","BaseMod","Better Vampires","Challenge The Spire","Conspire","Dota2Spire","Downfall","Gensokyo","GungeonMod","Hallownest","Hunter 猎人","KinomotoSakuraMod(木之本樱)","Luminous","Minty Spire (QoL Compilation)","Permanent Neow","Reimu（博丽灵梦）","Relic Stats","Replay The Spire","RumiaBox-露米娅的神秘盒子","SIMod","Spicy Shops","StSLib","TestMod","The Animator","The Cursed","The Hierophant","The Servant 0.9.4","UnlockEverythingMod","Waifu the Spire","WarShipGirlsR/战舰少女R mod","[地精首领爬塔]The Maniac","noobMod","vexMod","【东方二次创作】八云紫mod","【遗物卡牌】REMEMod","篝火指南"],"gold_per_floor":[99,99,99,99,99,99],"floor_reached":5,"playtime":133,"items_purged":[],"score":25,"play_id":"e1b0801a-5e7f-4bc6-bd66-b5ccb36278ed","local_time":"20201221093431","is_ascension_mode":false,"campfire_choices":[{"data":"hexamod:TimeOfNeed","floor":1,"key":"SMITH"}],"circlet_count":0,"master_deck":["DemoMod:Strike_Huntress","DemoMod:Strike_Huntress","DemoMod:Strike_Huntress","DemoMod:Defend_Huntress","DemoMod:Defend_Huntress","DemoMod:Defend_Huntress","DemoMod:Defend_Huntress+1","DemoMod:Roll","DemoMod:ManualReload","DemoMod:RustySidearm","DemoMod:CrossBow","DemoMod:Desperate","AT_FamilyPortrait","hexamod:TimeOfNeed+1"],"relics":["DemoMod:Dog","AT_ATBox","testmod-TestBox","ice","REME_ComplimentaryCards","testmod-BatchProcessingSystem","Bronze Scales"],"acts_visited":["Hallownest:Greenpath"],"potions_floor_usage":[],"damage_taken":[{"damage":0,"enemies":"downfall:Watcher","floor":5,"turns":1}],"seed_played":"-2649473063763327060","potions_obtained":[],"is_trial":false,"path_per_floor":["R","?","T","?","B"],"character_chosen":"HUNTRESS","items_purchased":[],"campfire_rested":0,"item_purchase_floors":[],"current_hp_per_floor":[70,70,70,70,70,70],"gold":99,"neow_bonus":"ONE_RANDOM_RARE_CARD","is_daily":false,"chose_seed":false,"campfire_upgraded":1,"win_rate":0.0,"timestamp":1608514471,"path_taken":["R","?","?","?","BOSS"],"items_purchased_type":[],"build_version":"2020-12-13","purchased_purges":0,"victory":false,"max_hp_per_floor":[70,70,70,70,70,70],"relic_stats":{"counters":[1,1],"Bronze Scales":[0],"obtain_stats":[{"AT_ATBox":0,"testmod-TestBox":0,"DemoMod:Dog":0,"Bronze Scales":3,"testmod-BatchProcessingSystem":0,"ice":0,"REME_ComplimentaryCards":0},{"AT_ATBox":0,"testmod-TestBox":0,"DemoMod:Dog":0,"Bronze Scales":0,"testmod-BatchProcessingSystem":0,"ice":0,"REME_ComplimentaryCards":0},{"AT_ATBox":0,"testmod-TestBox":0,"DemoMod:Dog":0,"Bronze Scales":0,"testmod-BatchProcessingSystem":0,"ice":0,"REME_ComplimentaryCards":0}]},"card_choices":[],"player_experience":553269,"relics_obtained":[{"floor":3,"key":"Bronze Scales"}],"event_choices":[],"is_beta":false,"boss_relics":[],"items_purged_floors":[],"is_endless":false,"potions_floor_spawned":[],"killed_by":"downfall:Watcher","ascension_level":0}}