{"host":"do5be0rrwzdbe7ng","time":1608537579,"event":{"mods":["AchievementEnabler","BaseMod","Colored Map","Colored Powertips","Custom Start","DeckTracker","Keyboard Shortcuts","Minty Spire (QoL Compilation)","Quick Restart","StSLib","SuperFastMode","everything is the same but u backflip on backflip"],"gold_per_floor":[10,29,43,55,55,55,81,111,111,67,67,67,83,102,102,176,176,188,18,18,29,47,47,47,75,75,75,4,4,22,42,42,115,115,130,145,145,145,8,34,54,54,100,116,116,15,41,41,41,41,41,41],"floor_reached":51,"playtime":3084,"items_purged":["Defend_G"],"score":1450,"play_id":"aff32d2e-f1b9-45a1-8f63-f7e0490aff7f","local_time":"20201221165939","is_ascension_mode":true,"campfire_choices":[{"data":"Deadly Poison","floor":6.0,"key":"SMITH"},{"data":"Well Laid Plans","floor":11.0,"key":"SMITH"},{"data":"Poisoned Stab","floor":15.0,"key":"SMITH"},{"data":"Apotheosis","floor":23.0,"key":"SMITH"},{"data":"Noxious Fumes","floor":27.0,"key":"SMITH"},{"data":"Adrenaline","floor":32.0,"key":"SMITH"},{"floor":45.0,"key":"RECALL"},{"data":"After Image","floor":49.0,"key":"SMITH"}],"circlet_count":0,"master_deck":["AscendersBane","Defend_G","Defend_G","Defend_G","Defend_G","Survivor","Neutralize","Poisoned Stab+1","Quick Slash","Deadly Poison+1","Well Laid Plans+1","Escape Plan","Backflip","Venomology","CurseOfTheBell","Apotheosis+1","Acrobatics","Calculated Gamble","Noxious Fumes+1","After Image+1","Adrenaline+1","Footwork","Burst","Sadistic Nature","Reflex","Prepared","Catalyst"],"relics":["Ring of the Snake","Sundial","Gambling Chip","Calling Bell","Ancient Tea Set","The Courier","Torii","CaptainsWheel","Meat on the Bone","Empty Cage","Lee\u0027s Waffle","Toy Ornithopter","Tingsha"],"acts_visited":["Exordium","TheCity","TheBeyond"],"potions_floor_usage":[51,51,51],"damage_taken":[{"damage":8.0,"enemies":"Jaw Worm","floor":1.0,"turns":6.0},{"damage":2.0,"enemies":"Small Slimes","floor":2.0,"turns":5.0},{"damage":2.0,"enemies":"2 Louse","floor":3.0,"turns":4.0},{"damage":1.0,"enemies":"Large Slime","floor":4.0,"turns":6.0},{"damage":15.0,"enemies":"3 Sentries","floor":7.0,"turns":8.0},{"damage":5.0,"enemies":"Gremlin Gang","floor":13.0,"turns":4.0},{"damage":0.0,"enemies":"Looter","floor":14.0,"turns":2.0},{"damage":2.0,"enemies":"The Guardian","floor":16.0,"turns":8.0},{"damage":15.0,"enemies":"Shell Parasite","floor":18.0,"turns":5.0},{"damage":24.0,"enemies":"3 Byrds","floor":21.0,"turns":8.0},{"damage":12.0,"enemies":"Snecko","floor":22.0,"turns":6.0},{"damage":5.0,"enemies":"Book of Stabbing","floor":25.0,"turns":5.0},{"damage":0.0,"enemies":"Centurion and Healer","floor":30.0,"turns":5.0},{"damage":17.0,"enemies":"Cultist and Chosen","floor":31.0,"turns":7.0},{"damage":31.0,"enemies":"Automaton","floor":33.0,"turns":11.0},{"damage":54.0,"enemies":"3 Darklings","floor":35.0,"turns":11.0},{"damage":0.0,"enemies":"Orb Walker","floor":36.0,"turns":6.0},{"damage":9.0,"enemies":"Giant Head","floor":40.0,"turns":9.0},{"damage":0.0,"enemies":"Spire Growth","floor":41.0,"turns":6.0},{"damage":11.0,"enemies":"3 Darklings","floor":44.0,"turns":8.0},{"damage":1.0,"enemies":"Nemesis","floor":47.0,"turns":7.0},{"damage":37.0,"enemies":"Time Eater","floor":50.0,"turns":7.0},{"damage":69,"enemies":"Awakened One","floor":51,"turns":9}],"seed_played":"-7338438936245099701","potions_obtained":[{"floor":1.0,"key":"ColorlessPotion"},{"floor":13.0,"key":"Fire Potion"},{"floor":14.0,"key":"FairyPotion"},{"floor":21.0,"key":"LiquidMemories"},{"floor":22.0,"key":"SkillPotion"},{"floor":36.0,"key":"Explosive Potion"}],"is_trial":false,"path_per_floor":["M","M","M","M","?","R","E","?","T","$","R","$","M","M","R","B",null,"M","$","?","M","M","R","?","E","T","R","$","?","M","M","R","B",null,"M","M","?","?","$","E","M","?","T","M","R","$","E","?","R","B","B"],"character_chosen":"THE_SILENT","items_purchased":["Well Laid Plans","Apotheosis","After Image","Lee\u0027s Waffle","Prepared"],"campfire_rested":0,"item_purchase_floors":[10,19,28,39,46],"current_hp_per_floor":[51,49,47,46,51,51,36,36,36,36,36,36,31,31,31,29,61,46,46,46,22,10,10,10,5,5,5,5,5,17,33,33,14,57,30,42,32,32,78,69,69,78,78,72,72,72,76,76,76,52,0,0],"gold":41,"neow_bonus":"REMOVE_TWO","is_daily":false,"chose_seed":false,"campfire_upgraded":7,"win_rate":0.0,"timestamp":1608537579,"path_taken":["M","M","M","M","?","R","E","?","T","$","R","?","M","M","R","BOSS","M","$","?","M","M","R","?","E","T","R","$","?","M","M","R","BOSS","M","M","?","?","$","E","?","?","T","?","R","$","E","?","R","BOSS","BOSS"],"items_purchased_type":["Card","Card","Card","Relic","Card"],"build_version":"2020-12-13","purchased_purges":1,"victory":false,"max_hp_per_floor":[66,66,66,66,71,71,71,71,71,71,71,71,71,71,71,71,71,71,71,71,71,71,71,71,71,71,71,71,71,71,71,71,71,71,71,71,71,71,78,78,78,78,78,78,78,78,78,78,78,78,78,78],"card_choices":[{"not_picked":["Endless Agony","Dodge and Roll"],"picked":"Poisoned Stab","floor":1.0},{"not_picked":["Calculated Gamble","Concentrate"],"picked":"Quick Slash","floor":2.0},{"not_picked":["Leg Sweep","All Out Attack"],"picked":"Deadly Poison","floor":3.0},{"not_picked":["Acrobatics","Skewer"],"picked":"Masterful Stab","floor":4.0},{"not_picked":["Endless Agony","Slice","Cloak And Dagger"],"picked":"SKIP","floor":7.0},{"not_picked":["Eviscerate","Backflip"],"picked":"Escape Plan","floor":13.0},{"not_picked":["Dagger Throw","Infinite Blades"],"picked":"Backflip","floor":14.0},{"not_picked":["Wraith Form v2","Storm of Steel"],"picked":"Venomology","floor":16.0},{"not_picked":["Blade Dance+1","Flechettes+1","All Out Attack"],"picked":"SKIP","floor":18.0},{"not_picked":["Sucker Punch","Backflip"],"picked":"Calculated Gamble","floor":21.0},{"not_picked":["Tools of the Trade","Endless Agony","Poisoned Stab"],"picked":"SKIP","floor":22.0},{"not_picked":["Dagger Spray","Flying Knee"],"picked":"Noxious Fumes","floor":25.0},{"not_picked":["Masterful Stab","Skewer"],"picked":"Footwork","floor":30.0},{"not_picked":["Finisher","Slice","Flying Knee"],"picked":"SKIP","floor":31.0},{"not_picked":["Die Die Die","Wraith Form v2"],"picked":"Burst","floor":33.0},{"not_picked":["Riddle With Holes","Dagger Spray","Deflect"],"picked":"SKIP","floor":35.0},{"not_picked":["PiercingWail","Cloak And Dagger","Blade Dance+1"],"picked":"SKIP","floor":36.0},{"not_picked":["Impatience","Madness"],"picked":"Sadistic Nature","floor":37.0},{"not_picked":["PiercingWail","Slice","Backflip+1"],"picked":"SKIP","floor":40.0},{"not_picked":["Terror","Prepared"],"picked":"Reflex","floor":41.0},{"not_picked":["Dodge and Roll","Blade Dance","Heel Hook+1"],"picked":"SKIP","floor":44.0},{"not_picked":["Reflex","A Thousand Cuts"],"picked":"Catalyst","floor":47.0}],"player_experience":349658,"relics_obtained":[{"floor":7.0,"key":"Sundial"},{"floor":9.0,"key":"Gambling Chip"},{"floor":17.0,"key":"Ancient Tea Set"},{"floor":17.0,"key":"The Courier"},{"floor":17.0,"key":"Torii"},{"floor":25.0,"key":"CaptainsWheel"},{"floor":26.0,"key":"Meat on the Bone"},{"floor":40.0,"key":"Toy Ornithopter"},{"floor":47.0,"key":"Tingsha"}],"event_choices":[{"damage_healed":0.0,"max_hp_gain":5.0,"max_hp_loss":0.0,"gold_gain":0.0,"event_name":"Big Fish","player_choice":"Donut","floor":5.0,"gold_loss":0.0,"damage_taken":0.0},{"damage_healed":0.0,"max_hp_gain":0.0,"max_hp_loss":0.0,"gold_gain":30.0,"event_name":"Dead Adventurer","player_choice":"Searched \u00272\u0027 times","floor":8.0,"gold_loss":0.0,"damage_taken":0.0},{"damage_healed":0.0,"max_hp_gain":0.0,"max_hp_loss":0.0,"gold_gain":0.0,"event_name":"The Library","player_choice":"Read","floor":20.0,"gold_loss":0.0,"damage_taken":0.0,"cards_obtained":["Acrobatics"]},{"damage_healed":0.0,"max_hp_gain":0.0,"max_hp_loss":0.0,"gold_gain":0.0,"event_name":"Ghosts","player_choice":"Ignored","floor":24.0,"gold_loss":0.0,"damage_taken":0.0},{"damage_healed":0.0,"max_hp_gain":0.0,"max_hp_loss":0.0,"gold_gain":0.0,"cards_transformed":["Masterful Stab","Strike_G"],"event_name":"Drug Dealer","player_choice":"Became Test Subject","floor":29.0,"gold_loss":0.0,"damage_taken":0.0,"cards_obtained":["Adrenaline","Unload"]},{"damage_healed":0.0,"max_hp_gain":0.0,"max_hp_loss":0.0,"gold_gain":0.0,"event_name":"SensoryStone","player_choice":"Memory 3","floor":37.0,"gold_loss":0.0,"damage_taken":10.0},{"damage_healed":0.0,"max_hp_gain":0.0,"max_hp_loss":0.0,"gold_gain":0.0,"cards_transformed":["Unload"],"event_name":"Transmorgrifier","player_choice":"Transformed","floor":38.0,"gold_loss":0.0,"damage_taken":0.0,"cards_obtained":["Dash"]},{"damage_healed":9.0,"max_hp_gain":0.0,"max_hp_loss":0.0,"gold_gain":0.0,"event_name":"Wheel of Change","player_choice":"Full Heal","floor":42.0,"gold_loss":0.0,"damage_taken":0.0},{"cards_removed":["Dash"],"damage_healed":0.0,"max_hp_gain":0.0,"max_hp_loss":0.0,"gold_gain":0.0,"event_name":"Falling","player_choice":"Removed Attack","floor":48.0,"gold_loss":0.0,"damage_taken":0.0}],"is_beta":false,"boss_relics":[{"not_picked":["WristBlade","Runic Dome"],"picked":"Calling Bell"},{"not_picked":["Ring of the Serpent","Black Star"],"picked":"Empty Cage"}],"items_purged_floors":[46],"is_endless":false,"potions_floor_spawned":[1,13,14,21,22,36,47],"killed_by":"Awakened One","ascension_level":20}}