{"host":"rvgqag7mtxu5qaaz","time":1608576749,"event":{"mods":["AchievementEnabler","BaseMod","Downfall","Hermit","Hubris","Minty Spire (QoL Compilation)","Replay The Spire","StSLib","SuperFastMode","The Animator","The Construct","The Cursed","The Disciple","The Necromancer"],"gold_per_floor":[114,130,147,322,272,272,307,307,352,368,368,368],"floor_reached":11,"playtime":474,"items_purged":[],"score":77,"play_id":"f995d4f4-3445-41c6-8cce-c24668d727c3","local_time":"20201221135229","is_ascension_mode":true,"campfire_choices":[{"data":"Collect","floor":6,"key":"SMITH"},{"floor":8,"key":"REST"}],"circlet_count":0,"master_deck":["Strike_P","Strike_P","Strike_P","Strike_P","Defend_P","Defend_P","Defend_P","Defend_P","Eruption","Vigilance","CutThroughFate","JustLucky","Collect+1","Meditate","Collect","MentalFortress"],"relics":["PureWater","NeowsBlessing","Dream Catcher"],"acts_visited":["Exordium"],"potions_floor_usage":[],"damage_taken":[{"damage":0,"enemies":"Cultist","floor":1,"turns":1},{"damage":0,"enemies":"2 Louse","floor":2,"turns":1},{"damage":0,"enemies":"Small Slimes","floor":3,"turns":1},{"damage":49,"enemies":"Lagavulin","floor":7,"turns":9},{"damage":0,"enemies":"Exordium Wildlife","floor":10,"turns":4},{"damage":55,"enemies":"Gremlin Nob","floor":11,"turns":5}],"seed_played":"1921377631042573848","potions_obtained":[{"floor":2,"key":"BlessingOfTheForge"},{"floor":7,"key":"Venom Potion"},{"floor":10,"key":"hexamod:EctoCoolerPotion"}],"is_trial":false,"path_per_floor":["M","M","M","?","?","R","E","R","T","M","E"],"character_chosen":"WATCHER","items_purchased":[],"campfire_rested":1,"item_purchase_floors":[],"current_hp_per_floor":[72,72,72,72,72,72,23,44,44,44,0,0],"gold":368,"neow_bonus":"THREE_ENEMY_KILL","is_daily":false,"chose_seed":false,"campfire_upgraded":1,"win_rate":0.0,"timestamp":1608576749,"path_taken":["M","M","M","?","?","R","E","R","T","M","E"],"items_purchased_type":[],"build_version":"2020-12-13","purchased_purges":0,"victory":false,"max_hp_per_floor":[72,72,72,72,72,72,72,72,72,72,72,72],"card_choices":[{"not_picked":["Replay:AtTheReady","Evaluate"],"picked":"CutThroughFate","floor":1},{"not_picked":["Swivel","Crescendo"],"picked":"JustLucky","floor":2},{"not_picked":["LikeWater","BowlingBash"],"picked":"Collect","floor":3},{"not_picked":["ReachHeaven","BowlingBash"],"picked":"Meditate","floor":7},{"not_picked":["BowlingBash","PathToVictory"],"picked":"Collect","floor":8},{"not_picked":["PathToVictory","BowlingBash"],"picked":"MentalFortress","floor":10}],"player_experience":286687,"relics_obtained":[{"floor":7,"key":"Dream Catcher"}],"event_choices":[{"damage_healed":0,"gold_gain":175,"player_choice":"AGREE","damage_taken":0,"max_hp_gain":0,"max_hp_loss":0,"event_name":"Liars Game","floor":4,"gold_loss":0,"cards_obtained":["Doubt"]},{"cards_removed":["Doubt"],"damage_healed":0,"gold_gain":0,"player_choice":"Card Removal","damage_taken":0,"max_hp_gain":0,"max_hp_loss":0,"event_name":"The Cleric","floor":5,"gold_loss":50}],"is_beta":false,"boss_relics":[],"items_purged_floors":[],"is_endless":false,"potions_floor_spawned":[2,7,10],"killed_by":"Gremlin Nob","ascension_level":1}}