{"host":"ko7hiua7qoljdq5k","time":1608522789,"event":{"mods":["Act Like it!","Aspiration","BaseMod","Beaked The Cultist","BetterRewards","Colored Map","Conspire","Gensokyo","Hubris","Infinite Spire","Koishi","Marisa????????","Minty Spire (QoL Compilation)","Quick Restart","Reimu??????","Remilia??????","Replay The Spire","Shop Mod","Spikes Relics","StSLib","The Alterego","The Construct","The Servant 0.9.4","Yuyuko"],"gold_per_floor":[117,127,127,127,138,165,165,180,205,19,19,36,46,65,65,167,167,180,180,90,110,130,130,149,149,173,191,215,250,264,112,112,239,239,257,345,345,345,391,391,428,26,77,97,97,175,187,157,157,161],"floor_reached":51,"playtime":2868,"items_purged":[],"score":750,"play_id":"43eaeaf4-3923-4ae9-ac03-51e94cb126a7","local_time":"20201220225309","is_ascension_mode":false,"campfire_choices":[{"floor":7,"key":"REST"},{"data":"Chrysalis","floor":11,"key":"SMITH"},{"floor":15,"key":"REST"},{"floor":23,"key":"REST"},{"floor":25,"key":"REST"},{"floor":32,"key":"REST"},{"floor":40,"key":"REST"},{"data":"ReplayTheSpireMod:Black Plague","floor":45,"key":"SMITH"},{"floor":49,"key":"REST"}],"circlet_count":0,"master_deck":["Strike_MRS","Strike_MRS","Strike_MRS","Strike_MRS","Defend_MRS","Defend_MRS","Defend_MRS","MasterSpark","UpSweep","SporeBomb","DoubleSpark","TreasureHunter","MasterSpark","MachineGunSpark","OortCloud","NonDirectionalLaser","Chrysalis+1","MysteriousBeam","MysteriousBeam","EnergyRecoil","BinaryStars","DC+1","SporeBomb","GalacticHalo","GasGiant+1","ShootingEcho","AlicesGift","DoubleSpark","BlazeAway+1","Robbery+1","WitchLeyline","Orbital","OneTimeOff+1","CasketOfStar","DeepEcoloBomb+1","NonDirectionalLaser+1","ReplayTheSpireMod:Black Plague+1","infinitespire:FinalStrike","infinitespire:Oblivion","DeepEcoloBomb","StarDustReverie","Replay:Bootleg Shield Generator","MaximisePower","GrandCross","WitchOfGreed","SporeBomb","MysteriousBeam","WitchOfGreed+1","DarkMatter+1","ShootingEcho+1"],"relics":["MiniHakkero","NeowsBlessing","hubris:Icosahedron","Potion Belt","aspiration:TomeofQuesting","hubris:BlackHole","Bronze Scales","ReplayFunnel","conspire:TopHat","infinitespire:Midas Blood","Sundial","Orrery","aspiration:RunicSpoon","Replay:Kaleidoscope","Simple Rune","ReplayTheSpireMod:Lightbulb"],"acts_visited":["Exordium","TheCity","TheBeyond"],"potions_floor_usage":[6,14,16,27,41,41],"damage_taken":[{"damage":0,"enemies":"Cultist","floor":1,"turns":1},{"damage":0,"enemies":"Jaw Worm","floor":2,"turns":1},{"damage":0,"enemies":"2 Louse","floor":5,"turns":1},{"damage":26,"enemies":"Lagavulin","floor":6,"turns":4},{"damage":5,"enemies":"Red Slaver","floor":8,"turns":5},{"damage":9,"enemies":"2 Fungi Beasts","floor":12,"turns":3},{"damage":20,"enemies":"Large Slime","floor":13,"turns":5},{"damage":10,"enemies":"Lots of Slimes","floor":14,"turns":2},{"damage":24,"enemies":"Slime Boss","floor":16,"turns":5},{"damage":19,"enemies":"conspire:FuzzyDice","floor":18,"turns":6},{"damage":0,"enemies":"Chosen","floor":21,"turns":2},{"damage":18,"enemies":"Snake Plant","floor":22,"turns":2},{"damage":14,"enemies":"Sentry and Sphere","floor":24,"turns":4},{"damage":12,"enemies":"conspire:HollyBat","floor":27,"turns":6},{"damage":2,"enemies":"Replay:Snechameleon","floor":29,"turns":6},{"damage":0,"enemies":"Centurion and Healer","floor":30,"turns":3},{"damage":10,"enemies":"Automaton","floor":33,"turns":4},{"damage":0,"enemies":"Orb Walker","floor":35,"turns":1},{"damage":28,"enemies":"3 Shapes","floor":36,"turns":2},{"damage":11,"enemies":"Sphere and 2 Shapes","floor":39,"turns":2},{"damage":0,"enemies":"Jaw Worm Horde","floor":41,"turns":1},{"damage":0,"enemies":"Spire Growth","floor":44,"turns":1},{"damage":0,"enemies":"3 Darklings","floor":46,"turns":2},{"damage":3,"enemies":"Maw","floor":47,"turns":3},{"damage":12,"enemies":"Donu and Deca","floor":50,"turns":4}],"seed_played":"-7418565793931165546","potions_obtained":[{"floor":2,"key":"AttackPotion"},{"floor":5,"key":"Fire Potion"},{"floor":8,"key":"Explosive Potion"},{"floor":21,"key":"StarNLove"},{"floor":27,"key":"Milkshake"},{"floor":33,"key":"Energy Potion"},{"floor":35,"key":"SkillPotion"},{"floor":36,"key":"AttackPotion"},{"floor":41,"key":"BlessingOfTheForge"},{"floor":46,"key":"PowerPotion"},{"floor":47,"key":"Energy Potion"},{"floor":48,"key":"FearPotion"},{"floor":48,"key":"Venom Potion"}],"is_trial":false,"path_per_floor":["M","M","?","?","M","E","R","M","T","$","R","M","M","M","R","B",null,"M","?","?","M","M","R","M","R","T","M","T","E","M","$","R_BF","B",null,"M","M","?","AVR","M","R","M","$","T","M","R","M","M","?","R","B",null],"character_chosen":"MARISA","items_purchased":["Chrysalis","Orrery","Replay:Bootleg Shield Generator","MaximisePower","GrandCross","WitchOfGreed","SporeBomb","MysteriousBeam"],"campfire_rested":7,"item_purchase_floors":[10,31,42,42,42,42,42,42],"current_hp_per_floor":[75,75,75,75,75,49,71,66,66,66,66,57,37,27,49,25,75,56,56,56,56,38,60,46,68,68,56,56,54,54,54,75,65,75,75,47,47,47,36,58,58,58,58,58,58,58,55,55,75,63],"gold":161,"neow_bonus":"THREE_ENEMY_KILL","is_daily":false,"chose_seed":false,"campfire_upgraded":2,"win_rate":0.0,"timestamp":1608522789,"path_taken":["M","?","?","?","M","E","R","M","T","$","R","M","?","M","R","BOSS","M","?","?","M","M","R","?","R","T","M","?","E","?","$","R_BF","BOSS","M","M","?","AVR","?","R","M","$","T","M","R","M","M","?","R","BOSS"],"items_purchased_type":["Card","Relic","Card","Card","Card","Card","Card","Card"],"build_version":"2020-12-13","purchased_purges":0,"victory":true,"max_hp_per_floor":[75,75,75,75,75,75,75,75,75,75,75,75,75,75,75,75,75,75,75,75,75,75,75,75,75,75,75,75,75,75,75,75,75,75,75,75,75,75,75,75,75,75,75,75,75,75,75,75,75,75],"card_choices":[{"not_picked":["GravityBeat","ShootingEcho"],"picked":"SporeBomb","floor":1},{"not_picked":["SuperPerseids","WitchLeyline"],"picked":"DoubleSpark","floor":2},{"not_picked":["DarkSpark","ManaConvection"],"picked":"MachineGunSpark","floor":5},{"not_picked":["IllusionStar","BlazeAway"],"picked":"OortCloud","floor":6},{"not_picked":["GrandCross","SporeBomb"],"picked":"NonDirectionalLaser","floor":8},{"not_picked":["SporeBomb","SuperNova"],"picked":"MysteriousBeam","floor":12},{"not_picked":["ChargingUp","DoubleSpark"],"picked":"MysteriousBeam","floor":13},{"not_picked":["DC","MysteriousBeam"],"picked":"EnergyRecoil","floor":14},{"not_picked":["AbsoluteMagnitude","MillisecondPulsars"],"picked":"BinaryStars","floor":16},{"not_picked":["LuminesStrike+1","GalacticHalo"],"picked":"DC+1","floor":18},{"not_picked":["BigCrunch","DoubleSpark"],"picked":"SporeBomb","floor":21},{"not_picked":["StarlightTyphoon","SuperPerseids"],"picked":"GalacticHalo","floor":22},{"not_picked":["GrandCross","WitchOfGreed"],"picked":"GasGiant+1","floor":24},{"not_picked":["DC","Acceleration"],"picked":"ShootingEcho","floor":27},{"not_picked":["ManaConvection","TreasureHunter"],"picked":"AlicesGift","floor":29},{"not_picked":["WitchOfGreed","GravityBeat"],"picked":"DoubleSpark","floor":30},{"not_picked":["LuminesStrike","BlazingStar"],"picked":"BlazeAway+1","floor":31},{"not_picked":["ShootingEcho+1","DC"],"picked":"Robbery+1","floor":31},{"not_picked":["WitchOfGreed","MagicChant"],"picked":"WitchLeyline","floor":31},{"not_picked":["NonDirectionalLaser","LuminesStrike+1"],"picked":"Orbital","floor":31},{"not_picked":["DragonMeteor","BlazeAway"],"picked":"OneTimeOff+1","floor":31},{"not_picked":["MillisecondPulsars","BlazingStar"],"picked":"CasketOfStar","floor":33},{"not_picked":["LuminesStrike","GrandCross"],"picked":"DeepEcoloBomb+1","floor":35},{"not_picked":["DoubleSpark","DC+1"],"picked":"NonDirectionalLaser+1","floor":36},{"not_picked":["MeteoricShower","MagicAbsorber"],"picked":"DeepEcoloBomb","floor":39},{"not_picked":["MysteriousBeam","ChargeUpSpray"],"picked":"StarDustReverie","floor":41},{"not_picked":["WitchLeyline+1","MilkyWay"],"picked":"WitchOfGreed+1","floor":44},{"not_picked":["GalacticHalo+1","Acceleration"],"picked":"DarkMatter+1","floor":46},{"not_picked":["IllusionStar+1","OrrerysSun"],"picked":"ShootingEcho+1","floor":47}],"player_experience":70708,"relics_obtained":[{"floor":6,"key":"Potion Belt"},{"floor":9,"key":"aspiration:TomeofQuesting"},{"floor":26,"key":"ReplayFunnel"},{"floor":28,"key":"conspire:TopHat"},{"floor":29,"key":"infinitespire:Midas Blood"},{"floor":29,"key":"Sundial"},{"floor":43,"key":"ReplayTheSpireMod:Lightbulb"}],"event_choices":[{"damage_healed":0,"gold_gain":0,"player_choice":"2 cards matched","damage_taken":0,"max_hp_gain":0,"max_hp_loss":0,"event_name":"Match and Keep!","floor":4,"gold_loss":0,"cards_obtained":["TreasureHunter","MasterSpark"]},{"cards_removed":["Defend_MRS"],"damage_healed":0,"gold_gain":0,"player_choice":"Upgrade and Remove","damage_taken":0,"max_hp_gain":0,"max_hp_loss":0,"event_name":"Designer","floor":20,"gold_loss":90,"cards_upgraded":["Strike_MRS"]},{"damage_healed":0,"gold_gain":0,"player_choice":"Gave Potion","damage_taken":0,"relics_obtained":["Replay:Kaleidoscope"],"max_hp_gain":0,"max_hp_loss":0,"event_name":"WeMeetAgain","floor":37,"gold_loss":0},{"damage_healed":0,"gold_gain":0,"player_choice":"Bought 2 Potions","damage_taken":0,"max_hp_gain":0,"max_hp_loss":0,"event_name":"The Woman in Blue","floor":48,"gold_loss":0}],"is_beta":false,"boss_relics":[{"not_picked":["ReplayTheSpireMod:DimensionalGlitch","infinitespire:Cupcake"],"picked":"hubris:BlackHole"},{"not_picked":["conspire:RoyalGoblet","conspire:SeveredTorchhead"],"picked":"aspiration:RunicSpoon"}],"items_purged_floors":[],"is_endless":false,"potions_floor_spawned":[2,5,8,21,27,33,35,36,41,46,47],"ascension_level":0}}