{"host":"vzkpoqyw8ea6g4k2","time":1608564566,"event":{"mods":["AchievementEnabler","BaseMod","BetterRewards","Colored Map","Colored Powertips","Hermit","Minty Spire (QoL Compilation)","Permanent Neow","Quick Restart","StSLib","SuperFastMode"],"gold_per_floor":[119,136,151,168,93,122,122,141,214,214,228,242,253,280,280,377,377,394,406,1,16,16,16,16,31,31,31,48,48,48,63,63,163,163,178,192,15,15,25,45,75,90,90,90,103,135,135,152,152,152],"floor_reached":51,"playtime":1987,"items_purged":["hermit:Strike_Hermit","hermit:Strike_Hermit","hermit:Defend_Hermit"],"score":802,"play_id":"3a3dd2ac-8d36-40fb-8257-78a1982340c3","local_time":"20201222002926","is_ascension_mode":false,"campfire_choices":[{"data":"hermit:GoldenBullet","floor":7,"key":"SMITH"},{"data":"hermit:CalledShot","floor":10,"key":"SMITH"},{"data":"hermit:Dive","floor":15,"key":"SMITH"},{"data":"hermit:Purgatory","floor":23,"key":"SMITH"},{"data":"hermit:BigShot","floor":27,"key":"SMITH"},{"data":"hermit:WideOpen","floor":30,"key":"SMITH"},{"data":"hermit:Defend_Hermit","floor":32,"key":"SMITH"},{"data":"hermit:Defend_Hermit","floor":44,"key":"SMITH"},{"data":"hermit:Defend_Hermit","floor":47,"key":"SMITH"},{"data":"hermit:Headshot","floor":49,"key":"SMITH"}],"circlet_count":0,"master_deck":["hermit:Strike_Hermit","hermit:Defend_Hermit+1","hermit:Defend_Hermit+1","hermit:Defend_Hermit+1","hermit:Snapshot","hermit:Covet+1","hermit:Ricochet","hermit:Quickdraw","hermit:GoldenBullet+1","hermit:Enervate","hermit:CalledShot+1","hermit:LowProfile","hermit:Midnight","hermit:Dive+1","hermit:Headshot+1","hermit:Purgatory+1","hermit:Malice","hermit:Deadeye+1","hermit:WideOpen+1","hermit:BigShot+1","hermit:BodyArmor+1","hermit:HeroicBravado+1","CurseOfTheBell","hermit:Combo+1","hermit:Feint+1","hermit:Dive+1","hermit:EyeOfTheStorm+1","hermit:TakeAim+1","hermit:TakeAim+1","hermit:TrackingShot+1","hermit:HighCaliber+1","hermit:Snipe+1"],"relics":["hermit:Momento","Bronze Scales","Pantograph","Ice Cream","Coffee Dripper","Strawberry","Oddly Smooth Stone","Toxic Egg 2","Meat on the Bone","Calling Bell","Bag of Preparation","Shuriken","Bird Faced Urn","hermit:RyeStalk","Pear","Frozen Egg 2"],"acts_visited":["Exordium","TheCity","TheBeyond"],"potions_floor_usage":[16,33,50],"damage_taken":[{"damage":0,"enemies":"2 Louse","floor":1,"turns":2},{"damage":1,"enemies":"Jaw Worm","floor":2,"turns":4},{"damage":1,"enemies":"Cultist","floor":3,"turns":3},{"damage":10,"enemies":"Gremlin Gang","floor":4,"turns":4},{"damage":26,"enemies":"Gremlin Nob","floor":6,"turns":4},{"damage":1,"enemies":"2 Fungi Beasts","floor":8,"turns":2},{"damage":0,"enemies":"Exordium Wildlife","floor":11,"turns":1},{"damage":0,"enemies":"Looter","floor":12,"turns":2},{"damage":1,"enemies":"Exordium Thugs","floor":13,"turns":3},{"damage":8,"enemies":"3 Sentries","floor":14,"turns":7},{"damage":40,"enemies":"Hexaghost","floor":16,"turns":7},{"damage":0,"enemies":"3 Byrds","floor":18,"turns":2},{"damage":0,"enemies":"Spheric Guardian","floor":19,"turns":3},{"damage":4,"enemies":"Snake Plant","floor":21,"turns":4},{"damage":30,"enemies":"Chosen and Byrds","floor":25,"turns":3},{"damage":20,"enemies":"Snecko","floor":28,"turns":4},{"damage":3,"enemies":"Centurion and Healer","floor":31,"turns":4},{"damage":0,"enemies":"Champ","floor":33,"turns":9},{"damage":18,"enemies":"3 Shapes","floor":35,"turns":4},{"damage":2,"enemies":"Orb Walker","floor":36,"turns":3},{"damage":1,"enemies":"Maw","floor":39,"turns":6},{"damage":0,"enemies":"Spire Growth","floor":40,"turns":2},{"damage":7,"enemies":"Reptomancer","floor":41,"turns":8},{"damage":1,"enemies":"Transient","floor":42,"turns":5},{"damage":0,"enemies":"Sphere and 2 Shapes","floor":45,"turns":2},{"damage":8,"enemies":"Giant Head","floor":46,"turns":6},{"damage":29,"enemies":"4 Shapes","floor":48,"turns":1},{"damage":76,"enemies":"Awakened One","floor":50,"turns":12}],"seed_played":"8065794931595879961","potions_obtained":[{"floor":4,"key":"LiquidBronze"},{"floor":6,"key":"Dexterity Potion"},{"floor":12,"key":"Strength Potion"},{"floor":16,"key":"SkillPotion"},{"floor":18,"key":"FairyPotion"},{"floor":21,"key":"Swift Potion"},{"floor":33,"key":"Dexterity Potion"}],"is_trial":false,"path_per_floor":["M","M","M","M","$","E","R","M","T","R","M","M","M","E","R","B",null,"M","M","$","M","?","R","?","M","T","R","M","T","R","M","R","B",null,"M","M","$","?","M","M","E","M","T","R","M","E","R","M","R","B",null],"character_chosen":"HERMIT","items_purchased":["Strawberry","Oddly Smooth Stone","hermit:Dive+1"],"campfire_rested":0,"item_purchase_floors":[20,20,37],"current_hp_per_floor":[75,74,73,63,63,37,37,36,36,36,36,36,35,27,27,12,75,75,75,82,78,78,78,62,32,32,32,12,12,12,21,21,46,87,69,67,67,67,70,72,71,78,88,88,92,89,89,60,60,29],"gold":152,"neow_bonus":"UPGRADE_CARD","is_daily":false,"chose_seed":false,"campfire_upgraded":10,"win_rate":0.0,"timestamp":1608564566,"path_taken":["M","M","M","M","$","E","R","M","T","R","M","M","M","E","R","BOSS","M","M","$","M","?","R","?","M","T","R","M","?","R","?","R","BOSS","M","M","$","?","?","M","E","M","T","R","?","E","R","M","R","BOSS"],"items_purchased_type":["Relic","Relic","Card"],"build_version":"2020-12-13","purchased_purges":3,"victory":true,"max_hp_per_floor":[75,75,75,75,75,75,75,75,75,75,75,75,75,75,75,75,75,75,75,82,82,82,82,87,87,87,87,87,87,87,87,87,87,87,87,87,87,87,87,87,87,87,97,97,97,97,97,97,97,97],"card_choices":[{"not_picked":["hermit:CalledShot","hermit:Snipe"],"picked":"hermit:Ricochet","floor":1},{"not_picked":["hermit:Vantage","hermit:HighCaliber"],"picked":"hermit:Quickdraw","floor":2},{"not_picked":["hermit:EyeOfTheStorm","hermit:Desperado"],"picked":"hermit:GoldenBullet","floor":3},{"not_picked":["hermit:Desperado","hermit:ItchyTrigger","hermit:CalledShot"],"picked":"SKIP","floor":4},{"not_picked":["hermit:Ricochet","hermit:RoundhouseKick"],"picked":"hermit:Enervate","floor":6},{"not_picked":["hermit:Snipe","hermit:Desperado"],"picked":"hermit:CalledShot","floor":8},{"not_picked":["hermit:Ricochet","hermit:TrackingShot"],"picked":"hermit:LowProfile","floor":11},{"not_picked":["hermit:Manifest","hermit:PistolWhip"],"picked":"hermit:Midnight","floor":12},{"not_picked":["hermit:HighCaliber","hermit:Dissolve"],"picked":"hermit:Dive","floor":13},{"not_picked":["hermit:Malice","hermit:Coalescence"],"picked":"hermit:Headshot","floor":14},{"not_picked":["hermit:Gambit","hermit:BlackWind"],"picked":"hermit:Purgatory","floor":16},{"not_picked":["hermit:SprayPray","hermit:Headshot"],"picked":"hermit:Malice","floor":18},{"not_picked":["hermit:Manifest+1","hermit:CalledShot"],"picked":"hermit:Deadeye+1","floor":19},{"not_picked":["hermit:FatalDesire","hermit:Headshot"],"picked":"hermit:WideOpen","floor":21},{"not_picked":["hermit:SprayPray+1","hermit:Midnight"],"picked":"hermit:BigShot","floor":25},{"not_picked":["hermit:Glare+1","hermit:HighCaliber"],"picked":"hermit:BodyArmor+1","floor":28},{"not_picked":["hermit:Feint+1","hermit:Quickdraw","hermit:Showdown+1"],"picked":"SKIP","floor":31},{"not_picked":["hermit:Roughhouse","hermit:FromBeyond+1"],"picked":"hermit:HeroicBravado+1","floor":33},{"not_picked":["hermit:Coalescence+1","hermit:Ricochet"],"picked":"hermit:Combo+1","floor":35},{"not_picked":["hermit:HoleUp+1","hermit:CalledShot+1"],"picked":"hermit:Feint+1","floor":36},{"not_picked":["hermit:Spite","hermit:Roulette+1"],"picked":"hermit:EyeOfTheStorm+1","floor":39},{"not_picked":["hermit:Quickdraw","hermit:BodyArmor+1"],"picked":"hermit:TakeAim+1","floor":40},{"not_picked":["hermit:Scavenge+1","hermit:Spite+1"],"picked":"hermit:TakeAim+1","floor":41},{"not_picked":["hermit:HoleUp+1","hermit:Feint+1"],"picked":"hermit:TrackingShot+1","floor":42},{"not_picked":["hermit:Spite","hermit:Feint+1","hermit:FromBeyond+1"],"picked":"SKIP","floor":45},{"not_picked":["hermit:WideOpen","hermit:CalledShot"],"picked":"hermit:HighCaliber+1","floor":46},{"not_picked":["hermit:ShadowCloak+1","hermit:GoldenBullet"],"picked":"hermit:Snipe+1","floor":48}],"player_experience":16482,"relics_obtained":[{"floor":6,"key":"Bronze Scales"},{"floor":9,"key":"Pantograph"},{"floor":14,"key":"Ice Cream"},{"floor":26,"key":"Toxic Egg 2"},{"floor":29,"key":"Meat on the Bone"},{"floor":34,"key":"Bag of Preparation"},{"floor":34,"key":"Shuriken"},{"floor":34,"key":"Bird Faced Urn"},{"floor":41,"key":"hermit:RyeStalk"},{"floor":43,"key":"Pear"},{"floor":46,"key":"Frozen Egg 2"}],"event_choices":[{"damage_healed":0,"gold_gain":0,"player_choice":"Ignored","damage_taken":0,"max_hp_gain":0,"max_hp_loss":0,"event_name":"Ghosts","floor":22,"gold_loss":0},{"damage_healed":0,"gold_gain":0,"player_choice":"Shed Blood","damage_taken":21,"max_hp_gain":5,"max_hp_loss":0,"event_name":"Forgotten Altar","floor":24,"gold_loss":0},{"cards_removed":["hermit:Strike_Hermit"],"damage_healed":0,"gold_gain":0,"player_choice":"Offered Basic","damage_taken":0,"max_hp_gain":0,"max_hp_loss":0,"event_name":"Bonfire Elementals","floor":38,"gold_loss":0}],"is_beta":false,"boss_relics":[{"not_picked":["hermit:DentedPlate","Empty Cage"],"picked":"Coffee Dripper"},{"not_picked":["Busted Crown","Tiny House"],"picked":"Calling Bell"}],"items_purged_floors":[5,20,37],"is_endless":false,"potions_floor_spawned":[4,6,12,14,16,18,21,33,39,40,46],"ascension_level":0}}