{"host":"0gy90rl0ccnvdufw","time":1608525743,"event":{"mods":["AchievementEnabler","Act Like it!","Aspiration","Bard","BaseMod","Better Note","Better Third Choice","Better Vampires","BetterRewards","ChefMod","Colored Map","Colored Powertips","Conspire","Decade(???)","Downfall","Ekko","Gensokyo","GungeonMod","Halation","Hubris","Infinite Spire","Jedi Mod","KomeijiMod","Luminous","Minty Spire (QoL Compilation)","Quick Restart","Rare Cards Sparkle","Replay The Spire","Robot Space Explorer","StSLib","SuperFastMode","The Cursed","The Disciple","The Dragon Tamer","The Forsaken","The Jungle","[IsaacMod]????","??????REMEMod"],"gold_per_floor":[116,116,130,53,68,99,99,118,118,153,153,171,171,171,171,274,274,290,306,306,306,306],"floor_reached":21,"playtime":958,"items_purged":[],"score":189,"play_id":"2d10ee93-9ce2-4cba-b869-37662062aa0d","local_time":"20201220224223","is_ascension_mode":false,"campfire_choices":[{"floor":11,"key":"REST"},{"floor":13,"key":"REST"},{"floor":15,"key":"REST"}],"circlet_count":0,"master_deck":["RobotSpaceExplorer:Strike","RobotSpaceExplorer:Strike","RobotSpaceExplorer:Strike","RobotSpaceExplorer:Strike","RobotSpaceExplorer:Defend","RobotSpaceExplorer:Defend","RobotSpaceExplorer:Defend","RobotSpaceExplorer:Defend","RobotSpaceExplorer:Scan","RobotSpaceExplorer:MiniLasers","theForsaken:FountainOfLife","RobotSpaceExplorer:FrostMissile","RobotSpaceExplorer:PowerCollector","RobotSpaceExplorer:GlueShot","RobotSpaceExplorer:Multitool","RobotSpaceExplorer:Pulsar","RobotSpaceExplorer:FreezingShield","RobotSpaceExplorer:SurgingStrike","RobotSpaceExplorer:TrailblazerForm","CurseOfTheBell","RobotSpaceExplorer:ScrapMissile+1","RobotSpaceExplorer:ShockKick+1"],"relics":["RobotSpaceExplorer:RoboCore","REME_ComplimentaryCards","HushsDoor","NeowsBlessing","HowToJump","hubris:OldNail","DemoMod:WeirdEgg","Onion Ring","aspiration:FetidBarrel","conspire:Flyswatter","Calling Bell","Nunchaku","RobotSpaceExplorer:ToughPlating","UnicornStump"],"acts_visited":["Exordium","TheCity"],"potions_floor_usage":[8,21,21,21],"damage_taken":[{"damage":0,"enemies":"Small Slimes","floor":1,"turns":1},{"damage":0,"enemies":"Cultist","floor":3,"turns":2},{"damage":0,"enemies":"2 Louse","floor":5,"turns":4},{"damage":31,"enemies":"Lagavulin","floor":6,"turns":7},{"damage":15,"enemies":"Lots of Slimes","floor":8,"turns":2},{"damage":12,"enemies":"Replay:BlueRogue","floor":10,"turns":6},{"damage":7,"enemies":"Exordium Thugs","floor":12,"turns":4},{"damage":31,"enemies":"The Guardian","floor":16,"turns":17},{"damage":23,"enemies":"2 Thieves","floor":18,"turns":4},{"damage":30,"enemies":"Spheric Guardian","floor":19,"turns":6},{"damage":37,"enemies":"Masked Bandits","floor":21,"turns":3}],"seed_played":"-867292772617444543","potions_obtained":[{"floor":1,"key":"conspire:TimeTravelPotion"},{"floor":8,"key":"Strength Potion"},{"floor":12,"key":"ColorlessPotion"},{"floor":16,"key":"jedi:tentaclejuice"}],"is_trial":false,"path_per_floor":["M","?","M","$","M","E","?","M","T","E","R","M","R","T","R","B",null,"M","M","?","?"],"character_chosen":"RobotSpaceExplorer","items_purchased":["RobotSpaceExplorer:PowerCollector"],"campfire_rested":3,"item_purchase_floors":[4],"current_hp_per_floor":[75,60,62,62,64,35,35,22,22,12,37,30,55,55,80,52,88,65,35,35,0,0],"gold":306,"neow_bonus":"THREE_ENEMY_KILL","is_daily":false,"chose_seed":false,"campfire_upgraded":0,"win_rate":0.0,"timestamp":1608525743,"path_taken":["M","?","M","?","M","E","?","M","T","E","R","?","R","?","R","BOSS","M","?","?","?"],"items_purchased_type":["Card"],"build_version":"2020-12-13","purchased_purges":0,"victory":false,"max_hp_per_floor":[75,75,77,77,79,81,81,83,83,85,85,85,85,85,85,88,88,88,88,88,88,88],"card_choices":[{"not_picked":["RobotSpaceExplorer:BigMissile","RobotSpaceExplorer:LuckyStrike"],"picked":"RobotSpaceExplorer:FrostMissile","floor":1},{"not_picked":["RobotSpaceExplorer:Pulsar","RobotSpaceExplorer:FrostMissile"],"picked":"Bomb","floor":3},{"not_picked":["RobotSpaceExplorer:IronShell","RobotSpaceExplorer:SlimeMissile"],"picked":"RobotSpaceExplorer:GlueShot","floor":5},{"not_picked":["RobotSpaceExplorer:RigExplosive","RobotSpaceExplorer:ScrapShield"],"picked":"RobotSpaceExplorer:Multitool","floor":6},{"not_picked":["RobotSpaceExplorer:Reload","RobotSpaceExplorer:StarDust"],"picked":"RobotSpaceExplorer:Pulsar","floor":8},{"not_picked":["RobotSpaceExplorer:IronShell","RobotSpaceExplorer:MetalStrike"],"picked":"RobotSpaceExplorer:FreezingShield","floor":10},{"not_picked":["RobotSpaceExplorer:Jetpack","RobotSpaceExplorer:MetalStrike"],"picked":"RobotSpaceExplorer:SurgingStrike","floor":12},{"not_picked":["RobotSpaceExplorer:HighVoltage","RobotSpaceExplorer:Asteroid"],"picked":"RobotSpaceExplorer:TrailblazerForm","floor":16},{"not_picked":["RobotSpaceExplorer:SlimeMissile","RobotSpaceExplorer:TurboDodge"],"picked":"RobotSpaceExplorer:ScrapMissile+1","floor":18},{"not_picked":["RobotSpaceExplorer:SelfCleaning+1","RobotSpaceExplorer:LaserBurst"],"picked":"RobotSpaceExplorer:ShockKick+1","floor":19}],"player_experience":302398,"relics_obtained":[{"floor":6,"key":"DemoMod:WeirdEgg"},{"floor":9,"key":"Onion Ring"},{"floor":10,"key":"aspiration:FetidBarrel"},{"floor":14,"key":"conspire:Flyswatter"},{"floor":17,"key":"Nunchaku"},{"floor":17,"key":"RobotSpaceExplorer:ToughPlating"},{"floor":17,"key":"UnicornStump"}],"event_choices":[{"damage_healed":0,"gold_gain":0,"player_choice":"Fought Bandits","damage_taken":0,"max_hp_gain":0,"max_hp_loss":0,"event_name":"Masked Bandits","floor":21,"gold_loss":0}],"is_beta":false,"boss_relics":[{"not_picked":["Philosopher\u0027s Stone","aspiration:PoetsPen_weak"],"picked":"Calling Bell"},{"not_picked":[]}],"items_purged_floors":[],"is_endless":false,"potions_floor_spawned":[1,8,12,16],"killed_by":"Masked Bandits","ascension_level":0}}