{"host":"98bdbcgi2hhn2gyr","time":1608582238,"event":{"mods":["BaseMod","Colored Map","Minty Spire (QoL Compilation)","StSLib","The Servant 0.9.4"],"gold_per_floor":[19,34,46,62,82,115,115,115,141,155,155,184,196,227,227,322,322,342,26,26,26,40,40,75,75,99,111,111,142,154,11,11,108,108,118,134,12,12,12,0,0,0,0,35,35,45,59,59,59,59],"floor_reached":51,"playtime":3772,"items_purged":["Strike_S"],"score":1000,"play_id":"b2d768ce-c99c-4e29-8260-4c3b95f5b918","local_time":"20201222052358","is_ascension_mode":true,"campfire_choices":[{"data":"LightFlow","floor":7.0,"key":"SMITH"},{"data":"Spin","floor":11.0,"key":"SMITH"},{"data":"BestPractice","floor":15.0,"key":"SMITH"},{"data":"Gouge","floor":23.0,"key":"SMITH"},{"data":"Rewind","floor":25.0,"key":"SMITH"},{"data":"Contraction","floor":28.0,"key":"SMITH"},{"floor":32.0,"key":"REST"},{"data":"Luminosity","floor":41,"key":"SMITH"},{"data":"ForgedInTime","floor":45,"key":"SMITH"},{"data":"BottledTime","floor":49,"key":"SMITH"}],"circlet_count":0,"master_deck":["Strike_S","Strike_S","Defend_S","Defend_S","Defend_S","Defend_S","KidneyShot","Exchange","Potential","Reset","Rewind+1","Contraction+1","Spin+1","Gouge+1","BottledTime","BestPractice+1","ForgedInTime+1","Barrier+1","Luminosity+1","Gouge+1","Ricochet+1","Sunlight+1","BottledTime+1","Gouge+1"],"relics":["Uniform","Kunai","Happy Flower","Broom","Odd Mushroom","Bag of Marbles","Busted Crown","Molten Egg 2","White Beast Statue","Blood Vial","Art of War","Bronze Scales","Orrery","Cursed Key","Red Mask","Orichalcum"],"acts_visited":["Exordium","TheCity","TheBeyond"],"potions_floor_usage":[33,33,36,44,50,50],"damage_taken":[{"damage":0.0,"enemies":"2 Louse","floor":1.0,"turns":2.0},{"damage":0.0,"enemies":"Jaw Worm","floor":2.0,"turns":3.0},{"damage":0.0,"enemies":"Cultist","floor":3.0,"turns":3.0},{"damage":12.0,"enemies":"Blue Slaver","floor":4.0,"turns":5.0},{"damage":0.0,"enemies":"Exordium Thugs","floor":5.0,"turns":5.0},{"damage":5.0,"enemies":"Lagavulin","floor":6.0,"turns":5.0},{"damage":4.0,"enemies":"3 Louse","floor":10.0,"turns":3.0},{"damage":0.0,"enemies":"The Mushroom Lair","floor":12.0,"turns":1.0},{"damage":0.0,"enemies":"Large Slime","floor":13.0,"turns":2.0},{"damage":0.0,"enemies":"Gremlin Nob","floor":14.0,"turns":2.0},{"damage":0.0,"enemies":"The Guardian","floor":16.0,"turns":8.0},{"damage":0.0,"enemies":"Spheric Guardian","floor":18.0,"turns":4.0},{"damage":2.0,"enemies":"Chosen","floor":22.0,"turns":3.0},{"damage":17.0,"enemies":"Book of Stabbing","floor":24.0,"turns":8.0},{"damage":0.0,"enemies":"3 Cultists","floor":27.0,"turns":3.0},{"damage":8.0,"enemies":"Slavers","floor":29.0,"turns":6.0},{"damage":0.0,"enemies":"Snake Plant","floor":30.0,"turns":4.0},{"damage":0,"enemies":"Collector","floor":33,"turns":5},{"damage":0,"enemies":"3 Shapes","floor":35,"turns":1},{"damage":0,"enemies":"Orb Walker","floor":36,"turns":2},{"damage":10,"enemies":"Nemesis","floor":44,"turns":5},{"damage":0,"enemies":"Sphere and 2 Shapes","floor":46,"turns":3},{"damage":0,"enemies":"3 Darklings","floor":47,"turns":3},{"damage":29,"enemies":"Awakened One","floor":50,"turns":24}],"seed_played":"6346192717086524810","potions_obtained":[{"floor":2.0,"key":"Strength Potion"},{"floor":4.0,"key":"Fire Potion"},{"floor":6.0,"key":"SkillPotion"},{"floor":10.0,"key":"EssenceOfSteel"},{"floor":16.0,"key":"Dexterity Potion"},{"floor":18.0,"key":"Energy Potion"},{"floor":22.0,"key":"Explosive Potion"},{"floor":24.0,"key":"GamblersBrew"},{"floor":27.0,"key":"SteroidPotion"},{"floor":29.0,"key":"PowerPotion"},{"floor":30.0,"key":"DistilledChaos"},{"floor":33,"key":"AttackPotion"},{"floor":35,"key":"Energy Potion"},{"floor":36,"key":"Strength Potion"},{"floor":38,"key":"PowerPotion"},{"floor":44,"key":"Block Potion"},{"floor":46,"key":"FairyPotion"}],"is_trial":false,"path_per_floor":["M","M","M","M","M","E","R","?","T","M","R","?","M","E","R","B",null,"M","$","?","?","M","R","E","R","T","M","R","E","M","$","R","B",null,"M","M","$","?","$","?","R","?","T","E","R","M","M","?","R","B",null],"character_chosen":"THE_SERVANT","items_purchased":["Molten Egg 2","Orrery","BottledTime","Gouge+1"],"campfire_rested":1,"item_purchase_floors":[19,31,37,37],"current_hp_per_floor":[65,65,65,53,53,48,48,48,48,44,44,44,44,44,44,44,60,60,60,60,60,58,58,41,41,41,43,43,37,39,39,58,60,64,65,65,65,65,65,65,65,75,75,65,65,67,69,69,69,42],"gold":59,"neow_bonus":"THREE_RARE_CARDS","is_daily":false,"chose_seed":false,"campfire_upgraded":9,"win_rate":0.0,"timestamp":1608582238,"path_taken":["M","M","M","M","M","E","R","?","T","M","R","?","M","E","R","BOSS","M","$","?","?","M","R","E","R","T","M","R","E","?","$","R","BOSS","M","M","$","?","?","?","R","?","T","E","R","M","?","?","R","BOSS"],"items_purchased_type":["Relic","Relic","Card","Card"],"build_version":"2020-12-13","purchased_purges":1,"victory":true,"max_hp_per_floor":[65,65,65,65,65,65,65,65,65,65,65,65,65,65,65,65,65,65,65,65,65,65,65,65,65,65,65,65,65,65,65,65,65,65,65,65,65,65,65,65,65,75,75,75,75,75,75,75,75,75],"card_choices":[{"not_picked":["Deny","ForgedInTime"],"picked":"LightFlow","floor":0.0},{"not_picked":["Rearm","Revamp"],"picked":"Potential","floor":1.0},{"not_picked":["Revamp","WasteNot"],"picked":"Reset","floor":2.0},{"not_picked":["Replace","FastForward"],"picked":"Rewind","floor":3.0},{"not_picked":["RealityMarble","Revamp"],"picked":"Contraction","floor":4.0},{"not_picked":["BottledTime","Snipe"],"picked":"Spin","floor":5.0},{"not_picked":["LightFlow","Replace"],"picked":"Gouge","floor":6.0},{"not_picked":["Spin","Moonlight"],"picked":"BottledTime","floor":10.0},{"not_picked":["StarChef","Barrier"],"picked":"BestPractice","floor":13.0},{"not_picked":["Spin","RealityMarble","ReturningBlade"],"picked":"SKIP","floor":14.0},{"not_picked":["Embodiment","KillingDoll"],"picked":"ForgedInTime","floor":16.0},{"not_picked":["Orbit"],"picked":"SKIP","floor":18.0},{"not_picked":["Unruled+1"],"picked":"SKIP","floor":22.0},{"not_picked":["DoubleEdge+1"],"picked":"SKIP","floor":24.0},{"not_picked":[],"picked":"Barrier+1","floor":27.0},{"not_picked":[],"picked":"Luminosity","floor":29.0},{"not_picked":["Spin+1"],"picked":"SKIP","floor":30.0},{"not_picked":[],"picked":"Gouge+1","floor":31.0},{"not_picked":[],"picked":"Ricochet+1","floor":31.0},{"not_picked":[],"picked":"Sunlight+1","floor":33},{"not_picked":["Unruled+1"],"picked":"SKIP","floor":35},{"not_picked":["Alleviate+1"],"picked":"SKIP","floor":36},{"not_picked":["Unruled+1"],"picked":"SKIP","floor":44},{"not_picked":["InstantArmor+1"],"picked":"SKIP","floor":46},{"not_picked":["Replace"],"picked":"SKIP","floor":47}],"player_experience":375205,"relics_obtained":[{"floor":6.0,"key":"Kunai"},{"floor":9.0,"key":"Broom"},{"floor":12.0,"key":"Odd Mushroom"},{"floor":14.0,"key":"Bag of Marbles"},{"floor":24.0,"key":"Blood Vial"},{"floor":26.0,"key":"Art of War"},{"floor":29.0,"key":"Bronze Scales"},{"floor":44,"key":"Orichalcum"}],"event_choices":[{"damage_healed":0.0,"max_hp_gain":0.0,"max_hp_loss":0.0,"gold_gain":0.0,"event_name":"Dead Adventurer","player_choice":"Searched \u00271\u0027 times","floor":8.0,"gold_loss":0.0,"damage_taken":0.0,"relics_obtained":["Happy Flower"]},{"damage_healed":0.0,"max_hp_gain":0.0,"max_hp_loss":0.0,"gold_gain":0.0,"event_name":"Mushrooms","player_choice":"Fought Mushrooms","floor":12.0,"gold_loss":0.0,"damage_taken":0.0},{"damage_healed":0.0,"max_hp_gain":0.0,"max_hp_loss":0.0,"gold_gain":0.0,"event_name":"Vampires","player_choice":"Ignored","floor":20.0,"gold_loss":0.0,"damage_taken":0.0},{"damage_healed":0.0,"max_hp_gain":0.0,"max_hp_loss":0.0,"gold_gain":0.0,"event_name":"WeMeetAgain","player_choice":"Gave Potion","floor":21.0,"gold_loss":0.0,"damage_taken":0.0,"relics_obtained":["White Beast Statue"]},{"damage_healed":0,"gold_gain":0,"player_choice":"Got Potions","damage_taken":0,"max_hp_gain":0,"max_hp_loss":0,"event_name":"Lab","floor":38,"gold_loss":0},{"damage_healed":0,"gold_gain":0,"player_choice":"Paid","damage_taken":0,"relics_obtained":["Red Mask"],"max_hp_gain":0,"max_hp_loss":0,"event_name":"Tomb of Lord Red Mask","floor":40,"gold_loss":12},{"cards_removed":["LightFlow"],"damage_healed":0,"gold_gain":0,"player_choice":"Offered Rare","damage_taken":0,"max_hp_gain":10,"max_hp_loss":0,"event_name":"Bonfire Elementals","floor":42,"gold_loss":0},{"cards_removed":["Strike_S"],"damage_healed":0,"gold_gain":0,"player_choice":"Removed Attack","damage_taken":0,"max_hp_gain":0,"max_hp_loss":0,"event_name":"Falling","floor":48,"gold_loss":0}],"is_beta":false,"boss_relics":[{"not_picked":["SplendidAttire","Coffee Dripper"],"picked":"Busted Crown"},{"not_picked":["Empty Cage","Astrolabe"],"picked":"Cursed Key"}],"items_purged_floors":[19],"is_endless":false,"potions_floor_spawned":[2,4,6,10,16,18,22,24,27,29,30,33,35,36,44,46,47],"ascension_level":5}}