{"host":"hfxp6ue4pvwo3fit","time":1608512923,"event":{"mods":["AchievementEnabler","BaseMod","Colored Map","Colored Powertips","Highlight Path","Minty Spire (QoL Compilation)","StSLib","SuperFastMode"],"gold_per_floor":[114,114,114,114,131,131,141,167,167,201,3,3,13,24,24,97,97,115,134,134,151,151,151],"floor_reached":22,"playtime":692,"items_purged":[],"score":372,"play_id":"969b2cb9-c65c-4103-ae93-15efe00f0c39","local_time":"20201220190843","is_ascension_mode":true,"campfire_choices":[{"floor":6,"key":"REST"},{"data":"Echo Form","floor":12,"key":"SMITH"},{"floor":15,"key":"REST"}],"circlet_count":0,"master_deck":["AscendersBane","Strike_B","Strike_B+1","Strike_B","Strike_B+1","Defend_B","Defend_B","Defend_B","Defend_B","Zap+1","Dualcast","Go for the Eyes+1","Cold Snap","Cold Snap","Streamline","Echo Form+1","Conserve Battery+1","Chill+1","Steam+1","Biased Cognition","Darkness+1","Conserve Battery+1","Decay","Force Field+1"],"relics":["Cracked Core","Cables","Bag of Marbles","Darkstone Periapt","Toxic Egg 2","Whetstone","Membership Card","Philosopher\u0027s Stone"],"acts_visited":["Exordium","TheCity"],"potions_floor_usage":[10,16,16],"damage_taken":[{"damage":0,"enemies":"Cultist","floor":1,"turns":3},{"damage":6,"enemies":"Small Slimes","floor":5,"turns":2},{"damage":2,"enemies":"2 Louse","floor":7,"turns":2},{"damage":12,"enemies":"Lagavulin","floor":8,"turns":8},{"damage":6,"enemies":"Gremlin Nob","floor":10,"turns":3},{"damage":19,"enemies":"Exordium Wildlife","floor":13,"turns":4},{"damage":0,"enemies":"Blue Slaver","floor":14,"turns":2},{"damage":17,"enemies":"Hexaghost","floor":16,"turns":10},{"damage":18,"enemies":"2 Thieves","floor":18,"turns":4},{"damage":16,"enemies":"Shell Parasite","floor":19,"turns":5},{"damage":21,"enemies":"Snake Plant","floor":21,"turns":4}],"seed_played":"8807030626194975678","potions_obtained":[{"floor":8,"key":"AttackPotion"},{"floor":10,"key":"FearPotion"},{"floor":13,"key":"PowerPotion"},{"floor":16,"key":"EssenceOfSteel"},{"floor":21,"key":"Ancient Potion"}],"is_trial":false,"path_per_floor":["M","T","?","?","M","R","M","E","T","E","$","R","M","M","R","B",null,"M","M","?","M","?"],"character_chosen":"DEFECT","items_purchased":["Membership Card","Conserve Battery+1"],"campfire_rested":2,"item_purchase_floors":[11,11],"current_hp_per_floor":[64,64,64,38,32,53,51,39,39,33,33,33,14,14,35,18,58,40,24,30,9,0,0],"gold":151,"neow_bonus":"UPGRADE_CARD","is_daily":false,"chose_seed":false,"campfire_upgraded":1,"win_rate":0.0,"timestamp":1608512923,"path_taken":["M","?","?","?","M","R","?","E","T","E","$","R","M","M","R","BOSS","M","M","?","M","?"],"items_purchased_type":["Relic","Card"],"build_version":"2020-12-13","purchased_purges":0,"victory":false,"max_hp_per_floor":[71,71,71,71,71,71,71,71,71,71,71,71,71,71,71,71,71,71,71,77,77,77,77],"card_choices":[{"not_picked":["Barrage","Stack"],"picked":"Go for the Eyes","floor":1},{"not_picked":["Tempest","Static Discharge"],"picked":"Cold Snap","floor":5},{"not_picked":["Stack","Go for the Eyes"],"picked":"Cold Snap","floor":7},{"not_picked":["Go for the Eyes","Gash"],"picked":"Streamline","floor":8},{"not_picked":["Reinforced Body+1","Rip and Tear"],"picked":"Echo Form","floor":10},{"not_picked":["Rip and Tear","Go for the Eyes"],"picked":"Chill+1","floor":13},{"not_picked":["Sweeping Beam","Blizzard"],"picked":"Steam+1","floor":14},{"not_picked":["Creative AI","Thunder Strike"],"picked":"Biased Cognition","floor":16},{"not_picked":["Barrage","Streamline"],"picked":"Darkness+1","floor":18},{"not_picked":["Rebound","Redo+1"],"picked":"Conserve Battery+1","floor":19},{"not_picked":["Streamline","Aggregate+1"],"picked":"Force Field+1","floor":21}],"player_experience":402509,"relics_obtained":[{"floor":2,"key":"Cables"},{"floor":8,"key":"Darkstone Periapt"},{"floor":9,"key":"Toxic Egg 2"},{"floor":10,"key":"Whetstone"}],"event_choices":[{"damage_healed":0,"gold_gain":0,"player_choice":"Grow","damage_taken":0,"max_hp_gain":0,"max_hp_loss":0,"event_name":"Living Wall","floor":3,"gold_loss":0,"cards_upgraded":["Go for the Eyes"]},{"damage_healed":0,"gold_gain":0,"player_choice":"Success","damage_taken":26,"relics_obtained":["Bag of Marbles"],"max_hp_gain":0,"max_hp_loss":0,"event_name":"Scrap Ooze","floor":4,"gold_loss":0},{"damage_healed":0,"gold_gain":0,"player_choice":"Smashed Altar","damage_taken":0,"max_hp_gain":0,"max_hp_loss":0,"event_name":"Forgotten Altar","floor":20,"gold_loss":0,"cards_obtained":["Decay"]},{"damage_healed":0,"gold_gain":0,"player_choice":"Obtained Book","damage_taken":21,"max_hp_gain":0,"max_hp_loss":0,"event_name":"Cursed Tome","floor":22,"gold_loss":0}],"is_beta":false,"boss_relics":[{"not_picked":["Nuclear Battery","Velvet Choker"],"picked":"Philosopher\u0027s Stone"}],"items_purged_floors":[],"is_endless":false,"potions_floor_spawned":[8,10,13,16,21],"ascension_level":18}}