{"host":"2yqfi47fogfu1ic4","time":1608561178,"event":{"mods":["AchievementEnabler","BaseMod","Colored Map","Colored Powertips","Highlight Path","Minty Spire (QoL Compilation)","Permanent Neow","Relic Stats","StSLib"],"gold_per_floor":[11,22,22,22,45,84,102,102,102,115,141,8,8,51,51,51,51],"floor_reached":16,"playtime":836,"items_purged":[],"score":220,"play_id":"de00d87e-160d-4ba1-a93e-5aa662b2af84","local_time":"20201221153258","is_ascension_mode":true,"campfire_choices":[{"floor":13,"key":"REST"},{"data":"Envenom","floor":15,"key":"SMITH"}],"circlet_count":0,"master_deck":["AscendersBane","Strike_G","Strike_G","Strike_G","Strike_G","Strike_G","Defend_G","Defend_G","Defend_G","Defend_G","Defend_G","Survivor","Neutralize","Deadly Poison","Footwork","Pain","Poisoned Stab","Envenom+1","Dagger Spray","Backflip","Footwork","Bane","After Image"],"relics":["Ring of the Snake","The Specimen","Golden Idol","WarpedTongs","Ice Cream","Pear","Art of War","Matryoshka"],"acts_visited":["Exordium"],"potions_floor_usage":[16,16],"damage_taken":[{"damage":3,"enemies":"2 Louse","floor":1,"turns":4},{"damage":7,"enemies":"Jaw Worm","floor":2,"turns":5},{"damage":2,"enemies":"Cultist","floor":5,"turns":4},{"damage":34,"enemies":"Lagavulin","floor":6,"turns":8},{"damage":4,"enemies":"Looter","floor":7,"turns":3},{"damage":10,"enemies":"Blue Slaver","floor":10,"turns":4},{"damage":23,"enemies":"3 Sentries","floor":14,"turns":7},{"damage":9,"enemies":"Hexaghost","floor":16,"turns":9}],"seed_played":"-8355697110132860412","potions_obtained":[{"floor":1,"key":"SpeedPotion"},{"floor":10,"key":"Swift Potion"},{"floor":14,"key":"Ancient Potion"}],"is_trial":false,"path_per_floor":["M","M","?","?","M","E","M","?","T","M","T","$","R","E","R","B"],"character_chosen":"THE_SILENT","items_purchased":["Footwork","Bane"],"campfire_rested":1,"item_purchase_floors":[12,12],"current_hp_per_floor":[56,49,49,49,47,13,9,9,19,9,9,9,30,7,7,0,0],"gold":51,"neow_bonus":"ONE_RARE_RELIC","is_daily":false,"chose_seed":false,"campfire_upgraded":1,"win_rate":0.0,"timestamp":1608561178,"path_taken":["M","M","?","?","M","E","?","?","T","M","?","$","R","E","R","BOSS"],"items_purchased_type":["Card","Card"],"build_version":"2020-12-13","purchased_purges":0,"victory":false,"max_hp_per_floor":[66,66,60,60,60,60,60,60,70,70,70,70,70,70,70,70,70],"relic_stats":{"counters":[8,44],"Golden Idol":29,"Art of War":[3],"obtain_stats":[{"Ice Cream":6,"Pear":9,"Matryoshka":14,"The Specimen":0,"Golden Idol":3,"Art of War":11,"Ring of the Snake":0,"WarpedTongs":4},{"Ice Cream":4,"Pear":5,"Matryoshka":7,"The Specimen":0,"Golden Idol":2,"Art of War":6,"Ring of the Snake":0,"WarpedTongs":2},{"Ice Cream":21,"Pear":24,"Matryoshka":35,"The Specimen":0,"Golden Idol":9,"Art of War":28,"Ring of the Snake":0,"WarpedTongs":9}],"Ring of the Snake":[16],"WarpedTongs":[35]},"card_choices":[{"not_picked":["Calculated Gamble","Sucker Punch"],"picked":"Deadly Poison","floor":1},{"not_picked":["Endless Agony","Prepared"],"picked":"Footwork","floor":2},{"not_picked":["Flying Knee","PiercingWail"],"picked":"Poisoned Stab","floor":5},{"not_picked":["Underhanded Strike","Poisoned Stab"],"picked":"Envenom","floor":6},{"not_picked":["Underhanded Strike","Skewer"],"picked":"Dagger Spray","floor":7},{"not_picked":["All Out Attack","Outmaneuver"],"picked":"Backflip","floor":10},{"not_picked":["Slice","Flechettes"],"picked":"After Image","floor":14}],"player_experience":1804906,"relics_obtained":[{"floor":6,"key":"Ice Cream"},{"floor":9,"key":"Pear"},{"floor":11,"key":"Art of War"},{"floor":14,"key":"Matryoshka"}],"event_choices":[{"damage_healed":0,"gold_gain":0,"player_choice":"Lose Max HP","damage_taken":0,"relics_obtained":["Golden Idol"],"max_hp_gain":0,"max_hp_loss":6,"event_name":"Golden Idol","floor":3,"gold_loss":0},{"damage_healed":0,"gold_gain":0,"player_choice":"Rummage","damage_taken":0,"relics_obtained":["WarpedTongs"],"max_hp_gain":0,"max_hp_loss":0,"event_name":"Accursed Blacksmith","floor":4,"gold_loss":0,"cards_obtained":["Pain"]},{"damage_healed":0,"gold_gain":0,"player_choice":"Fled","damage_taken":0,"max_hp_gain":0,"max_hp_loss":0,"event_name":"Scrap Ooze","floor":8,"gold_loss":0}],"is_beta":false,"boss_relics":[],"items_purged_floors":[],"is_endless":false,"potions_floor_spawned":[1,10,14],"killed_by":"Hexaghost","ascension_level":20}}