{"host":"hfvpa4llnnjpeawn","time":1608580927,"event":{"mods":["2.2 Compatiblity","AchievementEnabler","Act Like it!","Aspiration","Bard","BaseMod","Beaked The Cultist","Better Sensory Stone","Better Skull","Better Third Choice","BetterRewards","CapriCore","Conspire","Downfall","Elementarium","Energized Spire","Hubris","Infinite Spire","Jorbs\u0027s Wanderer Trilogy","Lobotomy","LobotomyExtend","Minty Spire (QoL Compilation)","Replay The Spire","Shade Mod","Spicy Shops","StSLib","The Bladedancer","The Factory","The Gatherer","The Jungle","Waifu the Spire","Wandering Minibosses"],"gold_per_floor":[112,130,141,152,164,164,164],"floor_reached":6,"playtime":336,"items_purged":[],"score":40,"play_id":"cae9b42d-e3b4-4c6e-9385-807066a14477","local_time":"20201221150207","is_ascension_mode":false,"campfire_choices":[],"circlet_count":0,"master_deck":["Strike_P","Strike_P","Strike_P","Strike_P","Defend_P","Defend_P","Defend_P","Defend_P","Eruption","Vigilance","Regret","Protect","EmptyBody","Wish"],"relics":["PureWater","Centennial Puzzle"],"acts_visited":["Exordium"],"potions_floor_usage":[5],"damage_taken":[{"damage":7,"enemies":"Cultist","floor":1,"turns":3},{"damage":8,"enemies":"2 Louse","floor":2,"turns":3},{"damage":13,"enemies":"Small Slimes","floor":3,"turns":5},{"damage":12,"enemies":"2 Fungi Beasts","floor":4,"turns":5},{"damage":5,"enemies":"Looter","floor":5,"turns":5},{"damage":10,"enemies":"3 Sentries","floor":6,"turns":3}],"seed_played":"5340738317172476482","potions_obtained":[{"floor":1,"key":"FearPotion"},{"floor":4,"key":"Block Potion"}],"is_trial":false,"path_per_floor":["M","M","M","M","M","E"],"character_chosen":"WATCHER","items_purchased":[],"campfire_rested":0,"item_purchase_floors":[],"current_hp_per_floor":[65,57,44,32,27,17,17],"gold":164,"neow_bonus":"RANDOM_EVENT","is_daily":false,"chose_seed":false,"campfire_upgraded":0,"win_rate":0.0,"timestamp":1608580927,"path_taken":["M","?","M","M","M","E"],"items_purchased_type":[],"build_version":"2020-12-13","purchased_purges":0,"victory":false,"max_hp_per_floor":[72,72,72,72,72,72,72],"card_choices":[{"not_picked":["Replay:AtTheReady","Study","Pray"],"picked":"SKIP","floor":1},{"not_picked":["Halt","EmptyBody"],"picked":"Protect","floor":2},{"not_picked":["ThirdEye","FlyingSleeves","Protect"],"picked":"SKIP","floor":3},{"not_picked":["CutThroughFate","ThirdEye"],"picked":"EmptyBody","floor":4},{"not_picked":["Protect","Replay:BluntJabs"],"picked":"Wish","floor":5}],"player_experience":302212,"relics_obtained":[],"event_choices":[{"damage_healed":0,"gold_gain":0,"player_choice":"Box","damage_taken":0,"relics_obtained":["Centennial Puzzle"],"max_hp_gain":0,"max_hp_loss":0,"event_name":"Big Fish","floor":0,"gold_loss":0,"cards_obtained":["Regret"]}],"is_beta":false,"boss_relics":[],"items_purged_floors":[],"is_endless":false,"potions_floor_spawned":[1,4],"killed_by":"3 Sentries","ascension_level":0}}