{"host":"9jbduwjxg0e72hbg","time":1608520539,"event":{"mods":["AchievementEnabler","Act Like it!","Aspiration","BaseMod","Better Match","Better Skull","Better Third Choice","BetterRewards","Conspire","Downfall","Elementarium","Energized Spire","Gensokyo","GifTheSpireLib","Gold Saver","GungeonMod","Hallownest","Hubris","Infinite Spire","Jedi Mod","Marisa????????","Menagerie","Minty Spire (QoL Compilation)","Pale of the Ancients","Replay The Spire","SCP261 Mod","Shop Mod","Spicy Shops","StSLib","Stuff the Spire","The Animator","The Blue Laboratory","The Gatherer","Wandering Minibosses","vexMod"],"gold_per_floor":[24636,24636,24636,23561,22841,22888,11444,11444,11444,11465,11477,11214,11214,11214,11272,11272,11416,11438,10577,10577,10577,10577,10627,10257,10270,10270,10414,10439,10440,10476,10476,10650,10650,10782,10782,10782],"floor_reached":35,"playtime":2204,"items_purged":["hexamod:Strike","hexamod:Defend","hexamod:GhostShield+1","Injury","hexamod:GhostShield+1"],"score":807,"play_id":"0dfe1983-7f85-4fe0-bf5d-7fd2380bd38a","local_time":"20201220191539","is_ascension_mode":true,"campfire_choices":[{"data":"Replay:Dark Deal","floor":23,"key":"SMITH"},{"floor":32,"key":"DIG"}],"circlet_count":0,"master_deck":["animator:Boros+1","hexamod:SixthSeal","hexamod:FifthSeal","hexamod:TimeOfNeed+1","hexamod:Toasty+1","hexamod:FourthSeal","hexamod:ThirdSeal","hexamod:SecondSeal","hexamod:ApocalypticArmor"],"relics":["DemoMod:LamentConfigurum","ReplayTheSpireMod:Ring of Challenge","Chameleon Ring","Question Card","Gensokyo:PortableGap","Mummified Hand","conspire:InfiniteJournal","vexMod:Spyglass","vexMod:HeadHunter","conspire:TreasureMap","infinitespire:Midas Blood","MerchantsRug","infinitespire:WardingShard","Kunai","Menagerie:Aurumvore","infinitespire:Beetle Shell","jedi:bottledfury","hexamod:MatchstickCase","Omamori","Blood Vial","aspiration:RunicSpoon","wanderingMiniBosses:AbyssPearl","Blood Vial","hubris:MysteriousPyramids","DemoMod:PinkGuonStone","Elementarium:GolemsHeart","Ring of Hypnosis","ReplayTheSpireMod:Ring of Addiction","Potion Belt","Toy Ornithopter","hexamod:TheBrokenSeal","DemoMod:RingOfEthereal","jedi:heavyjacket","conspire:Dentures","Replay:Multitool","Replay:Baseball","hubris:TinFlute","hubris:CrystalStatue","DemoMod:LamentConfigurum","Replay:Wax Seal","Elementarium:ElementariumTrophy","DemoMod:ClearGuonStone","Philosopher\u0027s Stone","jedi:angrymask"],"acts_visited":["Exordium","Menagerie:Menagerie","TheBeyond"],"potions_floor_usage":[10,10,33,33,33,35],"damage_taken":[{"damage":5,"enemies":"Menagerie:2_RABBITS","floor":1,"turns":4},{"damage":18,"enemies":"Menagerie:Hydra","floor":6,"turns":4},{"damage":3,"enemies":"Menagerie:VoidReaper","floor":10,"turns":1},{"damage":0,"enemies":"Menagerie:Hydra","floor":11,"turns":1},{"damage":5,"enemies":"Menagerie:AVATARS","floor":16,"turns":1},{"damage":42,"enemies":"Elementarium:VoidCorruption","floor":18,"turns":6},{"damage":0,"enemies":"conspire:MimicChest","floor":19,"turns":2},{"damage":3,"enemies":"Elementarium:ElementalPortal","floor":24,"turns":4},{"damage":0,"enemies":"Elementarium:MUD_AND_TAR_GOLEMS","floor":28,"turns":2},{"damage":0,"enemies":"Elementarium:WarGolem","floor":29,"turns":1},{"damage":0,"enemies":"Elementarium:GolemEmperor","floor":33,"turns":2},{"damage":85,"enemies":"3 Shapes","floor":35,"turns":2}],"seed_played":"8872258372529775146","potions_obtained":[{"floor":15,"key":"SmokeBomb"},{"floor":15,"key":"Slimebound:ThreeZeroPotion"},{"floor":18,"key":"FairyPotion"},{"floor":22,"key":"jedi:StrikingPotion"},{"floor":22,"key":"blueLaboratory:TrueEctoplasm"},{"floor":24,"key":"Fruit Juice"}],"is_trial":false,"path_per_floor":["M","?","?","$","$","E","?","?","T","E","E","$","?","R","B",null,"M","?","$","?","?","R","E","$","T","?","?","E","?","?","R","B",null,"M"],"character_chosen":"THE_SPIRIT","items_purchased":["Chameleon Ring","hexamod:GhostShield","StuffTheSpire:FreeRealEstate","hexamod:BacktrackSmack","vexMod:HeadHunter","hexamod:FirstSeal","conspire:TreasureMap","infinitespire:Midas Blood","StuffTheSpire:Recharge","PowerPotion","MerchantsRug","hexamod:RadiantFlame","Specialist","infinitespire:WardingShard","LifebloodPotion","vexMod:Spyglass","hexamod:Incineration","hubris:MysteriousPyramids","DemoMod:PinkGuonStone","Replay:Dark Deal","HandOfGreed"],"campfire_rested":0,"item_purchase_floors":[0,0,0,0,4,4,4,4,4,4,4,5,5,5,5,12,12,20,20,20,25],"current_hp_per_floor":[65,64,61,58,58,47,47,47,47,46,46,43,46,46,41,46,11,13,20,20,20,20,54,54,49,46,46,44,32,22,22,46,46,0,0,0],"gold":10782,"neow_bonus":"","is_daily":false,"chose_seed":false,"campfire_upgraded":1,"win_rate":0.0,"timestamp":1608520539,"path_taken":["M","?","?","$","$","E","?","?","T","E","E","?","?","R","BOSS","M","?","?","?","?","R","E","$","T","?","?","E","?","?","R","BOSS","M"],"items_purchased_type":["Relic","Card","Card","Card","Relic","Card","Relic","Relic","Card","Potion","Relic","Card","Card","Relic","Potion","Relic","Card","Relic","Relic","Card","Card"],"build_version":"2020-12-13","purchased_purges":5,"victory":false,"max_hp_per_floor":[70,64,61,58,58,55,55,52,49,46,46,43,46,46,46,46,46,43,50,50,50,47,54,54,49,46,46,44,41,41,39,46,46,46,46,46],"card_choices":[{"not_picked":["hexamod:FourthSeal","hexamod:FirstSeal","hexamod:SecondSeal"],"picked":"hexamod:SixthSeal","floor":1},{"not_picked":["hexamod:ThermalTransfer","hexamod:CatchUp","hexamod:HauntingEcho"],"picked":"hexamod:Firestarter","floor":1},{"not_picked":["hexamod:GhostflameInferno","hexamod:CrushingStance","hexamod:SearingWound"],"picked":"hexamod:WildfireWeapon","floor":6},{"not_picked":["hexamod:SecondSeal","hexamod:FourthSeal","hexamod:SixthSeal"],"picked":"hexamod:ThirdSeal","floor":6},{"not_picked":["hexamod:StepThrough","hexamod:FastForward","hexamod:CatchUp"],"picked":"hexamod:ThermalTransfer","floor":6},{"not_picked":["hexamod:NightmareGuise","hexamod:GiftsFromTheDead","hexamod:HauntingEcho"],"picked":"hexamod:Haunt","floor":10},{"not_picked":["hexamod:GhostOfSpireFuture","hexamod:GhostLash","hexamod:NecessarySacrifice"],"picked":"hexamod:PhantomCloak","floor":10},{"not_picked":["hexamod:RainOfEmbers","hexamod:SpectersWail","hexamod:HeatMetal"],"picked":"hexamod:BacktrackSmack","floor":10},{"not_picked":["hexamod:GiftsFromTheDead","hexamod:TimeWarp","hexamod:HexaLevel","hexamod:GhostflameInferno"],"picked":"SKIP","floor":10},{"not_picked":["hexamod:GhostflameInferno","hexamod:HexaLevel","hexamod:UnleashSpirits"],"picked":"hexamod:UnlimitedPower","floor":11},{"not_picked":["hexamod:ChargedBarrage","hexamod:HauntingEcho","hexamod:SuperheatedStrike","hexamod:InspiringFlames"],"picked":"SKIP","floor":11},{"not_picked":["hexamod:FirstSeal","hexamod:ThirdSeal","hexamod:SixthSeal"],"picked":"hexamod:FourthSeal","floor":16},{"not_picked":["hexamod:GiftsFromTheDead","hexamod:ApocalypseNow","hexamod:GhostflameInferno"],"picked":"hexamod:Toasty","floor":16},{"not_picked":["hexamod:ThirdSeal","hexamod:FirstSeal","hexamod:SixthSeal"],"picked":"hexamod:SecondSeal","floor":18},{"not_picked":["hexamod:SixthSeal","hexamod:SecondSeal","hexamod:ThirdSeal"],"picked":"hexamod:FourthSeal","floor":18},{"not_picked":["hexamod:SuperheatedStrike","hexamod:AdvancingGuard","hexamod:SpectersWail","hexamod:GhostflameBarrier"],"picked":"SKIP","floor":18},{"not_picked":["hexamod:Hexaguard","hexamod:HauntingEcho","hexamod:ShieldOfDarkness","hexamod:SpectersWail"],"picked":"SKIP","floor":18},{"not_picked":["hexamod:RainOfEmbers+1","hexamod:GiftsFromTheDead","hexamod:NightmareStrike"],"picked":"hexamod:GhostShield","floor":19},{"not_picked":["hexamod:FirstSeal","hexamod:SixthSeal","hexamod:FourthSeal"],"picked":"hexamod:ThirdSeal","floor":24},{"not_picked":["hexamod:InspiringFlames+1","hexamod:NightmareGuise+1","hexamod:PhantomCloak"],"picked":"hexamod:HexaLevel","floor":24},{"not_picked":["hexamod:SpectersWail","hexamod:AdvancingGuard+1","hexamod:FastForward"],"picked":"hexamod:EmpoweredFlame+1","floor":24},{"not_picked":["hexamod:PhantomFireball","hexamod:StepThrough+1","hexamod:BacktrackSmack"],"picked":"hexamod:DynamicBlow","floor":24},{"not_picked":["hexamod:SpectersWail","hexamod:BacktrackSmack+1","hexamod:FourthSeal"],"picked":"hexamod:Firestarter","floor":24},{"not_picked":["hexamod:InspiringFlames+1","hexamod:GhostShield","hexamod:GhostLash"],"picked":"hexamod:Firestarter","floor":24},{"not_picked":["hexamod:Toasty","hexamod:WildfireWeapon","hexamod:TimeWarp","hexamod:ParanormalForm"],"picked":"SKIP","floor":24},{"not_picked":["hexamod:Hexaguard+1","hexamod:PowerFromBeyond","hexamod:GhostOfSpireFuture","hexamod:RainOfEmbers"],"picked":"SKIP","floor":28},{"not_picked":["hexamod:ExtraCrispy+1","hexamod:GhostflameBarrier+1","hexamod:BurningTouch"],"picked":"hexamod:TimeOfNeed","floor":29},{"not_picked":["hexamod:TimeWarp","hexamod:SearingWound","hexamod:CrushingStance"],"picked":"hexamod:Toasty","floor":29},{"not_picked":["hexamod:SixthSeal","hexamod:ThirdSeal","hexamod:SecondSeal"],"picked":"hexamod:FourthSeal","floor":33},{"not_picked":["hexamod:FirstSeal","hexamod:SecondSeal","hexamod:FourthSeal"],"picked":"hexamod:ThirdSeal","floor":33},{"not_picked":["hexamod:FourthSeal","hexamod:ThirdSeal","hexamod:SixthSeal"],"picked":"hexamod:SecondSeal","floor":33},{"not_picked":["hexamod:Toasty","hexamod:HexaLevel","hexamod:TurnItUp"],"picked":"hexamod:ApocalypticArmor","floor":33}],"player_experience":874465,"relics_obtained":[{"floor":6,"key":"Kunai"},{"floor":9,"key":"jedi:bottledfury"},{"floor":10,"key":"hexamod:MatchstickCase"},{"floor":11,"key":"Omamori"},{"floor":16,"key":"Blood Vial"},{"floor":18,"key":"wanderingMiniBosses:AbyssPearl"},{"floor":19,"key":"Blood Vial"},{"floor":22,"key":"Ring of Hypnosis"},{"floor":22,"key":"ReplayTheSpireMod:Ring of Addiction"},{"floor":22,"key":"Potion Belt"},{"floor":22,"key":"Toy Ornithopter"},{"floor":24,"key":"DemoMod:RingOfEthereal"},{"floor":26,"key":"jedi:heavyjacket"},{"floor":28,"key":"Replay:Multitool"},{"floor":29,"key":"Replay:Baseball"},{"floor":31,"key":"DemoMod:LamentConfigurum"},{"floor":32,"key":"Replay:Wax Seal"},{"floor":33,"key":"DemoMod:ClearGuonStone"}],"event_choices":[{"damage_healed":0,"gold_gain":0,"player_choice":"Knelt","damage_taken":0,"max_hp_gain":0,"max_hp_loss":3,"event_name":"Menagerie:BeastSpiritShrine","floor":2,"gold_loss":0,"cards_obtained":["Menagerie:BeastSpirit"]},{"damage_healed":0,"gold_gain":0,"player_choice":"Pacify","damage_taken":0,"relics_obtained":["Menagerie:Aurumvore"],"max_hp_gain":0,"max_hp_loss":0,"event_name":"Menagerie:ScentOfGold","floor":7,"gold_loss":0},{"damage_healed":0,"gold_gain":0,"player_choice":"Lion","damage_taken":0,"relics_obtained":["infinitespire:Beetle Shell"],"max_hp_gain":0,"max_hp_loss":0,"event_name":"Menagerie:ThreeAnimals","floor":8,"gold_loss":0,"cards_obtained":["Injury"]},{"damage_healed":0,"gold_gain":0,"player_choice":"Chest","damage_taken":0,"relics_obtained":["Elementarium:GolemsHeart"],"max_hp_gain":0,"max_hp_loss":0,"event_name":"Elementarium:AbandonedFactory","floor":21,"gold_loss":0,"cards_obtained":["Pain"]},{"damage_healed":0,"gold_gain":0,"player_choice":"Leave","damage_taken":0,"max_hp_gain":0,"max_hp_loss":0,"event_name":"conspire:Investor","floor":27,"gold_loss":0},{"damage_healed":0,"gold_gain":0,"player_choice":"Blood","damage_taken":12,"relics_obtained":["hubris:CrystalStatue"],"max_hp_gain":0,"max_hp_loss":0,"event_name":"Elementarium:ShatteredPortal","floor":30,"gold_loss":0}],"is_beta":false,"boss_relics":[{"not_picked":["conspire:RunicOctahedron","hubris:VirtuousBlindfold"],"picked":"aspiration:RunicSpoon"},{"not_picked":["hubris:ScarierMask","Runic Pyramid"],"picked":"Philosopher\u0027s Stone"}],"items_purged_floors":[0,0,12,20,25],"is_endless":false,"potions_floor_spawned":[29],"killed_by":"3 Shapes","ascension_level":1}}