{"host":"sle1h3v1q4bnun10","time":1608521099,"event":{"mods":["BaseMod","Challenge The Spire","Downfall","Minty Spire (QoL Compilation)","READ ME - Guardian Mod","Replay The Spire","Shop Mod","StSLib","The Cursed"],"gold_per_floor":[99,111,36,54,154,154,181,181,181,208,308,325,375,405,465,568,568,568,356,333,397,447,461,461,538,538,573,623,613,513,18,34,79,79],"floor_reached":33,"playtime":2515,"items_purged":["Overencumbered","TheCursedMod:Dregs","TheCursedMod:Strike_TheCursed"],"score":359,"play_id":"2798f8aa-b7ee-4783-a598-abb4d255fb25","local_time":"20201221112459","is_ascension_mode":false,"campfire_choices":[{"floor":1.0,"key":"RECALL"},{"data":"TheCursedMod:CursedBoomerang","floor":3.0,"key":"SMITH"},{"data":"TheCursedMod:CleanUpWorkshop","floor":6.0,"key":"SMITH"},{"data":"TheCursedMod:CircleOfFlame","floor":8.0,"key":"SMITH"},{"data":"TheCursedMod:CursedRelics","floor":18.0,"key":"SMITH"},{"data":"TheCursedMod:NeowsMight","floor":26.0,"key":"SMITH"}],"circlet_count":0,"master_deck":["TheCursedMod:Strike_TheCursed","TheCursedMod:Strike_TheCursed","TheCursedMod:Defend_TheCursed","TheCursedMod:Defend_TheCursed","TheCursedMod:Defend_TheCursed","TheCursedMod:Defend_TheCursed","TheCursedMod:CursedWand","TheCursedMod:CleanUpWorkshop+1","TheCursedMod:CursedBoomerang+1","TheCursedMod:CircleOfFlame+1","TheCursedMod:WearCloak","TheCursedMod:CursedAmulet","TheCursedMod:StunningStrike","TheCursedMod:RapidMovement","TheCursedMod:NeowsMight+1","TheCursedMod:FleshFromBone","TheCursedMod:CursedRelics+1","TheCursedMod:HellfireBreathing","TheCursedMod:DemonSword","TheCursedMod:SurpriseAttack","TheCursedMod:Hemoplague+1","TheCursedMod:LuckyCharm","Ghostly","TheCursedMod:ForbiddenAlchemy","TheCursedMod:CircleOfCorruption"],"relics":["TheCursedMod:BlackMagic101","downfall:HeartBlessingRed","White Beast Statue","Juzu Bracelet","PreservedInsect","Bag of Preparation","downfall:CloakOfManyFaces","CultistMask","FaceOfCleric","NlothsMask","GremlinMask","SsserpentHead","ReplayTheSpireMod:Ring of Challenge","Ring of Searing","SacredBark","Snack Pack","Smiling Mask","ReplayTheSpireMod:Lightbulb","Ancient Tea Set","Nilry\u0027s Codex","Ice Cream"],"acts_visited":["Exordium","TheCity"],"potions_floor_usage":[33],"damage_taken":[{"damage":3.0,"enemies":"Jaw Worm","floor":2.0,"turns":4.0},{"damage":0.0,"enemies":"Cultist","floor":4.0,"turns":2.0},{"damage":39.0,"enemies":"downfall:LadyInBlue","floor":5.0,"turns":9.0},{"damage":11.0,"enemies":"Lagavulin","floor":10.0,"turns":5.0},{"damage":0.0,"enemies":"downfall:FaceTrader","floor":11.0,"turns":5.0},{"damage":0.0,"enemies":"2 Louse","floor":12.0,"turns":2.0},{"damage":9.0,"enemies":"downfall:FleeingMerchant","floor":14.0,"turns":4.0},{"damage":1.0,"enemies":"Gremlin Gang","floor":15.0,"turns":4.0},{"damage":7.0,"enemies":"downfall:Ironclad","floor":16.0,"turns":9.0},{"damage":23.0,"enemies":"downfall:FleeingMerchant","floor":19.0,"turns":4.0},{"damage":0.0,"enemies":"downfall:FleeingMerchant","floor":20.0,"turns":1.0},{"damage":14.0,"enemies":"Shell Parasite","floor":21.0,"turns":3.0},{"damage":0.0,"enemies":"Spheric Guardian","floor":23.0,"turns":2.0},{"damage":0.0,"enemies":"Book of Stabbing","floor":27.0,"turns":1.0},{"damage":2.0,"enemies":"Shelled Parasite and Fungi","floor":32.0,"turns":4.0},{"damage":1,"enemies":"downfall:Defect","floor":33,"turns":7}],"seed_played":"3587219161282644582","potions_obtained":[{"floor":2.0,"key":"Reflective Coating"},{"floor":5.0,"key":"Swift Potion"},{"floor":5.0,"key":"LiquidBronze"},{"floor":5.0,"key":"TheCursedMod:DregsPotion"},{"floor":10.0,"key":"Languid Potion"},{"floor":11.0,"key":"Energy Potion"},{"floor":12.0,"key":"Cursed Concoction"},{"floor":14.0,"key":"champ:CounterPotion"},{"floor":15.0,"key":"DuplicationPotion"},{"floor":16.0,"key":"champ:CounterPotion"},{"floor":19.0,"key":"SneckoOil"},{"floor":20.0,"key":"CultistPotion"},{"floor":21.0,"key":"SpeedPotion"},{"floor":23.0,"key":"EntropicBrew"},{"floor":27.0,"key":"EssenceOfSteel"},{"floor":32.0,"key":"Swift Potion"}],"is_trial":false,"path_per_floor":["R","M","R","M","?","R","T","R","?","E","?","M","?","$","M","B",null,"R","$","$","M","?","M","T","T","R","E","?","?","?","$","M","B"],"character_chosen":"THE_CURSED","items_purchased":["EntropicBrew","TheCursedMod:HellfireBreathing","Snack Pack","Ice Cream","TheCursedMod:ForbiddenAlchemy"],"campfire_rested":0,"item_purchase_floors":[19,19,20,31,31],"current_hp_per_floor":[82,79,79,79,40,40,40,40,37,26,26,27,27,19,19,13,86,86,64,65,52,52,55,55,55,55,56,40,40,40,40,41,42,42],"gold":79,"neow_bonus":"TEN_PERCENT_HP_BONUS","is_daily":false,"chose_seed":false,"campfire_upgraded":5,"win_rate":0.0,"timestamp":1608521099,"path_taken":["R","M","R","M","?","R","T","R","?","E","?","M","?","$","M","BOSS","R","$","$","M","?","M","T","?","R","E","?","?","?","$","M","BOSS"],"items_purchased_type":["Potion","Card","Relic","Relic","Card"],"build_version":"2020-12-13","purchased_purges":3,"victory":false,"max_hp_per_floor":[82,82,82,82,82,82,82,82,82,82,82,83,83,84,85,86,86,86,87,88,89,89,90,90,90,90,91,91,91,91,91,92,92,92],"card_choices":[{"not_picked":["TheCursedMod:SoulReap","TheCursedMod:CursedShiv"],"picked":"TheCursedMod:CursedBoomerang","floor":2.0},{"not_picked":["TheCursedMod:SoulCrush","TheCursedMod:ReleasedKnowledge"],"picked":"TheCursedMod:CircleOfFlame","floor":4.0},{"not_picked":["TheCursedMod:ReleasedKnowledge","TheCursedMod:Stigma"],"picked":"TheCursedMod:WearCloak","floor":5.0},{"not_picked":["TheCursedMod:SoulCrush","TheCursedMod:CircleOfWindfury"],"picked":"TheCursedMod:CursedAmulet","floor":10.0},{"not_picked":["TheCursedMod:CursedBlade","TheCursedMod:Obscuration"],"picked":"TheCursedMod:StunningStrike","floor":11.0},{"not_picked":["TheCursedMod:Wield","TheCursedMod:RavingStaff"],"picked":"TheCursedMod:RapidMovement","floor":12.0},{"not_picked":["TheCursedMod:FleshFromBone","TheCursedMod:Stigma"],"picked":"TheCursedMod:NeowsMight","floor":14.0},{"not_picked":["TheCursedMod:CircleOfCorruption","TheCursedMod:CircleOfBlood"],"picked":"TheCursedMod:FleshFromBone","floor":15.0},{"not_picked":["TheCursedMod:ForbiddenAlchemy","TheCursedMod:ShockAndAwe"],"picked":"TheCursedMod:CursedRelics","floor":16.0},{"not_picked":["TheCursedMod:CursedAmulet","TheCursedMod:CursedStaff","TheCursedMod:PrepareRite+1"],"picked":"SKIP","floor":19.0},{"not_picked":["TheCursedMod:CursedAmulet+1","TheCursedMod:CircleOfCorruption"],"picked":"TheCursedMod:DemonSword","floor":20.0},{"not_picked":["TheCursedMod:WearCloak","TheCursedMod:CircleOfCorruption"],"picked":"TheCursedMod:SurpriseAttack","floor":21.0},{"not_picked":["TheCursedMod:CursedAmulet","TheCursedMod:Wield+1"],"picked":"TheCursedMod:Hemoplague+1","floor":23.0},{"not_picked":["TheCursedMod:SoulCrush","TheCursedMod:EmpowerCircles"],"picked":"TheCursedMod:LuckyCharm","floor":27.0},{"not_picked":["TheCursedMod:CircleOfBlood","TheCursedMod:RapidMovement+1"],"picked":"TheCursedMod:CircleOfCorruption","floor":32.0}],"player_experience":183697,"relics_obtained":[{"floor":5.0,"key":"White Beast Statue"},{"floor":7.0,"key":"Juzu Bracelet"},{"floor":10.0,"key":"Bag of Preparation"},{"floor":11.0,"key":"downfall:CloakOfManyFaces"},{"floor":13.0,"key":"ReplayTheSpireMod:Ring of Challenge"},{"floor":13.0,"key":"Ring of Searing"},{"floor":21.0,"key":"Smiling Mask"},{"floor":25.0,"key":"ReplayTheSpireMod:Lightbulb"},{"floor":27.0,"key":"Ancient Tea Set"},{"floor":28.0,"key":"Nilry\u0027s Codex"}],"event_choices":[{"damage_healed":0.0,"max_hp_gain":0.0,"max_hp_loss":0.0,"gold_gain":0.0,"event_name":"Scrap Ooze","player_choice":"Success","floor":9.0,"gold_loss":0.0,"damage_taken":3.0,"relics_obtained":["PreservedInsect"]}],"is_beta":false,"boss_relics":[{"not_picked":["Cursed Key","ChewingGum"],"picked":"SacredBark"}],"items_purged_floors":[19,20,31],"is_endless":false,"potions_floor_spawned":[2,10,11,12,14,15,16,19,20,21,23,27,32],"killed_by":"downfall:Defect","ascension_level":0}}