{"host":"8u40nq559zpgb6zp","time":1608528875,"event":{"mods":["Aspiration","Bard","BaseMod","Beaked The Cultist","Better Altar","Better Match","Better Note","Better Sensory Stone","Better Skull","Better Third Choice","BetterRewards","CCEM","Clawfect","Conspire","Duelist Mod","Googly Eyes","Halation","Hermit","Highlight Path","Infinite Spire","Jedi Mod","Jorbs\u0027s Wanderer Trilogy","Mad Scientist","Marisa（霧雨　魔理沙）","Minty Spire (QoL Compilation)","Permanent Neow","Replay The Spire","Shade Mod","Shop Mod","Spicy Shops","StSLib","The Bladedancer","The Construct","The Cursed","The Disciple","The Druid","The Gatherer","The Hierophant","The IronCluck","The Jungle","The Mystic","The Necromancer","The Runesmith","The Senshi","The Servant 0.9.4","The Spell Scribe","The Witch","slay the spire mod where everything is the same but ironclad has a cowboy hat"],"gold_per_floor":[110,127,52,72,72,72,88,115,141,141,155,174,174,174,174,303,303,321,341,359,63,24,24,24,24,24,39,73,73,87,101,101,220,220,234,19,42,42,42,42,85,109,109,158,158,176,176,176],"floor_reached":47,"playtime":2708,"items_purged":["Wraith"],"score":502,"play_id":"f02ba0f0-7ca4-4bfa-9e70-388eaa2b2003","local_time":"20201221003435","is_ascension_mode":false,"campfire_choices":[{"data":"Negative_Energy_Mist","floor":6,"key":"SMITH"},{"data":"Bone_Armory","floor":13,"key":"SMITH"},{"data":"Skeleton_Dragon","floor":15,"key":"SMITH"},{"data":"Bone_Armory","floor":23,"key":"SMITH"},{"data":"Skeleton_Dragon","floor":25,"key":"SMITH"},{"data":"Negative_Energy_Mist","floor":29,"key":"SMITH"},{"floor":32,"key":"RECALL"},{"data":"Mayhem","floor":40,"key":"SMITH"},{"floor":45,"key":"REST"}],"circlet_count":0,"master_deck":["Strike_W","Strike_W","Strike_W","Defend_W","Defend_W","Defend_W","Defend_W","Negative_Energy_Arrows","Bone_Wall","Plague_Bolt","Bone_Prison","Dramatic Entrance+1","Negative_Energy_Mist+1","Bone_Armory+1","Skeleton_Dragon+1","Summon_Lich","Chill_Blood","Skeleton_Dragon+1","Negative_Energy_Mist+1","Negative_Energy_Mist","Bone_Armory+1","Negative_Energy_Shield","Death_March_Dance","Summon_Undead_Army","Summon_Undead","Shade_Step+1","Cloudkill","Finger_Of_Death","Skeleton_Dragon","Negative_Energy_Sphere+1","Summon_Lich","Mayhem+1","ReplayTheSpireMod:Private Reserves","Chrysalis","Summon_Undead+1","Chill_Blood+1","Summon_Lich+1","Grasp_Heart"],"relics":["Vampire_Amulet","aspiration:Nostalgia","construct:Cogwheel","halation:StarCompass","PreservedInsect","Oddly Smooth Stone","Golden Idol","Painkiller Herb","ReplayTheSpireMod:TigerMarble","White Beast Statue","conspire:SlowCooker","ReplayTheSpireMod:ShopPack","CCEMRelics:GrindingGear","aspiration:PoetsPen_weak","aspiration:ChemicalBlood","Omamori"],"acts_visited":["Exordium","TheCity","TheBeyond"],"potions_floor_usage":[8,8,8,16,31,31,33,35,41,41],"damage_taken":[{"damage":3,"enemies":"Jaw Worm","floor":1,"turns":5},{"damage":1,"enemies":"Cultist","floor":2,"turns":4},{"damage":0,"enemies":"Small Slimes","floor":4,"turns":2},{"damage":3,"enemies":"Looter","floor":7,"turns":3},{"damage":40,"enemies":"Lagavulin","floor":8,"turns":14},{"damage":0,"enemies":"3 Louse","floor":11,"turns":2},{"damage":7,"enemies":"Red Slaver","floor":12,"turns":3},{"damage":22,"enemies":"The Guardian","floor":16,"turns":12},{"damage":9,"enemies":"Shell Parasite","floor":18,"turns":8},{"damage":0,"enemies":"Chosen","floor":19,"turns":6},{"damage":16,"enemies":"Shelled Parasite and Fungi","floor":20,"turns":8},{"damage":14,"enemies":"Centurion and Healer","floor":27,"turns":6},{"damage":19,"enemies":"Nightmare","floor":28,"turns":7},{"damage":6,"enemies":"Snake Plant","floor":30,"turns":5},{"damage":11,"enemies":"Shelled Parasite and Fungi","floor":31,"turns":6},{"damage":39,"enemies":"Collector","floor":33,"turns":9},{"damage":26,"enemies":"3 Darklings","floor":35,"turns":4},{"damage":22,"enemies":"Orb Walker","floor":37,"turns":3},{"damage":26,"enemies":"Reptomancer","floor":41,"turns":6},{"damage":22,"enemies":"Transient","floor":42,"turns":5},{"damage":28,"enemies":"3 Darklings","floor":46,"turns":5},{"damage":9,"enemies":"4 Shapes","floor":47,"turns":1}],"seed_played":"-3608891636839293297","potions_obtained":[{"floor":1,"key":"DuplicationPotion"},{"floor":2,"key":"Dexterity Potion"},{"floor":7,"key":"Energy Potion"},{"floor":11,"key":"PowerPotion"},{"floor":12,"key":"Venom Potion"},{"floor":16,"key":"Block Potion"},{"floor":18,"key":"Reflective Coating"},{"floor":30,"key":"Adrenaline Potion"},{"floor":31,"key":"Strength Potion"},{"floor":33,"key":"SkillPotion"},{"floor":35,"key":"SpeedPotion"},{"floor":37,"key":"SkillPotion"},{"floor":41,"key":"GamblersBrew"}],"is_trial":false,"path_per_floor":["M","M","?","M","?","R","M","E","T","?","M","M","R","?","R","B",null,"?","?","?","T","T","T","?","T","T","?","NM","T","?","?","T","B",null,"?","T","?","?","AVR","T","E","?","T","T","T","?","?"],"character_chosen":"NECROMANCER","items_purchased":["ReplayTheSpireMod:TigerMarble","Bone_Armory","Negative_Energy_Shield","Death_March_Dance","Summon_Undead_Army","ReplayTheSpireMod:ShopPack","Summon_Lich"],"campfire_rested":1,"item_purchase_floors":[21,21,21,21,22,36,36],"current_hp_per_floor":[74,75,75,75,75,75,74,36,36,36,42,37,37,41,41,21,69,62,64,52,52,52,52,52,52,52,42,55,55,51,44,44,11,69,45,45,25,25,25,25,21,13,13,13,33,7,0,0],"gold":176,"neow_bonus":"NOSTALGIA","is_daily":false,"chose_seed":false,"campfire_upgraded":7,"win_rate":0.0,"timestamp":1608528875,"path_taken":["M","M","?","?","?","R","M","E","T","?","M","M","R","?","R","BOSS","?","?","?","?","T","T","?","T","T","?","NM","T","?","?","T","BOSS","?","T","?","?","AVR","T","E","?","T","?","T","?","?"],"items_purchased_type":["Relic","Card","Card","Card","Card","Relic","Card"],"build_version":"2020-12-13","purchased_purges":1,"victory":false,"max_hp_per_floor":[75,75,75,75,75,75,75,75,75,69,69,69,69,69,69,69,69,69,69,69,69,69,69,69,69,69,69,69,69,69,69,69,69,69,69,69,69,69,69,69,69,69,69,69,69,69,69,69],"card_choices":[{"not_picked":["Blood_Is_Power","Slay_Living"],"picked":"Plague_Bolt","floor":1},{"not_picked":["Blood_Curse","Thousand_Bone_Knives"],"picked":"Bone_Prison","floor":2},{"not_picked":["Mind Blast+1","Good Instincts+1"],"picked":"Dramatic Entrance+1","floor":3},{"not_picked":["Blood_Curse","Bone_Armor"],"picked":"Negative_Energy_Mist","floor":4},{"not_picked":["Spectral_Armor","Consume_Illness"],"picked":"Bone_Armory","floor":7},{"not_picked":["Strike_from_Beyond","Shackles_Of_Pain"],"picked":"Skeleton_Dragon","floor":8},{"not_picked":["Negative_Energy_Sphere","Blood_Shield"],"picked":"Summon_Lich","floor":11},{"not_picked":["Spectral_Armor","Slay_Living"],"picked":"Chill_Blood","floor":12},{"not_picked":["Detonate_Bones","Blood_Wake"],"picked":"Skeleton_Dragon","floor":16},{"not_picked":["Whirlwind_of_Bones","Blood_Whip","Shackles_Of_Pain"],"picked":"SKIP","floor":18},{"not_picked":["Bones_to_Steel","Deaths_Shadow"],"picked":"Negative_Energy_Mist","floor":19},{"not_picked":["Vampiric_Strike","Necromantic_Selection+1"],"picked":"Negative_Energy_Mist","floor":20},{"not_picked":["Bone_Armor+1","Epidemic"],"picked":"Summon_Undead","floor":27},{"not_picked":["Spectral_Walk+1","Plague_Bolt"],"picked":"Shade_Step+1","floor":28},{"not_picked":["Chill_Blood","Bone_Shift"],"picked":"Cloudkill","floor":30},{"not_picked":["Spectral_Armor","Death_Coil"],"picked":"Finger_Of_Death","floor":31},{"not_picked":["Requiem","Negative_Energy_Bomb"],"picked":"Skeleton_Dragon","floor":33},{"not_picked":["Scare+1","Bone_Bullets"],"picked":"Negative_Energy_Sphere+1","floor":35},{"not_picked":["ReplayTheSpireMod:Brewmster","Crow Ritual"],"picked":"Mayhem","floor":36},{"not_picked":["HandOfGreed","Deep Breath"],"picked":"ReplayTheSpireMod:Private Reserves","floor":36},{"not_picked":["ReplayTheSpireMod:Trickstab","theDuelist:OrbMetronome"],"picked":"Chrysalis","floor":36},{"not_picked":["Death_March_Dance+1","Negative_Energy_Sphere"],"picked":"Summon_Undead+1","floor":37},{"not_picked":["Blood_Curse+1","Life_Drain+1"],"picked":"Chill_Blood+1","floor":41},{"not_picked":["Stop_Heart+1","Negative_Energy_Shield"],"picked":"Summon_Lich+1","floor":42},{"not_picked":["Bone_Spikes+1","Death_March_Dance"],"picked":"Grasp_Heart","floor":46}],"player_experience":903478,"relics_obtained":[{"floor":8,"key":"PreservedInsect"},{"floor":9,"key":"Oddly Smooth Stone"},{"floor":28,"key":"White Beast Statue"},{"floor":41,"key":"aspiration:ChemicalBlood"},{"floor":44,"key":"Omamori"}],"event_choices":[{"damage_healed":0,"gold_gain":0,"player_choice":"2","damage_taken":0,"max_hp_gain":0,"max_hp_loss":0,"event_name":"betterMatch:BetterMatch","floor":3,"gold_loss":0,"cards_obtained":["betterMatch:ColorlessUncommonCard"]},{"damage_healed":0,"gold_gain":0,"player_choice":"Lose Max HP","damage_taken":0,"relics_obtained":["Golden Idol"],"max_hp_gain":0,"max_hp_loss":6,"event_name":"Golden Idol","floor":10,"gold_loss":0},{"damage_healed":4,"gold_gain":0,"player_choice":"LEAVE ","damage_taken":0,"relics_obtained":[],"max_hp_gain":0,"max_hp_loss":0,"event_name":"betterSkull:BetterSkull","floor":14,"gold_loss":0,"cards_upgraded":[]},{"cards_removed":["Strike_W"],"damage_healed":0,"gold_gain":0,"player_choice":"Purged","damage_taken":0,"max_hp_gain":0,"max_hp_loss":0,"event_name":"Purifier","floor":24,"gold_loss":0},{"damage_healed":0,"gold_gain":0,"player_choice":"Ignored","damage_taken":0,"max_hp_gain":0,"max_hp_loss":0,"event_name":"OrinTheCat","floor":38,"gold_loss":0}],"is_beta":false,"boss_relics":[{"not_picked":["aspiration:IroncladSkillbook","Replay:Wanted Poster"],"picked":"Painkiller Herb"},{"not_picked":["jedi:battlestandard","halation:HeavySnake"],"picked":"conspire:SlowCooker"}],"items_purged_floors":[39],"is_endless":true,"potions_floor_spawned":[1,2,7,11,12,16,18,20,30,31,33,35,37,41,42,46],"killed_by":"4 Shapes","ascension_level":0}}