{"host":"mqhvlr3kpxebko0t","time":1608519608,"event":{"mods":["AchievementEnabler","BaseMod","Colored Map","Colored Powertips","Keyboard Shortcuts","Minty Spire (QoL Compilation)","StSLib","SuperFastMode"],"gold_per_floor":[109,109,184,199,212,212,222,240,291,304,148,148,7,35,35,108,108,123,123,123,123,143,143,163,176,203,203,203],"floor_reached":27,"playtime":385,"items_purged":["Strike_P","Defend_P"],"score":419,"play_id":"b5fe8f9d-738b-48f5-b455-cc12f5500d79","local_time":"20201221120008","is_ascension_mode":true,"campfire_choices":[{"data":"Eruption","floor":6.0,"key":"SMITH"},{"data":"MentalFortress","floor":12.0,"key":"SMITH"},{"data":"Adaptation","floor":15.0,"key":"SMITH"},{"floor":23,"key":"REST"}],"circlet_count":0,"master_deck":["AscendersBane","Strike_P+1","Strike_P","Strike_P","Defend_P","Defend_P","Defend_P","Eruption+1","Vigilance","CrushJoints+1","EmptyFist","WheelKick","MentalFortress+1","Adaptation+1","Adaptation","MentalFortress+1","DeusExMachina"],"relics":["PureWater","NeowsBlessing","Mercury Hourglass","Bag of Preparation","Whetstone","Busted Crown","Boot"],"acts_visited":["Exordium","TheCity"],"potions_floor_usage":[16,27],"damage_taken":[{"damage":0.0,"enemies":"Cultist","floor":1.0,"turns":1.0},{"damage":0.0,"enemies":"Jaw Worm","floor":4.0,"turns":1.0},{"damage":0.0,"enemies":"Small Slimes","floor":5.0,"turns":1.0},{"damage":8.0,"enemies":"Blue Slaver","floor":7.0,"turns":2.0},{"damage":1.0,"enemies":"Exordium Thugs","floor":8.0,"turns":3.0},{"damage":4.0,"enemies":"2 Fungi Beasts","floor":10.0,"turns":2.0},{"damage":22.0,"enemies":"3 Sentries","floor":14.0,"turns":5.0},{"damage":14,"enemies":"Slime Boss","floor":16,"turns":7},{"damage":22,"enemies":"2 Thieves","floor":18,"turns":4},{"damage":16,"enemies":"Shell Parasite","floor":22,"turns":4},{"damage":28,"enemies":"Centurion and Healer","floor":24,"turns":6},{"damage":0,"enemies":"Cultist and Chosen","floor":25,"turns":4},{"damage":0,"enemies":"3 Cultists","floor":27,"turns":2}],"seed_played":"6287736357868677294","potions_obtained":[{"floor":4.0,"key":"Regen Potion"},{"floor":7.0,"key":"PowerPotion"},{"floor":14.0,"key":"BottledMiracle"},{"floor":24,"key":"SkillPotion"}],"is_trial":false,"path_per_floor":["M","?","?","M","M","R","M","M","T","M","$","R","$","E","R","B",null,"M","?","?","$","M","R","M","M","T","M"],"character_chosen":"WATCHER","items_purchased":["Adaptation","Adaptation"],"campfire_rested":1,"item_purchase_floors":[11,13],"current_hp_per_floor":[61,50,39,39,39,39,31,30,30,26,26,26,26,18,18,4,52,30,30,30,30,14,34,6,6,6,6,6],"gold":203,"neow_bonus":"THREE_ENEMY_KILL","is_daily":false,"chose_seed":false,"campfire_upgraded":3,"win_rate":0.0,"timestamp":1608519608,"path_taken":["M","?","?","?","M","R","M","M","T","M","$","R","$","E","R","BOSS","M","?","?","$","?","R","M","M","T","M"],"items_purchased_type":["Card","Card"],"build_version":"2020-12-13","purchased_purges":2,"victory":false,"max_hp_per_floor":[68,68,68,68,68,68,68,68,68,68,68,68,68,68,68,68,68,68,68,68,68,68,68,68,68,68,68,68],"card_choices":[{"not_picked":["ClearTheMind","EmptyBody"],"picked":"CrushJoints","floor":1.0},{"not_picked":["Evaluate","ThirdEye"],"picked":"EmptyFist","floor":4.0},{"not_picked":["Crescendo","ForeignInfluence","Protect"],"picked":"SKIP","floor":5.0},{"not_picked":["CrushJoints","JustLucky"],"picked":"WheelKick","floor":7.0},{"not_picked":["CutThroughFate","DeusExMachina","Crescendo"],"picked":"SKIP","floor":8.0},{"not_picked":["CutThroughFate","ThirdEye"],"picked":"MentalFortress","floor":10.0},{"not_picked":["FlurryOfBlows","Prostrate"],"picked":"MentalFortress","floor":14.0},{"not_picked":["ConjureBlade","SpiritShield"],"picked":"DeusExMachina","floor":16},{"not_picked":["Worship+1"],"picked":"SKIP","floor":18},{"not_picked":["WheelKick"],"picked":"SKIP","floor":22},{"not_picked":["Crescendo"],"picked":"SKIP","floor":24},{"not_picked":["Protect"],"picked":"SKIP","floor":25}],"player_experience":666647,"relics_obtained":[{"floor":9.0,"key":"Bag of Preparation"},{"floor":14.0,"key":"Whetstone"},{"floor":26,"key":"Boot"}],"event_choices":[{"damage_healed":0.0,"max_hp_gain":0.0,"max_hp_loss":0.0,"gold_gain":0.0,"event_name":"Scrap Ooze","player_choice":"Success","floor":2.0,"gold_loss":0.0,"damage_taken":11.0,"relics_obtained":["Mercury Hourglass"]},{"damage_healed":0.0,"max_hp_gain":0.0,"max_hp_loss":0.0,"gold_gain":75.0,"event_name":"World of Goop","player_choice":"Gather Gold","floor":3.0,"gold_loss":0.0,"damage_taken":11.0},{"damage_healed":0,"gold_gain":0,"player_choice":"Ignored","damage_taken":0,"max_hp_gain":0,"max_hp_loss":0,"event_name":"Vampires","floor":19,"gold_loss":0},{"damage_healed":0,"gold_gain":0,"player_choice":"Upgraded","damage_taken":0,"max_hp_gain":0,"max_hp_loss":0,"event_name":"Upgrade Shrine","floor":20,"gold_loss":0,"cards_upgraded":["MentalFortress"]}],"is_beta":false,"boss_relics":[{"not_picked":["Philosopher\u0027s Stone","Sozu"],"picked":"Busted Crown"}],"items_purged_floors":[11,13],"is_endless":false,"potions_floor_spawned":[4,7,14,24],"killed_by":"3 Cultists","ascension_level":19}}