{"host":"agn8wmerpzfmi70r","time":1608549742,"event":{"mods":["AchievementEnabler","BaseMod","Downfall","Minty Spire (QoL Compilation)","Relic Stats","StSLib"],"gold_per_floor":[99,549,724,758,758,758,758,758,792,792,802,341,351,351,366,464,464,464,278,278,298,316,344,369,400,400,425,425,448,448,59,79,182,182,32,43,77,77,77,77,124,135,135,170,185,201,201,72,84,84],"floor_reached":51,"playtime":3184,"items_purged":["Slimebound:Icky","Doubt"],"score":892,"play_id":"78c2564c-f3e9-4f7b-b6bb-5f8853d4b4b4","local_time":"20201221052222","is_ascension_mode":false,"campfire_choices":[{"data":"Guardian:TwinSlam","floor":1,"key":"SMITH"},{"data":"Guardian:GuardianWhirl","floor":6,"key":"SMITH"},{"data":"Guardian:CurlUp","floor":8,"key":"SMITH"},{"data":"Guardian:Strike_Guardian","floor":10,"key":"SMITH"},{"floor":26,"key":"REST"},{"data":"Guardian:StasisStrike","floor":35,"key":"SMITH"},{"floor":38,"key":"REST"},{"floor":43,"key":"REST"}],"circlet_count":0,"master_deck":["Guardian:Strike_Guardian","Guardian:Strike_Guardian","Guardian:Strike_Guardian","Guardian:Strike_Guardian+1","Guardian:Defend_Guardian","Guardian:Defend_Guardian","Guardian:Defend_Guardian","Guardian:Defend_Guardian","Guardian:CurlUp+1","Guardian:TwinSlam+1","Slimebound:Icky","Guardian:GuardianWhirl+1","Guardian:AncientConstruct+1","Guardian:RevengeProtocol+1","Guardian:Repulse+1","Guardian:ChargeCore","Guardian:StasisStrike+1","Guardian:TimeCapacitor+1","Guardian:SpikerProtocol+1","Guardian:PrismaticBarrier+1","Guardian:RollAttack+1","Guardian:PiercingHide","Guardian:ShieldCharger","Guardian:DecasProtection+1","Guardian:GuardianWhirl","Guardian:ChargeUp+1","Guardian:TimeSifter+1","Guardian:SphericShield","Pain","Guardian:Gem_Red","Guardian:Gem_Purple","Guardian:TimeBomb+1","Guardian:Gem_Fragmented","Guardian:RevengeProtocol+1","Guardian:EvasiveProtocol+1","Guardian:WalkerClaw","Guardian:SentryBeam+1"],"relics":["Guardian:ModeShifterPlus","downfall:HeartsMalice","Regal Pillow","Darkstone Periapt","Frozen Egg 2","PreservedInsect","Guardian:PickAxe","Guardian:StasisSlotReductionRelic","Letter Opener","Dream Catcher","Centennial Puzzle","Lantern","Torii","downfall:HeartBlessingGreen","downfall:HeartBlessingBlue","Bronze Scales","WarpedTongs","Omamori","Orichalcum"],"acts_visited":["Exordium","TheCity","TheBeyond"],"potions_floor_usage":[16,16,25,33,33,45],"damage_taken":[{"damage":0,"enemies":"Gremlin Nob","floor":4,"turns":1},{"damage":0,"enemies":"Small Slimes","floor":5,"turns":1},{"damage":0,"enemies":"Lagavulin","floor":9,"turns":1},{"damage":8,"enemies":"2 Louse","floor":11,"turns":4},{"damage":0,"enemies":"downfall:FleeingMerchant","floor":12,"turns":4},{"damage":7,"enemies":"Jaw Worm","floor":13,"turns":3},{"damage":18,"enemies":"Large Slime","floor":15,"turns":7},{"damage":27,"enemies":"downfall:Ironclad","floor":16,"turns":5},{"damage":10,"enemies":"downfall:FleeingMerchant","floor":19,"turns":4},{"damage":5,"enemies":"3 Byrds","floor":21,"turns":5},{"damage":10,"enemies":"Chosen","floor":22,"turns":5},{"damage":12,"enemies":"Book of Stabbing","floor":23,"turns":4},{"damage":0,"enemies":"Gremlin Leader","floor":25,"turns":5},{"damage":38,"enemies":"Slavers","floor":27,"turns":4},{"damage":6,"enemies":"downfall:FleeingMerchant","floor":31,"turns":4},{"damage":2,"enemies":"Shelled Parasite and Fungi","floor":32,"turns":4},{"damage":17,"enemies":"downfall:Defect","floor":33,"turns":9},{"damage":10,"enemies":"Orb Walker","floor":36,"turns":5},{"damage":64,"enemies":"Giant Head","floor":37,"turns":9},{"damage":8,"enemies":"3 Darklings","floor":42,"turns":3},{"damage":37,"enemies":"Nemesis","floor":44,"turns":7},{"damage":25,"enemies":"Maw","floor":45,"turns":8},{"damage":87,"enemies":"Transient","floor":46,"turns":5},{"damage":4,"enemies":"downfall:FleeingMerchant","floor":48,"turns":4},{"damage":9,"enemies":"3 Darklings","floor":49,"turns":4},{"damage":46,"enemies":"downfall:Watcher","floor":50,"turns":9}],"seed_played":"-702562989408713140","potions_obtained":[{"floor":11,"key":"Explosive Potion"},{"floor":13,"key":"SteroidPotion"},{"floor":15,"key":"FairyPotion"},{"floor":21,"key":"Energy Potion"},{"floor":23,"key":"Swift Potion"},{"floor":32,"key":"hexamod:EctoCoolerPotion"},{"floor":44,"key":"Weak Potion"},{"floor":49,"key":"LiquidMemories"}],"is_trial":false,"path_per_floor":["R","?","?","E","M","R","T","R","E","R","M","$","M","?","M","B",null,"R","$","R","M","M","E","T","E","R","E","?","T","?","$","M","B",null,"R","M","E","R","?","?","T","M","R","E","M","M","?","$","M","B",null],"character_chosen":"GUARDIAN","items_purchased":["Guardian:Repulse+1","PreservedInsect","Guardian:PickAxe","Guardian:SpikerProtocol+1","Torii","Guardian:GuardianWhirl","Guardian:EvasiveProtocol+1","Guardian:WalkerClaw"],"campfire_rested":3,"item_purchase_floors":[12,12,12,19,31,31,48,48],"current_hp_per_floor":[80,80,80,80,80,80,80,80,80,80,72,72,65,80,62,35,80,80,70,70,65,55,43,43,43,80,42,42,42,42,36,34,17,80,90,80,16,58,58,64,64,56,96,59,34,9,96,92,83,37],"gold":84,"neow_bonus":"THREE_ENEMY_KILL","is_daily":false,"chose_seed":false,"campfire_upgraded":5,"win_rate":0.0,"timestamp":1608549742,"path_taken":["R","?","?","E","M","R","T","R","E","R","M","?","M","?","M","BOSS","R","$","R","M","M","E","T","E","R","E","?","?","?","$","M","BOSS","R","M","E","R","?","?","T","?","R","E","M","M","?","$","M","BOSS"],"items_purchased_type":["Card","Relic","Relic","Card","Relic","Card","Card","Card"],"build_version":"2020-12-13","purchased_purges":2,"victory":true,"max_hp_per_floor":[80,80,80,80,80,80,80,80,80,80,80,80,80,80,80,80,80,80,80,80,80,80,80,80,80,80,80,80,80,80,80,80,80,80,90,90,90,90,90,96,96,96,96,96,96,96,96,96,96,96],"relic_stats":{"Darkstone Periapt":6,"Regal Pillow":40,"Dream Catcher":3,"Centennial Puzzle":[36],"Torii":36,"counters":[26,120],"Bronze Scales":[136],"PreservedInsect":363,"Letter Opener":[117],"Orichalcum":[6],"obtain_stats":[{"Darkstone Periapt":7,"Regal Pillow":4,"Guardian:StasisSlotReductionRelic":17,"Lantern":29,"Torii":31,"Guardian:ModeShifterPlus":34,"Guardian:ModeShifter":0,"downfall:HeartsMalice":0,"downfall:HeartBlessingGreen":35,"PreservedInsect":12,"Omamori":41,"Letter Opener":23,"Frozen Egg 2":9,"Orichalcum":44,"WarpedTongs":40,"Guardian:PickAxe":12,"Dream Catcher":25,"Centennial Puzzle":27,"downfall:HeartBlessingBlue":35,"Bronze Scales":37},{"Darkstone Periapt":2,"Regal Pillow":1,"Guardian:StasisSlotReductionRelic":8,"Lantern":14,"Torii":15,"Guardian:ModeShifterPlus":17,"Guardian:ModeShifter":0,"downfall:HeartsMalice":0,"downfall:HeartBlessingGreen":17,"PreservedInsect":5,"Omamori":19,"Letter Opener":12,"Frozen Egg 2":3,"Orichalcum":21,"WarpedTongs":19,"Guardian:PickAxe":5,"Dream Catcher":13,"Centennial Puzzle":14,"downfall:HeartBlessingBlue":17,"Bronze Scales":19},{"Darkstone Periapt":0,"Regal Pillow":0,"Guardian:StasisSlotReductionRelic":23,"Lantern":50,"Torii":54,"Guardian:ModeShifterPlus":67,"Guardian:ModeShifter":0,"downfall:HeartsMalice":0,"downfall:HeartBlessingGreen":67,"PreservedInsect":8,"Omamori":81,"Letter Opener":41,"Frozen Egg 2":0,"Orichalcum":91,"WarpedTongs":81,"Guardian:PickAxe":8,"Dream Catcher":46,"Centennial Puzzle":50,"downfall:HeartBlessingBlue":67,"Bronze Scales":81}],"WarpedTongs":[36]},"card_choices":[{"not_picked":["Guardian:Gem_Cyan","Guardian:Gem_Lightblue"],"picked":"Guardian:Gem_Fragmented","floor":4},{"not_picked":["Guardian:SentryBeam","Guardian:Incinerate"],"picked":"Guardian:GuardianWhirl","floor":5},{"not_picked":["Guardian:Incinerate","Guardian:TimeSifter+1"],"picked":"Guardian:AncientConstruct+1","floor":9},{"not_picked":["Guardian:Preprogram","Guardian:Gem_Cyan"],"picked":"Guardian:Gem_Red","floor":11},{"not_picked":["Guardian:Gem_Cyan","Guardian:Incinerate"],"picked":"Guardian:RevengeProtocol+1","floor":12},{"not_picked":["Guardian:Preprogram","Guardian:Reroute","Guardian:TemporalStrike"],"picked":"SKIP","floor":13},{"not_picked":["Guardian:Recover","Guardian:TimeCapacitor+1"],"picked":"Guardian:ChargeCore","floor":15},{"not_picked":["Guardian:Gem_Synthetic","Guardian:ExploitGems"],"picked":"Guardian:StasisStrike","floor":16},{"not_picked":["Guardian:BronzeOrb","Guardian:ChargeCore"],"picked":"Guardian:TimeCapacitor+1","floor":19},{"not_picked":["Guardian:PolyBeam","Guardian:SpikerProtocol+1"],"picked":"Guardian:PrismaticBarrier+1","floor":21},{"not_picked":["Guardian:SentryBeam+1","Guardian:Gem_Cyan","Guardian:TemporalShield"],"picked":"SKIP","floor":22},{"not_picked":["Guardian:Repulse+1","Guardian:RevengeProtocol+1","Guardian:Incinerate+1"],"picked":"SKIP","floor":23},{"not_picked":["Guardian:PrimingBeam","Guardian:Gem_Cyan"],"picked":"Guardian:RollAttack+1","floor":25},{"not_picked":["Guardian:Planning","Guardian:WalkerClaw"],"picked":"Guardian:PiercingHide","floor":26},{"not_picked":["Guardian:ChargeCore","Guardian:TemporalShield+1"],"picked":"Guardian:ShieldCharger","floor":27},{"not_picked":["Guardian:MultiBeam+1","Guardian:Gem_Green"],"picked":"Guardian:DecasProtection+1","floor":31},{"not_picked":["Guardian:ShieldSpikes","Guardian:PrimingBeam"],"picked":"Guardian:ChargeUp+1","floor":32},{"not_picked":["Guardian:Gem_Synthetic","Guardian:StasisStrike"],"picked":"Guardian:TimeSifter+1","floor":33},{"not_picked":["Guardian:ShieldCharger+1","Guardian:PrimingBeam"],"picked":"Guardian:Gem_Cyan","floor":36},{"not_picked":["Guardian:Gem_White","Guardian:DecasProtection"],"picked":"Guardian:Gem_Red","floor":37},{"not_picked":["Guardian:Gem_White","Guardian:PolyBeam+1"],"picked":"Guardian:SphericShield","floor":38},{"not_picked":["Guardian:TimeCapacitor+1","Guardian:DecasProtection"],"picked":"Guardian:Gem_Red","floor":42},{"not_picked":["Guardian:ChargeCore+1","Guardian:Gem_Lightblue"],"picked":"Guardian:Gem_Purple","floor":43},{"not_picked":["Guardian:Gem_Lightblue","Guardian:Planning"],"picked":"Guardian:TimeBomb+1","floor":44},{"not_picked":["Guardian:ShieldCharger","Guardian:RollAttack","Guardian:ChargeCore+1"],"picked":"SKIP","floor":45},{"not_picked":["Guardian:ChargeCore","Guardian:Suspension"],"picked":"Guardian:Gem_Fragmented","floor":46},{"not_picked":["Guardian:Gem_Synthetic","Guardian:Gem_Green"],"picked":"Guardian:RevengeProtocol+1","floor":48},{"not_picked":["Guardian:TemporalShield+1","Guardian:WalkerClaw+1"],"picked":"Guardian:SentryBeam+1","floor":49}],"player_experience":66978,"relics_obtained":[{"floor":4,"key":"Regal Pillow"},{"floor":7,"key":"Darkstone Periapt"},{"floor":9,"key":"Frozen Egg 2"},{"floor":23,"key":"Letter Opener"},{"floor":25,"key":"Dream Catcher"},{"floor":27,"key":"Centennial Puzzle"},{"floor":29,"key":"Lantern"},{"floor":37,"key":"Bronze Scales"},{"floor":41,"key":"Omamori"},{"floor":44,"key":"Orichalcum"}],"event_choices":[{"damage_healed":26,"gold_gain":0,"player_choice":"Banana","damage_taken":0,"max_hp_gain":0,"max_hp_loss":0,"event_name":"Big Fish","floor":14,"gold_loss":0}],"is_beta":false,"boss_relics":[{"not_picked":["Snecko Eye","Calling Bell"],"picked":"Guardian:StasisSlotReductionRelic"},{"not_picked":["Velvet Choker","Runic Dome"],"picked":"Guardian:ModeShifterPlus"}],"items_purged_floors":[12,19],"is_endless":false,"potions_floor_spawned":[11,13,15,21,23,32,44,49],"ascension_level":0}}