{"host":"t7mx8yfj1no5p62f","time":1608578034,"event":{"mods":["BaseMod","Colored Map","Colored Powertips","Minty Spire (QoL Compilation)","Relic Stats","StSLib"],"gold_per_floor":[117,137,194,207,220,250,250,281,281,281,0,25,25,25,25,102,102,112,126,141,191,204,232,232,263,263,63,392,392,419,454,454,527,527,544,591,602,614,314,349,391,420,472,502,520,548,548,598,598,598,598,598,598,6,36,36],"floor_reached":57,"playtime":2430,"items_purged":["Strike_R","Strike_R","Strike_R"],"score":3817,"play_id":"5b90f892-ece2-46ed-a130-cf3ff6197f9e","local_time":"20201221141354","is_ascension_mode":true,"campfire_choices":[{"data":"Armaments","floor":7.0,"key":"SMITH"},{"data":"True Grit","floor":10.0,"key":"SMITH"},{"data":"Carnage","floor":13.0,"key":"SMITH"},{"data":"Demon Form","floor":15.0,"key":"SMITH"},{"data":"Immolate","floor":24,"key":"SMITH"},{"data":"Shockwave","floor":29,"key":"SMITH"},{"data":"Strike_R","floor":32,"key":"PURGE"},{"floor":49,"key":"RECALL"},{"data":"Disarm","floor":53,"key":"SMITH"}],"circlet_count":0,"master_deck":["AscendersBane","Strike_R","Defend_R","Defend_R","Defend_R","Defend_R","Bash+1","Carnage+1","Heavy Blade+1","Shrug It Off","Armaments+1","Shockwave+1","True Grit+1","Demon Form+1","Shrug It Off","Double Tap+1","Corruption","CurseOfTheBell","Immolate+1","Second Wind","Barricade","Disarm+1","Shrug It Off+1","Armaments+1","Sword Boomerang","Disarm","Body Slam+1","True Grit+1","Dark Embrace","Double Tap","Heavy Blade"],"relics":["Snecko Eye","Lantern","Bag of Marbles","Pantograph","Membership Card","FossilizedHelix","Calling Bell","Potion Belt","StrikeDummy","Pocketwatch","Nunchaku","Shuriken","MealTicket","Toolbox","Old Coin","Red Mask","Peace Pipe","Coffee Dripper","StoneCalendar","Strawberry","Lee\u0027s Waffle","Bronze Scales","Ornamental Fan","Self Forming Clay","Art of War","Toy Ornithopter","The Courier","Kunai","Bottled Tornado","Thread and Needle","Whetstone","HornCleat"],"acts_visited":["Exordium","TheCity","TheBeyond","TheEnding"],"potions_floor_usage":[25,28,33,36,44,48,55,56],"damage_taken":[{"damage":7.0,"enemies":"Cultist","floor":1.0,"turns":4.0},{"damage":7.0,"enemies":"Jaw Worm","floor":2.0,"turns":3.0},{"damage":0.0,"enemies":"Small Slimes","floor":4.0,"turns":3.0},{"damage":0.0,"enemies":"Blue Slaver","floor":5.0,"turns":2.0},{"damage":6.0,"enemies":"Gremlin Nob","floor":6.0,"turns":3.0},{"damage":9.0,"enemies":"Lagavulin","floor":8.0,"turns":4.0},{"damage":5.0,"enemies":"3 Sentries","floor":12.0,"turns":4.0},{"damage":0.0,"enemies":"Slime Boss","floor":16.0,"turns":5.0},{"damage":0,"enemies":"2 Thieves","floor":18,"turns":4},{"damage":0,"enemies":"3 Byrds","floor":19,"turns":5},{"damage":0,"enemies":"Sentry and Sphere","floor":20,"turns":3},{"damage":0,"enemies":"Centurion and Healer","floor":22,"turns":4},{"damage":0,"enemies":"Gremlin Leader","floor":23,"turns":4},{"damage":0,"enemies":"Book of Stabbing","floor":25,"turns":2},{"damage":0,"enemies":"Slavers","floor":28,"turns":4},{"damage":0,"enemies":"Masked Bandits","floor":30,"turns":1},{"damage":0,"enemies":"Gremlin Leader","floor":31,"turns":1},{"damage":0,"enemies":"Collector","floor":33,"turns":6},{"damage":0,"enemies":"3 Shapes","floor":35,"turns":2},{"damage":0,"enemies":"2 Orb Walkers","floor":36,"turns":4},{"damage":0,"enemies":"3 Darklings","floor":37,"turns":2},{"damage":6,"enemies":"Writhing Mass","floor":38,"turns":5},{"damage":0,"enemies":"Nemesis","floor":40,"turns":5},{"damage":0,"enemies":"Spire Growth","floor":41,"turns":5},{"damage":45,"enemies":"Reptomancer","floor":42,"turns":4},{"damage":0,"enemies":"Giant Head","floor":44,"turns":5},{"damage":0,"enemies":"Maw","floor":45,"turns":6},{"damage":4,"enemies":"Nemesis","floor":46,"turns":5},{"damage":11,"enemies":"Reptomancer","floor":48,"turns":4},{"damage":0,"enemies":"Time Eater","floor":50,"turns":10},{"damage":19,"enemies":"Awakened One","floor":51,"turns":8},{"damage":8,"enemies":"Shield and Spear","floor":55,"turns":4},{"damage":30,"enemies":"The Heart","floor":56,"turns":9}],"seed_played":"6721129328069539445","potions_obtained":[{"floor":4.0,"key":"Energy Potion"},{"floor":5.0,"key":"BloodPotion"},{"floor":16.0,"key":"Energy Potion"},{"floor":20,"key":"SneckoOil"},{"floor":23,"key":"SneckoOil"},{"floor":25,"key":"SkillPotion"},{"floor":33,"key":"AttackPotion"},{"floor":35,"key":"Weak Potion"},{"floor":36,"key":"Dexterity Potion"},{"floor":44,"key":"BlessingOfTheForge"},{"floor":48,"key":"Energy Potion"},{"floor":55,"key":"ElixirPotion"}],"is_trial":false,"path_per_floor":["M","M","?","M","M","E","R","E","T","R","$","E","R","?","R","B",null,"M","M","M","?","M","E","R","E","T","$","E","R","?","E","R","B",null,"M","?","M","M","$","E","M","E","T","E","M","E","?","E","R","B","B",null,"R","$","E","B",null],"character_chosen":"IRONCLAD","items_purchased":["Membership Card","Demon Form","Shrug It Off","Barricade","Toolbox","Strawberry","Lee\u0027s Waffle","Bronze Scales","Kunai","Dark Embrace","Bottled Tornado","AttackPotion","Double Tap","Thread and Needle","Whetstone"],"campfire_rested":0,"item_purchase_floors":[11,11,11,27,27,39,39,39,54,54,54,54,54,54,54],"current_hp_per_floor":[61,54,54,54,54,48,48,39,39,39,39,34,34,11,11,36,65,65,65,65,65,65,65,65,65,65,75,75,75,75,75,75,75,75,75,75,75,69,89,89,89,44,44,61,61,57,57,51,51,76,66,80,80,85,77,60],"gold":36,"neow_bonus":"BOSS_RELIC","is_daily":false,"chose_seed":false,"campfire_upgraded":7,"win_rate":0.0,"timestamp":1608578034,"path_taken":["M","?","?","M","M","E","R","E","T","R","$","E","R","?","R","BOSS","M","M","M","?","M","E","R","E","T","$","E","R","?","E","R","BOSS","M","?","M","M","$","E","M","E","T","E","M","E","?","E","R","BOSS","BOSS","R","$","E","BOSS"],"items_purchased_type":["Relic","Card","Card","Card","Relic","Relic","Relic","Relic","Relic","Card","Relic","Potion","Card","Relic","Relic"],"build_version":"2020-12-13","purchased_purges":3,"victory":true,"max_hp_per_floor":[75,75,75,75,75,75,75,75,75,75,75,75,75,75,75,75,75,75,75,75,75,75,75,75,75,75,75,75,75,75,75,75,75,75,75,75,75,75,89,89,89,89,89,89,89,89,85,85,85,85,85,85,85,85,85,85],"relic_stats":{"Lee\u0027s Waffle":7,"counters":[33,140],"Self Forming Clay":[30],"StoneCalendar":[104],"Whetstone":["Body Slam","Bash"],"Peace Pipe":1,"Nunchaku":[13],"Shuriken":[16],"Ornamental Fan":[40],"Pantograph":67,"Bronze Scales":[296],"Snecko Eye":[265,268,239,295],"MealTicket":21,"Art of War":[13],"Kunai":[3],"obtain_stats":[{"Lantern":6,"StoneCalendar":36,"Whetstone":54,"Bottled Tornado":54,"Burning Blood":0,"Old Coin":28,"Nunchaku":23,"HornCleat":55,"Pantograph":9,"Strawberry":39,"Toolbox":27,"MealTicket":26,"Red Mask":30,"Kunai":54,"Potion Belt":17,"Lee\u0027s Waffle":39,"Self Forming Clay":42,"Thread and Needle":54,"The Courier":48,"Calling Bell":17,"Peace Pipe":31,"Shuriken":25,"Ornamental Fan":40,"Bronze Scales":39,"Snecko Eye":0,"Bag of Marbles":8,"Coffee Dripper":34,"Art of War":44,"Membership Card":11,"StrikeDummy":17,"FossilizedHelix":12,"Toy Ornithopter":46,"Pocketwatch":17},{"Lantern":5,"StoneCalendar":20,"Whetstone":31,"Bottled Tornado":31,"Burning Blood":0,"Old Coin":15,"Nunchaku":13,"HornCleat":32,"Pantograph":6,"Strawberry":22,"Toolbox":14,"MealTicket":14,"Red Mask":16,"Kunai":31,"Potion Belt":8,"Lee\u0027s Waffle":22,"Self Forming Clay":25,"Thread and Needle":31,"The Courier":29,"Calling Bell":8,"Peace Pipe":17,"Shuriken":14,"Ornamental Fan":23,"Bronze Scales":22,"Snecko Eye":0,"Bag of Marbles":6,"Coffee Dripper":18,"Art of War":26,"Membership Card":6,"StrikeDummy":8,"FossilizedHelix":7,"Toy Ornithopter":28,"Pocketwatch":8},{"Lantern":15,"StoneCalendar":68,"Whetstone":127,"Bottled Tornado":127,"Burning Blood":0,"Old Coin":54,"Nunchaku":48,"HornCleat":131,"Pantograph":19,"Strawberry":75,"Toolbox":50,"MealTicket":50,"Red Mask":55,"Kunai":127,"Potion Belt":28,"Lee\u0027s Waffle":75,"Self Forming Clay":89,"Thread and Needle":127,"The Courier":109,"Calling Bell":28,"Peace Pipe":56,"Shuriken":50,"Ornamental Fan":80,"Bronze Scales":75,"Snecko Eye":0,"Bag of Marbles":19,"Coffee Dripper":62,"Art of War":94,"Membership Card":19,"StrikeDummy":28,"FossilizedHelix":23,"Toy Ornithopter":105,"Pocketwatch":28}],"Toy Ornithopter":10,"Pocketwatch":[91]},"card_choices":[{"not_picked":["Sword Boomerang","Anger"],"picked":"Carnage","floor":1.0},{"not_picked":["Twin Strike","True Grit"],"picked":"Heavy Blade","floor":2.0},{"not_picked":["Body Slam","Seeing Red"],"picked":"Shrug It Off","floor":4.0},{"not_picked":["True Grit","Thunderclap"],"picked":"Armaments","floor":5.0},{"not_picked":["Clothesline","Flex"],"picked":"Shockwave","floor":6.0},{"not_picked":["Metallicize","Flex"],"picked":"True Grit","floor":8.0},{"not_picked":["Pommel Strike","True Grit"],"picked":"Double Tap","floor":12.0},{"not_picked":["Limit Break","Double Tap"],"picked":"Corruption","floor":16.0},{"not_picked":["Body Slam","Perfected Strike+1","Shrug It Off"],"picked":"SKIP","floor":18},{"not_picked":["Havoc","Shrug It Off"],"picked":"Immolate","floor":19},{"not_picked":["Metallicize","Flex"],"picked":"Second Wind","floor":20},{"not_picked":["Pommel Strike","Armaments","Headbutt"],"picked":"SKIP","floor":22},{"not_picked":["Havoc","Heavy Blade","Limit Break"],"picked":"SKIP","floor":23},{"not_picked":["Pommel Strike","Cleave","Combust"],"picked":"SKIP","floor":25},{"not_picked":["Body Slam","Havoc"],"picked":"Disarm","floor":28},{"not_picked":["Iron Wave","Evolve","Twin Strike"],"picked":"SKIP","floor":31},{"not_picked":["Headbutt","True Grit","Sword Boomerang"],"picked":"SKIP","floor":35},{"not_picked":["Warcry","Shockwave"],"picked":"Shrug It Off+1","floor":37},{"not_picked":["Armaments+1","Anger","Sword Boomerang"],"picked":"SKIP","floor":38},{"not_picked":["Headbutt+1","Inflame","Shrug It Off"],"picked":"SKIP","floor":40},{"not_picked":["Intimidate","Reckless Charge+1"],"picked":"Armaments+1","floor":41},{"not_picked":["Pommel Strike","Wild Strike"],"picked":"Sword Boomerang","floor":42},{"not_picked":["Dual Wield","Pummel+1","Battle Trance+1"],"picked":"SKIP","floor":44},{"not_picked":["Searing Blow","True Grit"],"picked":"Disarm","floor":45},{"not_picked":["Headbutt+1","Heavy Blade"],"picked":"Body Slam","floor":46},{"not_picked":["Shrug It Off","Blood for Blood"],"picked":"True Grit+1","floor":48},{"not_picked":["Sword Boomerang","Perfected Strike"],"picked":"Heavy Blade","floor":55}],"player_experience":1576915,"relics_obtained":[{"floor":6.0,"key":"Lantern"},{"floor":8.0,"key":"Bag of Marbles"},{"floor":9.0,"key":"Pantograph"},{"floor":12.0,"key":"FossilizedHelix"},{"floor":17.0,"key":"Potion Belt"},{"floor":17.0,"key":"StrikeDummy"},{"floor":17.0,"key":"Pocketwatch"},{"floor":23,"key":"Nunchaku"},{"floor":25,"key":"Shuriken"},{"floor":26,"key":"MealTicket"},{"floor":28,"key":"Old Coin"},{"floor":30,"key":"Red Mask"},{"floor":31,"key":"Peace Pipe"},{"floor":36,"key":"StoneCalendar"},{"floor":40,"key":"Ornamental Fan"},{"floor":42,"key":"Self Forming Clay"},{"floor":44,"key":"Art of War"},{"floor":46,"key":"Toy Ornithopter"},{"floor":48,"key":"The Courier"},{"floor":55,"key":"HornCleat"}],"event_choices":[{"damage_healed":0.0,"max_hp_gain":0.0,"max_hp_loss":0.0,"gold_gain":57.0,"event_name":"Golden Wing","player_choice":"Gained Gold","floor":3.0,"gold_loss":0.0,"damage_taken":0.0},{"damage_healed":0.0,"max_hp_gain":0.0,"max_hp_loss":0.0,"gold_gain":0.0,"event_name":"Shining Light","player_choice":"Entered Light","floor":14.0,"gold_loss":0.0,"damage_taken":23.0,"cards_upgraded":["Heavy Blade","Double Tap"]},{"damage_healed":0,"gold_gain":50,"player_choice":"Stole From Cult","damage_taken":0,"max_hp_gain":0,"max_hp_loss":0,"event_name":"Nest","floor":21,"gold_loss":0},{"damage_healed":0,"gold_gain":0,"player_choice":"Fought Bandits","damage_taken":0,"max_hp_gain":0,"max_hp_loss":0,"event_name":"Masked Bandits","floor":30,"gold_loss":0},{"damage_healed":0,"gold_gain":0,"player_choice":"Fight","damage_taken":0,"max_hp_gain":0,"max_hp_loss":0,"event_name":"Mysterious Sphere","floor":36,"gold_loss":0},{"damage_healed":0,"gold_gain":0,"player_choice":"Max HP","damage_taken":0,"max_hp_gain":0,"max_hp_loss":4,"event_name":"Winding Halls","floor":47,"gold_loss":0}],"is_beta":false,"boss_relics":[{"not_picked":["Runic Dome","Sozu"],"picked":"Calling Bell"},{"not_picked":["Astrolabe","Runic Pyramid"],"picked":"Coffee Dripper"}],"items_purged_floors":[27,39,54],"is_endless":false,"potions_floor_spawned":[4,5,16,20,23,25,33,35,36,44,48,55],"ascension_level":20}}