{"host":"6jcxerjfmuawfds2","time":1608542705,"event":{"mods":["BaseMod","Colored Map","Lobotomy","Minty Spire (QoL Compilation)","StSLib"],"gold_per_floor":[114,114,39,54,54,54,77,77,77],"floor_reached":8,"playtime":117,"items_purged":["Defend_R"],"score":46,"play_id":"46b2d4f4-9067-4cf3-bd9e-979e20781973","local_time":"20201221182505","is_ascension_mode":false,"campfire_choices":[{"data":"Clash","floor":6,"key":"SMITH"}],"circlet_count":0,"master_deck":["Strike_R","Strike_R","Strike_R","Strike_R","Strike_R","Defend_R+1","Defend_R+1","Defend_R","Bash","VoidDream","Clash+1","Wellcheers","PunishingBird","Clash"],"relics":["Burning Blood","CogitoBucket","Golden Idol"],"acts_visited":["Exordium"],"potions_floor_usage":[],"damage_taken":[{"damage":8,"enemies":"2 Louse","floor":1,"turns":3},{"damage":0,"enemies":"Small Slimes","floor":4,"turns":2},{"damage":0,"enemies":"Cultist","floor":7,"turns":3},{"damage":100,"enemies":"Lagavulin","floor":8,"turns":1}],"seed_played":"1225436890913324775","potions_obtained":[],"is_trial":false,"path_per_floor":["M","?","$","M","?","R","M","E"],"character_chosen":"IRONCLAD","items_purchased":[],"campfire_rested":0,"item_purchase_floors":[],"current_hp_per_floor":[78,58,58,64,48,48,57,0,0],"gold":77,"neow_bonus":"","is_daily":false,"chose_seed":false,"campfire_upgraded":1,"win_rate":0.0,"timestamp":1608542705,"path_taken":["M","?","$","M","?","R","M","E"],"items_purchased_type":[],"build_version":"2020-12-13","purchased_purges":1,"victory":false,"max_hp_per_floor":[80,80,80,80,80,80,80,80,80],"card_choices":[{"not_picked":["WallGazer","PunishingBird"],"picked":"VoidDream","floor":1},{"not_picked":["Heavy Blade","Ghostly Armor"],"picked":"Clash","floor":1},{"not_picked":["DreamingCurrent","Rudolta"],"picked":"Wellcheers","floor":4},{"not_picked":["Hemokinesis","Anger","Carnage"],"picked":"SKIP","floor":4},{"not_picked":["WallGazer","ShyLook"],"picked":"PunishingBird","floor":7},{"not_picked":["Intimidate","Headbutt"],"picked":"Clash","floor":7}],"player_experience":175503,"relics_obtained":[],"event_choices":[{"damage_healed":0,"gold_gain":0,"player_choice":"Take Damage","damage_taken":20,"relics_obtained":["Golden Idol"],"max_hp_gain":0,"max_hp_loss":0,"event_name":"Golden Idol","floor":2,"gold_loss":0},{"damage_healed":0,"gold_gain":0,"player_choice":"Entered Light","damage_taken":16,"max_hp_gain":0,"max_hp_loss":0,"event_name":"Shining Light","floor":5,"gold_loss":0,"cards_upgraded":["Defend_R","Defend_R"]}],"is_beta":false,"boss_relics":[],"items_purged_floors":[3],"is_endless":false,"potions_floor_spawned":[],"killed_by":"Lagavulin","ascension_level":0}}