{"host":"s94qw0zkfz86dnmr","time":1608567637,"event":{"mods":["AchievementEnabler","BaseMod","Highlight Path","Minty Spire (QoL Compilation)"],"gold_per_floor":[116,19,19,19,36,36,69,69,69,69,83,109,109,14,14,114,114,130,130,130,229,246,274,174,174,174,190,205,205,205],"floor_reached":29,"playtime":839,"items_purged":["Defend_R","Berserk"],"score":315,"play_id":"6a1cab33-0a35-42d0-8fea-4a8c03005893","local_time":"20201221172037","is_ascension_mode":true,"campfire_choices":[{"data":"Spot Weakness","floor":6.0,"key":"SMITH"},{"data":"Spot Weakness","floor":13.0,"key":"SMITH"},{"data":"Bash","floor":15.0,"key":"SMITH"},{"floor":25,"key":"REST"}],"circlet_count":0,"master_deck":["Strike_R+1","Strike_R","Strike_R","Strike_R","Strike_R","Defend_R","Defend_R","Defend_R","Bash+1","Spot Weakness+1","Flex+1","Berserk+1","Spot Weakness+1","Flash of Steel","Shrug It Off+1","Demon Form","Sword Boomerang","Regret","Whirlwind+1"],"relics":["Burning Blood","NeowsBlessing","Singing Bowl","Juzu Bracelet","Self Forming Clay","Turnip","Cursed Key","Bag of Preparation"],"acts_visited":["Exordium","TheCity"],"potions_floor_usage":[],"damage_taken":[{"damage":0.0,"enemies":"Cultist","floor":1.0,"turns":1.0},{"damage":0.0,"enemies":"Small Slimes","floor":5.0,"turns":1.0},{"damage":0.0,"enemies":"Lagavulin","floor":7.0,"turns":2.0},{"damage":9.0,"enemies":"2 Louse","floor":11.0,"turns":3.0},{"damage":29.0,"enemies":"Gremlin Nob","floor":12.0,"turns":4.0},{"damage":26.0,"enemies":"Slime Boss","floor":16.0,"turns":6.0},{"damage":17.0,"enemies":"2 Thieves","floor":18.0,"turns":4.0},{"damage":27.0,"enemies":"Spheric Guardian","floor":22.0,"turns":6.0},{"damage":22.0,"enemies":"Gremlin Leader","floor":23.0,"turns":5.0},{"damage":28,"enemies":"Centurion and Healer","floor":27,"turns":6},{"damage":20,"enemies":"Snecko","floor":28,"turns":6},{"damage":21,"enemies":"Book of Stabbing","floor":29,"turns":2}],"seed_played":"4529996558691344272","potions_obtained":[{"floor":1.0,"key":"Strength Potion"},{"floor":11.0,"key":"BlessingOfTheForge"},{"floor":12.0,"key":"Block Potion"},{"floor":18.0,"key":"Swift Potion"},{"floor":22.0,"key":"CultistPotion"}],"is_trial":false,"path_per_floor":["M","$","$","?","M","R","E","?","T","?","M","E","R","$","R","B",null,"M","?","?","?","M","E","$","R","T","M","M","E"],"character_chosen":"IRONCLAD","items_purchased":["Flex","Flash of Steel"],"campfire_rested":1,"item_purchase_floors":[2,14],"current_hp_per_floor":[80,80,80,80,82,82,82,82,82,66,65,42,42,42,42,22,84,73,73,57,57,36,22,22,49,49,29,15,0,0],"gold":205,"neow_bonus":"THREE_ENEMY_KILL","is_daily":false,"chose_seed":false,"campfire_upgraded":3,"win_rate":0.0,"timestamp":1608567637,"path_taken":["M","?","$","?","M","R","E","?","T","?","M","E","R","$","R","BOSS","M","?","?","?","M","E","$","R","T","M","M","E"],"items_purchased_type":["Card","Card"],"build_version":"2020-12-13","purchased_purges":2,"victory":false,"max_hp_per_floor":[80,80,80,80,82,82,82,82,82,82,84,84,84,84,84,84,84,84,84,89,89,89,91,91,91,91,93,93,93,93],"card_choices":[{"not_picked":["Wild Strike","Thunderclap"],"picked":"Spot Weakness","floor":1.0},{"not_picked":["Heavy Blade","Havoc","Twin Strike"],"picked":"Singing Bowl","floor":5.0},{"not_picked":["Carnage","Rage"],"picked":"Berserk","floor":7.0},{"not_picked":["Twin Strike","Dual Wield","Whirlwind"],"picked":"Singing Bowl","floor":11.0},{"not_picked":["Cleave","Wild Strike"],"picked":"Spot Weakness","floor":12.0},{"not_picked":["Reaper","Offering"],"picked":"Berserk","floor":16.0},{"not_picked":["Carnage","Cleave"],"picked":"Shrug It Off+1","floor":18.0},{"not_picked":["Carnage","Body Slam+1"],"picked":"Sword Boomerang","floor":22.0},{"not_picked":["Thunderclap","Dual Wield","Clash"],"picked":"Singing Bowl","floor":23.0},{"not_picked":["Anger","Burning Pact","Bloodletting"],"picked":"Singing Bowl","floor":27},{"not_picked":["Flex","Clothesline"],"picked":"Whirlwind+1","floor":28}],"player_experience":263335,"relics_obtained":[{"floor":7.0,"key":"Juzu Bracelet"},{"floor":9.0,"key":"Self Forming Clay"},{"floor":12.0,"key":"Turnip"},{"floor":23.0,"key":"Bag of Preparation"}],"event_choices":[{"damage_healed":0.0,"max_hp_gain":0.0,"max_hp_loss":0.0,"gold_gain":0.0,"event_name":"WeMeetAgain","player_choice":"Gave Potion","floor":4.0,"gold_loss":0.0,"damage_taken":0.0,"relics_obtained":["Singing Bowl"]},{"damage_healed":0.0,"max_hp_gain":0.0,"max_hp_loss":0.0,"gold_gain":0.0,"event_name":"Living Wall","player_choice":"Grow","floor":8.0,"gold_loss":0.0,"damage_taken":0.0,"cards_upgraded":["Berserk"]},{"damage_healed":0.0,"max_hp_gain":0.0,"max_hp_loss":0.0,"gold_gain":0.0,"event_name":"Shining Light","player_choice":"Entered Light","floor":10.0,"gold_loss":0.0,"damage_taken":16.0,"cards_upgraded":["Strike_R","Flex"]},{"damage_healed":0.0,"max_hp_gain":0.0,"max_hp_loss":0.0,"gold_gain":0.0,"event_name":"Match and Keep!","player_choice":"1 cards matched","floor":19.0,"gold_loss":0.0,"damage_taken":0.0,"cards_obtained":["Demon Form"]},{"damage_healed":0.0,"max_hp_gain":5.0,"max_hp_loss":0.0,"gold_gain":0.0,"event_name":"Forgotten Altar","player_choice":"Shed Blood","floor":20.0,"gold_loss":0.0,"damage_taken":21.0},{"damage_healed":0.0,"max_hp_gain":0.0,"max_hp_loss":0.0,"gold_gain":99.0,"event_name":"Nest","player_choice":"Stole From Cult","floor":21.0,"gold_loss":0.0,"damage_taken":0.0}],"is_beta":false,"boss_relics":[{"not_picked":["Runic Pyramid","Pandora\u0027s Box"],"picked":"Cursed Key"}],"items_purged_floors":[2,24],"is_endless":false,"potions_floor_spawned":[1,11,12,18,22],"killed_by":"Book of Stabbing","ascension_level":3}}