{"host":"30jsp143e4v19aze","time":1608574980,"event":{"mods":["BaseMod","Colored Map","Colored Powertips","Curses Come First","DeckTracker","Highlight Path","Minty Spire (QoL Compilation)","Quick Restart","Relic Stats","StSLib"],"gold_per_floor":[118,118,28,41,41,74,91,19,42,42,52,71,97,107,107,181,181,163,5,17,17,17,43,59,59,83,94,94,113,138,10,10,84,84,95,146,146,159,0,27,27,41,41,41,41,66,66,76,76,76,76,76,14,46,46,46],"floor_reached":55,"playtime":3600,"items_purged":["Pain"],"score":1196,"play_id":"f8c50687-80dc-48ed-870f-9aa351365d1a","local_time":"20201221192300","is_ascension_mode":true,"campfire_choices":[{"floor":10,"key":"REST"},{"data":"Infinite Blades","floor":15,"key":"SMITH"},{"floor":25,"key":"REST"},{"floor":28,"key":"REST"},{"floor":32,"key":"REST"},{"floor":41,"key":"REST"},{"data":"Wraith Form v2","floor":45,"key":"SMITH"},{"floor":47,"key":"RECALL"},{"floor":49,"key":"REST"},{"data":"Well Laid Plans","floor":52,"key":"SMITH"}],"circlet_count":0,"master_deck":["AscendersBane","Strike_G","Defend_G+1","Defend_G","Defend_G+1","Defend_G","Defend_G","Survivor+1","Neutralize","Finisher+1","Accuracy","Dagger Throw","Acrobatics","Die Die Die","Infinite Blades+1","Acrobatics","Footwork","Wraith Form v2+1","Blade Dance","Terror","Well Laid Plans+1","Accuracy","Blade Dance","Glass Knife","After Image+1","All Out Attack+1","Quick Slash+1","PiercingWail","Noxious Fumes"],"relics":["Ring of the Snake","Snake Skull","Vajra","Toy Ornithopter","Busted Crown","Enchiridion","WarpedTongs","War Paint","Potion Belt","Blue Candle","Astrolabe","CaptainsWheel","Red Mask","Paper Crane","The Courier","Oddly Smooth Stone","Ice Cream"],"acts_visited":["Exordium","TheCity","TheBeyond","TheEnding"],"potions_floor_usage":[6,16,16,23,24,33,36,50,50,50,55,55],"damage_taken":[{"damage":1,"enemies":"Small Slimes","floor":1,"turns":4},{"damage":0,"enemies":"2 Louse","floor":4,"turns":2},{"damage":29,"enemies":"3 Sentries","floor":6,"turns":8},{"damage":0,"enemies":"Cultist","floor":7,"turns":4},{"damage":10,"enemies":"Lots of Slimes","floor":11,"turns":3},{"damage":5,"enemies":"Exordium Wildlife","floor":12,"turns":4},{"damage":14,"enemies":"Lagavulin","floor":13,"turns":6},{"damage":3,"enemies":"Looter","floor":14,"turns":4},{"damage":23,"enemies":"Hexaghost","floor":16,"turns":12},{"damage":6,"enemies":"2 Thieves","floor":18,"turns":4},{"damage":15,"enemies":"Shell Parasite","floor":20,"turns":5},{"damage":20,"enemies":"Slavers","floor":23,"turns":5},{"damage":7,"enemies":"Cultist and Chosen","floor":24,"turns":4},{"damage":4,"enemies":"Snecko","floor":27,"turns":4},{"damage":0,"enemies":"3 Cultists","floor":29,"turns":4},{"damage":26,"enemies":"Book of Stabbing","floor":30,"turns":4},{"damage":25,"enemies":"Champ","floor":33,"turns":5},{"damage":5,"enemies":"Orb Walker","floor":35,"turns":2},{"damage":31,"enemies":"2 Orb Walkers","floor":36,"turns":4},{"damage":24,"enemies":"3 Shapes","floor":38,"turns":7},{"damage":22,"enemies":"Giant Head","floor":40,"turns":6},{"damage":1,"enemies":"Transient","floor":42,"turns":5},{"damage":20,"enemies":"Reptomancer","floor":46,"turns":5},{"damage":14,"enemies":"Maw","floor":48,"turns":6},{"damage":12,"enemies":"Donu and Deca","floor":50,"turns":7},{"damage":33,"enemies":"Shield and Spear","floor":54,"turns":8},{"damage":35,"enemies":"The Heart","floor":55,"turns":3}],"seed_played":"-2529048984158855424","potions_obtained":[{"floor":1,"key":"Strength Potion"},{"floor":11,"key":"EssenceOfSteel"},{"floor":12,"key":"ColorlessPotion"},{"floor":18,"key":"Ancient Potion"},{"floor":23,"key":"FearPotion"},{"floor":29,"key":"CunningPotion"},{"floor":30,"key":"Explosive Potion"},{"floor":33,"key":"CultistPotion"},{"floor":38,"key":"Fire Potion"},{"floor":40,"key":"EssenceOfSteel"},{"floor":42,"key":"Poison Potion"},{"floor":46,"key":"Explosive Potion"},{"floor":54,"key":"SteroidPotion"}],"is_trial":false,"path_per_floor":["M","?","$","M","?","E","M","$","T","R","M","M","E","M","R","B",null,"M","$","M","?","?","E","M","R","T","M","R","M","E","$","R","B",null,"M","?","?","M","?","E","R","M","T","?","R","E","R","M","R","B",null,"R","$","E","B"],"character_chosen":"THE_SILENT","items_purchased":["Accuracy","Dagger Throw","Infinite Blades","Blade Dance","Terror","Well Laid Plans","Blade Dance","Noxious Fumes"],"campfire_rested":6,"item_purchase_floors":[3,3,8,19,19,19,31,53],"current_hp_per_floor":[69,54,54,54,54,25,25,25,25,48,38,33,19,16,16,3,59,53,53,38,22,22,7,5,28,28,24,47,47,21,21,44,24,64,59,33,67,43,43,21,41,40,40,40,40,20,20,6,26,29,58,58,58,25,0,0],"gold":46,"neow_bonus":"TEN_PERCENT_HP_BONUS","is_daily":false,"chose_seed":false,"campfire_upgraded":3,"win_rate":0.0,"timestamp":1608574980,"path_taken":["M","?","$","M","?","E","M","$","T","R","M","M","E","?","R","BOSS","M","?","M","?","?","E","?","R","T","M","R","M","E","$","R","BOSS","M","?","?","M","?","E","R","M","T","?","R","E","R","M","R","BOSS","R","$","E","BOSS"],"items_purchased_type":["Card","Card","Card","Card","Card","Card","Card","Card"],"build_version":"2020-12-13","purchased_purges":1,"victory":false,"max_hp_per_floor":[77,77,77,77,77,77,77,77,77,77,77,77,77,77,77,77,77,77,77,77,77,77,77,77,77,77,77,77,77,77,77,77,77,77,77,77,67,67,67,67,67,67,67,67,67,67,67,67,67,67,67,67,67,67,67,67],"relic_stats":{"Busted Crown":32,"counters":[27,135],"Blue Candle":[1],"Astrolabe":["After Image","All Out Attack","Quick Slash"],"Snake Skull":[32],"War Paint":["Defend_G","Survivor"],"obtain_stats":[{"Potion Belt":26,"Ice Cream":54,"Blue Candle":30,"Astrolabe":34,"Vajra":9,"Enchiridion":21,"Oddly Smooth Stone":46,"Snake Skull":6,"The Courier":44,"War Paint":23,"Paper Crane":40,"WarpedTongs":22,"CaptainsWheel":36,"Busted Crown":17,"Red Mask":39,"Toy Ornithopter":13,"Ring of the Snake":0},{"Potion Belt":13,"Ice Cream":26,"Blue Candle":16,"Astrolabe":17,"Vajra":4,"Enchiridion":11,"Oddly Smooth Stone":23,"Snake Skull":3,"The Courier":22,"War Paint":12,"Paper Crane":21,"WarpedTongs":11,"CaptainsWheel":19,"Busted Crown":9,"Red Mask":20,"Toy Ornithopter":7,"Ring of the Snake":0},{"Potion Belt":65,"Ice Cream":132,"Blue Candle":77,"Astrolabe":82,"Vajra":18,"Enchiridion":56,"Oddly Smooth Stone":111,"Snake Skull":14,"The Courier":106,"War Paint":61,"Paper Crane":101,"WarpedTongs":56,"CaptainsWheel":88,"Busted Crown":47,"Red Mask":95,"Toy Ornithopter":31,"Ring of the Snake":0}],"Toy Ornithopter":55,"Ring of the Snake":[54],"WarpedTongs":[79]},"card_choices":[{"not_picked":["Dagger Spray","Deadly Poison"],"picked":"Finisher","floor":1},{"not_picked":["Dodge and Roll","Well Laid Plans"],"picked":"Acrobatics","floor":4},{"not_picked":["Calculated Gamble","Reflex","Flechettes"],"picked":"SKIP","floor":6},{"not_picked":["Bane","Calculated Gamble"],"picked":"Die Die Die","floor":7},{"not_picked":["Slice","Quick Slash"],"picked":"Acrobatics","floor":11},{"not_picked":["Accuracy","Dagger Spray","Heel Hook"],"picked":"SKIP","floor":12},{"not_picked":["Accuracy","Dagger Spray","Heel Hook"],"picked":"SKIP","floor":12},{"not_picked":["Quick Slash","Dagger Spray"],"picked":"Footwork","floor":13},{"not_picked":["Masterful Stab","Slice","Backstab"],"picked":"SKIP","floor":14},{"not_picked":["Doppelganger","Grand Finale"],"picked":"Wraith Form v2","floor":16},{"not_picked":["Underhanded Strike"],"picked":"SKIP","floor":18},{"not_picked":["Deflect"],"picked":"SKIP","floor":20},{"not_picked":["Dagger Spray"],"picked":"SKIP","floor":23},{"not_picked":["Prepared"],"picked":"SKIP","floor":24},{"not_picked":[],"picked":"Accuracy","floor":27},{"not_picked":["Quick Slash"],"picked":"SKIP","floor":29},{"not_picked":["Deadly Poison"],"picked":"SKIP","floor":30},{"not_picked":[],"picked":"Glass Knife","floor":33},{"not_picked":[],"picked":"PiercingWail","floor":35},{"not_picked":["Prepared"],"picked":"SKIP","floor":38},{"not_picked":["Quick Slash"],"picked":"SKIP","floor":40},{"not_picked":["Poisoned Stab"],"picked":"SKIP","floor":42},{"not_picked":["Masterful Stab"],"picked":"SKIP","floor":46},{"not_picked":["Acrobatics"],"picked":"SKIP","floor":48},{"not_picked":["Heel Hook+1"],"picked":"SKIP","floor":54}],"player_experience":3018738,"relics_obtained":[{"floor":6,"key":"Snake Skull"},{"floor":9,"key":"Vajra"},{"floor":13,"key":"Toy Ornithopter"},{"floor":21,"key":"Enchiridion"},{"floor":23,"key":"War Paint"},{"floor":26,"key":"Potion Belt"},{"floor":30,"key":"Blue Candle"},{"floor":36,"key":"CaptainsWheel"},{"floor":40,"key":"Paper Crane"},{"floor":46,"key":"Oddly Smooth Stone"},{"floor":54,"key":"Ice Cream"}],"event_choices":[{"damage_healed":0,"gold_gain":0,"player_choice":"Entered Light","damage_taken":15,"max_hp_gain":0,"max_hp_loss":0,"event_name":"Shining Light","floor":2,"gold_loss":0,"cards_upgraded":["Defend_G","Finisher"]},{"cards_removed":["Strike_G"],"damage_healed":0,"gold_gain":0,"player_choice":"Offered Basic","damage_taken":0,"max_hp_gain":0,"max_hp_loss":0,"event_name":"Bonfire Elementals","floor":5,"gold_loss":0},{"damage_healed":0,"gold_gain":0,"player_choice":"Obtained Book","damage_taken":16,"max_hp_gain":0,"max_hp_loss":0,"event_name":"Cursed Tome","floor":21,"gold_loss":0},{"damage_healed":0,"gold_gain":0,"player_choice":"Rummage","damage_taken":0,"relics_obtained":["WarpedTongs"],"max_hp_gain":0,"max_hp_loss":0,"event_name":"Accursed Blacksmith","floor":22,"gold_loss":0,"cards_obtained":["Pain"]},{"damage_healed":0,"gold_gain":0,"player_choice":"Fight","damage_taken":0,"max_hp_gain":0,"max_hp_loss":0,"event_name":"Mysterious Sphere","floor":36,"gold_loss":0},{"damage_healed":67,"gold_gain":0,"player_choice":"Heal","damage_taken":0,"max_hp_gain":0,"max_hp_loss":10,"event_name":"The Moai Head","floor":37,"gold_loss":0},{"damage_healed":0,"gold_gain":0,"player_choice":"Paid","damage_taken":0,"relics_obtained":["Red Mask"],"max_hp_gain":0,"max_hp_loss":0,"event_name":"Tomb of Lord Red Mask","floor":39,"gold_loss":159},{"damage_healed":0,"gold_gain":0,"player_choice":"Gave Potion","damage_taken":0,"relics_obtained":["The Courier"],"max_hp_gain":0,"max_hp_loss":0,"event_name":"WeMeetAgain","floor":44,"gold_loss":0}],"is_beta":false,"boss_relics":[{"not_picked":["Fusion Hammer","Snecko Eye"],"picked":"Busted Crown"},{"not_picked":["Cursed Key","SacredBark"],"picked":"Astrolabe"}],"items_purged_floors":[31],"is_endless":false,"potions_floor_spawned":[1,11,12,18,23,29,30,33,38,40,42,46,54],"killed_by":"The Heart","ascension_level":13}}