{"host":"nia1zwr35jsu5y7h","time":1608539715,"event":{"mods":["2.2 Compatiblity","Abigail Mod","Bard","BaseMod","Colored Map","Conspire","Downfall","Friendly Minions","Hermit","Highlight Path","Hubris","Infinite Spire","Kiyohime????","Koishi","Marisa????????","Minty Spire (QoL Compilation)","Quick Restart","Replay The Spire","Shade Mod","Shop Mod","StSLib","The Administrix","The Animator","The Construct","The Cursed","The Disciple","The Mystic","The Necromancer","The Servant 0.9.4"],"gold_per_floor":[116,116,126,146,446,446,446,446],"floor_reached":7,"playtime":109,"items_purged":[],"score":57,"play_id":"2998febe-7005-4c66-b16b-426a82a39abb","local_time":"20201221003515","is_ascension_mode":true,"campfire_choices":[{"data":"ReplayTheSpireMod:Book of Names","floor":6,"key":"SMITH"}],"circlet_count":0,"master_deck":["hermit:Strike_Hermit","hermit:Strike_Hermit","hermit:Strike_Hermit","hermit:Strike_Hermit","hermit:Defend_Hermit","hermit:Defend_Hermit","hermit:Defend_Hermit","hermit:Defend_Hermit","hermit:Snapshot","hermit:Covet","hermit:Enervate","ReplayTheSpireMod:Book of Names+1","hermit:Horror","hermit:GhostlyPresence"],"relics":["hermit:Momento","NeowsBlessing","Old Coin"],"acts_visited":["Exordium"],"potions_floor_usage":[],"damage_taken":[{"damage":0,"enemies":"2 Louse","floor":1,"turns":1},{"damage":0,"enemies":"Small Slimes","floor":3,"turns":1},{"damage":0,"enemies":"Cultist","floor":4,"turns":1},{"damage":50,"enemies":"Gremlin Nob","floor":7,"turns":4}],"seed_played":"1905304158840309610","potions_obtained":[{"floor":1,"key":"Elixir"}],"is_trial":false,"path_per_floor":["M","?","M","M","?","R","E"],"character_chosen":"HERMIT","items_purchased":[],"campfire_rested":0,"item_purchase_floors":[],"current_hp_per_floor":[68,50,50,50,47,47,0,0],"gold":446,"neow_bonus":"THREE_ENEMY_KILL","is_daily":false,"chose_seed":false,"campfire_upgraded":1,"win_rate":0.0,"timestamp":1608539715,"path_taken":["M","?","M","M","?","R","E"],"items_purchased_type":[],"build_version":"2020-12-13","purchased_purges":0,"victory":false,"max_hp_per_floor":[75,75,75,75,75,75,75,75],"card_choices":[{"not_picked":["hermit:Vantage","hermit:Headshot"],"picked":"hermit:Enervate","floor":1},{"not_picked":["infinitespire:SealOfDarkness+","Replay:Fractal Strike"],"picked":"ReplayTheSpireMod:Book of Names","floor":2},{"not_picked":["hermit:Manifest","hermit:BodyArmor"],"picked":"hermit:Horror","floor":3},{"not_picked":["hermit:Roulette","hermit:Gambit"],"picked":"hermit:GhostlyPresence","floor":4}],"player_experience":2235878,"relics_obtained":[],"event_choices":[{"damage_healed":0,"gold_gain":0,"player_choice":"Success","damage_taken":3,"relics_obtained":["Old Coin"],"max_hp_gain":0,"max_hp_loss":0,"event_name":"Scrap Ooze","floor":5,"gold_loss":0}],"is_beta":false,"boss_relics":[],"items_purged_floors":[],"is_endless":false,"potions_floor_spawned":[1],"killed_by":"Gremlin Nob","ascension_level":8}}