{"host":"lix655q3qm1o3wym","time":1608593327,"event":{"mods":["Act Like it!","BaseMod","Beaked The Cultist","Better Third Choice","Better Vampires","Colored Powertips","Downfall","Minty Spire (QoL Compilation)","Quick Restart","StSLib","The Construct","The Cursed","The Disciple","The Necromancer"],"gold_per_floor":[99,112,129,146,17,28,28,28,40,65,65,77,77,77,90,188,188,188,199,35,35,52,52,77,77,91,91,111,111,111,111,111,111],"floor_reached":31,"playtime":2315,"items_purged":["champ:Defend"],"score":237,"play_id":"4b441fea-0158-4550-b03c-6709419d982e","local_time":"20201221162847","is_ascension_mode":false,"campfire_choices":[{"data":"champ:Taunt","floor":1,"key":"SMITH"},{"data":"champ:FalseCounter","floor":8,"key":"SMITH"},{"data":"champ:SkillfulDodge","floor":11,"key":"SMITH"},{"data":"champ:DefensiveStyle","floor":18,"key":"SMITH"},{"data":"champ:PerfectForm","floor":25,"key":"SMITH"},{"data":"champ:CalledShot","floor":27,"key":"SMITH"},{"floor":30,"key":"REST"}],"circlet_count":0,"master_deck":["champ:Strike","champ:Strike","champ:Strike","champ:Defend","champ:Defend","champ:Execute","champ:Taunt+1","champ:SkillfulDodge+1","champ:DefensiveStyle+1","champ:Lariat","champ:FalseCounter+1","champ:CrookedStrike","champ:EnGarde+1","champ:ViciousMockery+1","champ:PerfectForm+1","Alpha+1","champ:CalledShot+1","champ:RisingSlash","champ:DefensiveShout+1","Shame","Necronomicurse"],"relics":["SacredBark","Toxic Egg 2","FossilizedHelix","beaked:SacredDeck","Guardian:BottledAnomaly","Mercury Hourglass","Ancient Tea Set","Necronomicon"],"acts_visited":["Exordium","TheCity"],"potions_floor_usage":[5,5,10,10,26],"damage_taken":[{"damage":11,"enemies":"Cultist","floor":2,"turns":5},{"damage":10,"enemies":"2 Louse","floor":3,"turns":4},{"damage":7,"enemies":"Small Slimes","floor":4,"turns":5},{"damage":5,"enemies":"downfall:FleeingMerchant","floor":5,"turns":4},{"damage":9,"enemies":"3 Louse","floor":6,"turns":3},{"damage":15,"enemies":"Lots of Slimes","floor":9,"turns":5},{"damage":5,"enemies":"3 Sentries","floor":10,"turns":6},{"damage":8,"enemies":"2 Fungi Beasts","floor":12,"turns":4},{"damage":0,"enemies":"Exordium Thugs","floor":15,"turns":3},{"damage":39,"enemies":"downfall:Defect","floor":16,"turns":6},{"damage":10,"enemies":"Spheric Guardian","floor":19,"turns":4},{"damage":5,"enemies":"downfall:FleeingMerchant","floor":20,"turns":4},{"damage":78,"enemies":"3 Cultists","floor":22,"turns":7},{"damage":7,"enemies":"Snake Plant","floor":26,"turns":2},{"damage":15,"enemies":"Centurion and Healer","floor":28,"turns":5},{"damage":42,"enemies":"Shelled Parasite and Fungi","floor":31,"turns":4}],"seed_played":"7381422949969531501","potions_obtained":[{"floor":2,"key":"hexamod:EctoCoolerPotion"},{"floor":4,"key":"SkillPotion"},{"floor":6,"key":"Swift Potion"},{"floor":9,"key":"EssenceOfSteel"},{"floor":16,"key":"BlessingOfTheForge"},{"floor":28,"key":"AttackPotion"}],"is_trial":false,"path_per_floor":["R","M","M","M","$","M","T","R","M","E","R","M","?","?","M","B",null,"R","M","$","?","M","?","T","R","M","R","M","?","R","M"],"character_chosen":"THE_CHAMP","items_purchased":["champ:FalseCounter","Guardian:BottledAnomaly"],"campfire_rested":1,"item_purchase_floors":[5,20],"current_hp_per_floor":[90,89,89,87,87,83,83,83,78,73,73,65,65,70,70,31,95,95,85,85,85,36,36,36,36,29,29,22,6,34,0,0,0],"gold":111,"neow_bonus":"BOSS_RELIC","is_daily":false,"chose_seed":false,"campfire_upgraded":6,"win_rate":0.0,"timestamp":1608593327,"path_taken":["R","M","M","M","$","M","T","R","M","E","R","?","?","?","M","BOSS","R","M","$","?","M","?","T","R","M","R","M","?","R","M"],"items_purchased_type":["Card","Relic"],"build_version":"2020-12-13","purchased_purges":1,"victory":false,"max_hp_per_floor":[90,90,90,90,90,90,90,90,90,90,90,90,90,95,95,95,95,95,95,95,95,95,95,95,95,95,95,95,95,95,95,95,95],"card_choices":[{"not_picked":["champ:AdrenalArmor","champ:FanOfKnives"],"picked":"champ:SkillfulDodge","floor":2},{"not_picked":["champ:GladiatorsShout","champ:RisingSlash"],"picked":"champ:DefensiveStyle","floor":3},{"not_picked":["champ:Haymaker","champ:SkillfulDodge"],"picked":"champ:Lariat","floor":4},{"not_picked":["champ:BerserkersShout","champ:Circumvent","champ:GladiatorsShout"],"picked":"SKIP","floor":5},{"not_picked":["champ:PerfectedStrike","champ:BladeFlurry","champ:FocusedGladiator"],"picked":"SKIP","floor":6},{"not_picked":["champ:BladeFlurry","champ:DefensiveStyle"],"picked":"champ:CrookedStrike","floor":9},{"not_picked":["champ:Shatter","champ:FaceSlap","champ:BerserkerStyle"],"picked":"SKIP","floor":10},{"not_picked":["champ:DefensiveShout+1","champ:SwordThrow"],"picked":"champ:EnGarde+1","floor":12},{"not_picked":["champ:RecklessLeap","champ:BerserkersShout+1"],"picked":"champ:ViciousMockery+1","floor":15},{"not_picked":["champ:Devastate","champ:LastStand"],"picked":"champ:PerfectForm","floor":16},{"not_picked":["champ:BerserkerStyle","champ:RecklessLeap"],"picked":"champ:CalledShot","floor":19},{"not_picked":["champ:TornadoPunch","champ:Encircle"],"picked":"champ:RisingSlash","floor":20},{"not_picked":["champ:FanOfKnives","champ:FocusedBerserking+1"],"picked":"champ:DefensiveShout+1","floor":22},{"not_picked":["champ:BerserkersShout+1","champ:CrookedStrike","champ:GladiatorsShout+1"],"picked":"SKIP","floor":26},{"not_picked":["champ:Riposte+1","champ:GladiatorsShout+1","champ:ViciousMockery+1"],"picked":"SKIP","floor":28}],"player_experience":627391,"relics_obtained":[{"floor":7,"key":"Toxic Egg 2"},{"floor":10,"key":"FossilizedHelix"},{"floor":24,"key":"Ancient Tea Set"},{"floor":29,"key":"Necronomicon"}],"event_choices":[{"damage_healed":0,"gold_gain":0,"player_choice":"Donut","damage_taken":0,"max_hp_gain":5,"max_hp_loss":0,"event_name":"Big Fish","floor":14,"gold_loss":0},{"cards_removed":["champ:Defend"],"damage_healed":0,"gold_gain":0,"player_choice":"Elegance","damage_taken":0,"max_hp_gain":0,"max_hp_loss":0,"event_name":"betterThird:BetterWriting","floor":21,"gold_loss":0},{"damage_healed":0,"gold_gain":0,"player_choice":"Stole Relic","damage_taken":0,"relics_obtained":["Mercury Hourglass"],"max_hp_gain":0,"max_hp_loss":0,"event_name":"Addict","floor":23,"gold_loss":0,"cards_obtained":["Shame"]}],"is_beta":false,"boss_relics":[{"not_picked":["construct:ClawGrip","construct:WeddingRing"],"picked":"beaked:SacredDeck"}],"items_purged_floors":[5],"is_endless":false,"potions_floor_spawned":[2,4,6,9,16,28],"killed_by":"Shelled Parasite and Fungi","ascension_level":0}}