{"host":"llpusn9usp8rznkj","time":1608569955,"event":{"mods":["2.2 Compatiblity","Aspiration","BaseMod","Colored Map","Colored Powertips","Conspire","Hubris","Minty Spire (QoL Compilation)","Rare Cards Sparkle","Replay The Spire","StSLib","The Cursed"],"gold_per_floor":[109,109,109,129,129,162,178,210,210,210,160,173,208,208,208,314,314,324,343,355,374,374,374,390,390,390,406,92,92,92,109,109,186,186,186],"floor_reached":34,"playtime":1111,"items_purged":[],"score":794,"play_id":"703dedb5-6667-4f7c-8cd9-dfdfcf268c24","local_time":"20201221115915","is_ascension_mode":true,"campfire_choices":[{"data":"hubris:DuctTapeCard","floor":10.0,"key":"SMITH"},{"data":"Electrodynamics","floor":15.0,"key":"SMITH"},{"data":"Echo Form","floor":23.0,"key":"SMITH"},{"data":"Creative AI","floor":25.0,"key":"SMITH"},{"data":"BasicCrystalCard","floor":30.0,"key":"SMITH"},{"data":"Hologram","floor":30.0,"key":"SMITH"},{"data":"Dualcast","floor":32.0,"key":"SMITH"},{"data":"Streamline","floor":32.0,"key":"SMITH"}],"circlet_count":0,"master_deck":["AscendersBane","Strike_B","Strike_B","Strike_B","Defend_B","Defend_B+1","Defend_B","Defend_B","Dualcast+1","Streamline+1","Echo Form+1","Hologram+1","Coolheaded","conspire:SpireCoStock","Electrodynamics+1","Creative AI+1","BasicCrystalCard+1","Coolheaded+1","Buffer","hubris:DuctTapeCard"],"relics":["Cracked Core","NeowsBlessing","hubris:DuctTape","Thread and Needle","hubris:DeckOfHolding","Carrot","hubris:TenFootPole","Omamori","conspire:SpecialSausage","PrismaticShard","HornCleat","Replay:Arrowhead","Calling Bell","Pet Ghost","hubris:Reverence","Du-Vu Doll"],"acts_visited":["Exordium","TheCity"],"potions_floor_usage":[],"damage_taken":[{"damage":0.0,"enemies":"Small Slimes","floor":1.0,"turns":1.0},{"damage":0.0,"enemies":"Jaw Worm","floor":4.0,"turns":1.0},{"damage":0.0,"enemies":"3 Sentries","floor":6.0,"turns":2.0},{"damage":0.0,"enemies":"2 Louse","floor":7.0,"turns":3.0},{"damage":7.0,"enemies":"Lagavulin","floor":8.0,"turns":8.0},{"damage":0.0,"enemies":"Exordium Wildlife","floor":12.0,"turns":2.0},{"damage":4.0,"enemies":"Gremlin Nob","floor":13.0,"turns":3.0},{"damage":13.0,"enemies":"Slime Boss","floor":16.0,"turns":11.0},{"damage":23.0,"enemies":"2 Thieves","floor":18.0,"turns":4.0},{"damage":0.0,"enemies":"conspire:FuzzyDice","floor":19.0,"turns":5.0},{"damage":0.0,"enemies":"Centurion and Healer","floor":20.0,"turns":2.0},{"damage":2.0,"enemies":"Chosen and Byrds","floor":21.0,"turns":2.0},{"damage":18.0,"enemies":"Shelled Parasite and Fungi","floor":24.0,"turns":3.0},{"damage":0.0,"enemies":"Snecko","floor":27.0,"turns":3.0},{"damage":0.0,"enemies":"Cultist and Chosen","floor":31.0,"turns":3.0},{"damage":66.0,"enemies":"hubris:MusketHawk","floor":33.0,"turns":10.0}],"seed_played":"-7818127695701554353","potions_obtained":[{"floor":1.0,"key":"Venom Potion"},{"floor":6.0,"key":"Toxic Potion"},{"floor":12.0,"key":"Dexterity Potion"},{"floor":16.0,"key":"Toxic Potion"},{"floor":19.0,"key":"PotionOfCapacity"},{"floor":21.0,"key":"Fire Potion"},{"floor":24.0,"key":"FearPotion"}],"is_trial":false,"path_per_floor":["M","?","?","M","T","E","M","E","T","R","?","M","E","?","R","B",null,"M","M","M","M","?","R","M","R","T","M","$","?","R","M","R","B",null],"character_chosen":"DEFECT","items_purchased":["Replay:Arrowhead"],"campfire_rested":0,"item_purchase_floors":[28],"current_hp_per_floor":[64,64,57,57,57,57,57,50,50,50,50,50,46,46,46,33,62,39,39,39,37,31,31,13,13,13,13,13,71,71,71,71,5,5,5],"gold":186,"neow_bonus":"THREE_ENEMY_KILL","is_daily":false,"chose_seed":false,"campfire_upgraded":8,"win_rate":0.0,"timestamp":1608569955,"path_taken":["M","?","?","M","?","E","M","E","T","R","?","?","E","?","R","BOSS","M","M","?","?","?","R","M","R","T","M","$","?","R","M","R","BOSS"],"items_purchased_type":["Relic"],"build_version":"2020-12-13","purchased_purges":0,"victory":false,"max_hp_per_floor":[71,71,71,71,71,71,71,71,71,71,71,71,71,71,71,71,71,71,71,71,71,71,71,71,71,71,71,71,71,71,71,71,71,71,71],"card_choices":[{"not_picked":["Leap","BootSequence"],"picked":"Crystallizer","floor":1.0},{"not_picked":["Panic Button","Gash"],"picked":"Streamline","floor":4.0},{"not_picked":["Steam Power","Static Discharge"],"picked":"Echo Form","floor":6.0},{"not_picked":["Steam Power","Compile Driver"],"picked":"Hologram","floor":7.0},{"not_picked":["ReplayTheSpireMod:Dual Polarity","ReplayTheSpireMod:Repulse"],"picked":"Coolheaded","floor":8.0},{"not_picked":["Tempest","Go for the Eyes","Sweeping Beam"],"picked":"SKIP","floor":12.0},{"not_picked":["Ball Lightning","Darkness"],"picked":"Electrodynamics","floor":13.0},{"not_picked":["hubris:SpecializedCircuitry","hubris:DoWhile"],"picked":"Creative AI","floor":16.0},{"not_picked":["Redo","Static Discharge","Rebound"],"picked":"SKIP","floor":18.0},{"not_picked":["Sweeping Beam","Time Bomb"],"picked":"BasicCrystalCard","floor":19.0},{"not_picked":["Rebound","Beam Cell+1","Sweeping Beam"],"picked":"SKIP","floor":20.0},{"not_picked":["Ball Lightning","BasicCrystalCard"],"picked":"Coolheaded+1","floor":21.0},{"not_picked":["TheCursedMod:EmpowerCircles","Hologram","Meditate"],"picked":"SKIP","floor":24.0},{"not_picked":["Clothesline","TheCursedMod:FleshFromBone"],"picked":"Blur+1","floor":27.0},{"not_picked":["BowlingBash","Devotion","conspire:SharedLibrary"],"picked":"SKIP","floor":31.0},{"not_picked":["Phantasmal Killer","TheCursedMod:StunningStrike"],"picked":"Buffer","floor":33.0}],"player_experience":1102351,"relics_obtained":[{"floor":5.0,"key":"hubris:DuctTape"},{"floor":6.0,"key":"Thread and Needle"},{"floor":8.0,"key":"hubris:DeckOfHolding"},{"floor":9.0,"key":"Carrot"},{"floor":13.0,"key":"hubris:TenFootPole"},{"floor":22.0,"key":"PrismaticShard"},{"floor":26.0,"key":"HornCleat"},{"floor":34,"key":"Pet Ghost"},{"floor":34,"key":"hubris:Reverence"},{"floor":34,"key":"Du-Vu Doll"}],"event_choices":[{"cards_removed":["Strike_B"],"damage_healed":0.0,"max_hp_gain":0.0,"max_hp_loss":0.0,"gold_gain":0.0,"event_name":"Golden Wing","player_choice":"Card Removal","floor":3.0,"gold_loss":0.0,"damage_taken":7.0},{"damage_healed":0.0,"max_hp_gain":0.0,"max_hp_loss":0.0,"gold_gain":0.0,"event_name":"conspire:Investor","player_choice":"Invest 1","floor":11.0,"gold_loss":0.0,"damage_taken":0.0},{"damage_healed":0.0,"max_hp_gain":0.0,"max_hp_loss":0.0,"gold_gain":0.0,"event_name":"WeMeetAgain","player_choice":"Gave Potion","floor":14.0,"gold_loss":0.0,"damage_taken":0.0,"relics_obtained":["Omamori"]},{"cards_removed":["Blur"],"damage_healed":58.0,"max_hp_gain":0.0,"max_hp_loss":0.0,"gold_gain":0.0,"event_name":"Bonfire Elementals","player_choice":"Offered Uncommon","floor":29.0,"gold_loss":0.0,"damage_taken":0.0}],"is_beta":false,"boss_relics":[{"not_picked":["ChewingGum","Ectoplasm"],"picked":"conspire:SpecialSausage"},{"not_picked":["Velvet Choker","hubris:Stopwatch"],"picked":"Calling Bell"}],"items_purged_floors":[],"is_endless":false,"potions_floor_spawned":[1,6,12,16,19,21,24,33],"ascension_level":20}}