{"host":"ml80p9p157c7xd90","time":1608518725,"event":{"mods":["2.2 Compatiblity","Act Like it!","Ascension Unlocker","Aspiration","BaseMod","Better Altar","Better Match","Better Note","Better Sensory Stone","Better Skull","Better Third Choice","CapriCore","Colored Map","Conspire","Friendly Minions","Gensokyo","Halation","Minty Spire (QoL Compilation)","Pale of the Ancients","Replay The Spire","StSLib","TheBandit","Wandering Minibosses"],"gold_per_floor":[116,126,141,51,79,79,104,104,104,137,154,73,103,28,28,106,106,124,140,140,15,15,43,63,63,63,47,47,74,104,116,116,116,116,116],"floor_reached":33,"playtime":2128,"items_purged":["wariomod:Goblast"],"score":737,"play_id":"814a4426-bd2b-4325-9bd2-2cda3d67bd2b","local_time":"20201220194525","daily_mods":["Draft","DeadlyEvents","Night Terrors","Terminal"],"is_ascension_mode":true,"campfire_choices":[{"data":"wariomod:DiceyMove","floor":6,"key":"SMITH"},{"data":"wariomod:TrekTime","floor":8,"key":"SMITH"},{"data":"wariomod:ChargeForth","floor":15,"key":"SMITH"},{"data":"wariomod:WhirlwindBurst","floor":28,"key":"SMITH"},{"floor":32,"key":"REST"}],"circlet_count":0,"master_deck":["AscendersBane","wariomod:HappyHit","wariomod:SmackSlam","wariomod:SmackSlam","wariomod:SmackSlam","wariomod:TreasureDig","wariomod:SmackSlam","wariomod:HappyHit","wariomod:Hopshield","wariomod:SmallSprint","wariomod:ChargeForth","wariomod:DeepDig","wariomod:DoubleDash","wariomod:Smackflip","wariomod:DiceyMove+1","wariomod:SmackSlam","wariomod:ChargeForth+1","wariomod:TrekTime+1","wariomod:WhirlwindBurst+1","wariomod:Purify","wariomod:TrekTime","wariomod:KeyFinisher","wariomod:Hopshield+1","wariomod:HappyHop+1","wariomod:BodyBlock"],"relics":["wariomod:TheHat","Bottled Lightning","Sundial","PreservedInsect","Art of War","Question Card","Sozu","wanderingMiniBosses:OtherGremlinHorn","Gensokyo:RedStar","Prayer Wheel","Replay:Accelerometer","Replay:WaspNest","Matryoshka"],"acts_visited":["Gensokyo:Gensokyo","Gensokyo:Gensokyoer"],"potions_floor_usage":[7,19,30],"damage_taken":[{"damage":0,"enemies":"Gensokyo:3_Fairies","floor":1,"turns":3},{"damage":5,"enemies":"Gensokyo:Gryphon","floor":2,"turns":5},{"damage":8,"enemies":"Gensokyo:Python","floor":3,"turns":3},{"damage":11,"enemies":"Gensokyo:Mamizou","floor":5,"turns":8},{"damage":0,"enemies":"Gensokyo:Cirno","floor":7,"turns":4},{"damage":11,"enemies":"Gensokyo:Aya","floor":10,"turns":3},{"damage":0,"enemies":"Gensokyo:Kitsune","floor":11,"turns":3},{"damage":0,"enemies":"Gensokyo:Mamizou","floor":13,"turns":6},{"damage":4,"enemies":"Gensokyo:Reimu","floor":16,"turns":7},{"damage":0,"enemies":"Gensokyo:CosmicMonolith","floor":18,"turns":2},{"damage":33,"enemies":"Gensokyo:3_Dogs","floor":19,"turns":6},{"damage":0,"enemies":"Gensokyo:Koishi","floor":23,"turns":4},{"damage":12,"enemies":"Gensokyo:Slime_Group","floor":24,"turns":4},{"damage":4,"enemies":"Gensokyo:Reisen","floor":29,"turns":4},{"damage":18,"enemies":"Gensokyo:Tenshi","floor":30,"turns":3},{"damage":9,"enemies":"Gensokyo:Wraith","floor":31,"turns":5},{"damage":27,"enemies":"Gensokyo:Eternal_Rivals","floor":33,"turns":3}],"seed_played":"-5750700337780068016","potions_obtained":[{"floor":1,"key":"Strength Potion"},{"floor":2,"key":"FearPotion"},{"floor":5,"key":"LifebloodPotion"},{"floor":11,"key":"FearPotion"},{"floor":16,"key":"Adrenaline Potion"}],"is_trial":true,"path_per_floor":["M","M","M","$","?","R","E","R","T","E","M","$","E","$","R","B",null,"M","M","?","?","$","E","M","$","T","?","R","E","E","M","R","B"],"character_chosen":"THE_BANDIT","items_purchased":["wariomod:TrekTime","wariomod:Purify"],"campfire_rested":1,"item_purchase_floors":[4,12],"current_hp_per_floor":[65,60,52,52,41,41,41,41,41,30,30,30,30,30,30,26,48,48,15,15,15,15,15,3,3,3,36,36,32,14,5,34,0,0,0],"gold":116,"neow_bonus":"","is_daily":false,"chose_seed":false,"campfire_upgraded":4,"win_rate":0.0,"timestamp":1608518725,"path_taken":["M","?","M","$","?","R","E","R","T","E","M","$","E","?","R","BOSS","M","M","?","?","$","E","M","$","T","?","R","?","E","M","R","BOSS"],"items_purchased_type":["Card","Card"],"build_version":"2020-12-13","purchased_purges":1,"victory":false,"max_hp_per_floor":[70,69,68,67,66,65,64,63,62,61,60,59,58,57,56,55,54,53,52,51,50,49,48,47,46,45,44,43,42,41,40,34,17,17,17],"card_choices":[{"not_picked":["wariomod:SelfImprison","wariomod:Boomsmack"],"picked":"wariomod:Goblast","floor":0},{"not_picked":["wariomod:DoubleDip","wariomod:Boomsmack"],"picked":"wariomod:HappyHit","floor":0},{"not_picked":["wariomod:DoubleDash","wariomod:Leapslam"],"picked":"wariomod:SmackSlam","floor":0},{"not_picked":["wariomod:SpaceSwap","wariomod:Bombshield"],"picked":"wariomod:SmackSlam","floor":0},{"not_picked":["wariomod:Game","wariomod:Goblast"],"picked":"wariomod:SmackSlam","floor":0},{"not_picked":["wariomod:Goblast","wariomod:Smackflip"],"picked":"wariomod:TreasureDig","floor":0},{"not_picked":["wariomod:f","wariomod:ChargeForth"],"picked":"wariomod:SmackSlam","floor":0},{"not_picked":["wariomod:BumRush","wariomod:Boomsmack"],"picked":"wariomod:HappyHit","floor":0},{"not_picked":["wariomod:Goblast","wariomod:BoomBoom"],"picked":"wariomod:Hopshield","floor":0},{"not_picked":["wariomod:RacingSpeed","wariomod:SpikeSlash"],"picked":"wariomod:SmallSprint","floor":0},{"not_picked":["wariomod:BumRush","wariomod:DanceDash"],"picked":"wariomod:ChargeForth","floor":0},{"not_picked":["wariomod:BlastDash","wariomod:PayItForwards"],"picked":"wariomod:DeepDig","floor":0},{"not_picked":["wariomod:SelfImprison","wariomod:BoomBoom"],"picked":"wariomod:DoubleDash","floor":0},{"not_picked":["wariomod:Bombshield","wariomod:DoubleDip"],"picked":"wariomod:Smackflip","floor":0},{"not_picked":["wariomod:Bombshield","wariomod:Game"],"picked":"wariomod:DiceyMove","floor":0},{"not_picked":["wariomod:BlastDash","wariomod:SpikeSlash"],"picked":"wariomod:SmackSlam","floor":1},{"not_picked":["wariomod:f","wariomod:SimpleShield","wariomod:Game"],"picked":"SKIP","floor":2},{"not_picked":["wariomod:RacingSpeed","wariomod:SmallSprint"],"picked":"wariomod:ChargeForth","floor":3},{"not_picked":["wariomod:RacingSpeed","wariomod:PayItForwards","wariomod:ThatsNotAll"],"picked":"SKIP","floor":5},{"not_picked":["wariomod:f","wariomod:ThatsNotAll","wariomod:SimpleShield"],"picked":"SKIP","floor":7},{"not_picked":["wariomod:f","wariomod:ThatsNotAll","wariomod:SimpleShield"],"picked":"SKIP","floor":7},{"not_picked":["wariomod:Smackflip","wariomod:SpikeSlash","wariomod:Immortalize"],"picked":"SKIP","floor":10},{"not_picked":["wariomod:Bomblaster","wariomod:Leapslam"],"picked":"wariomod:WhirlwindBurst","floor":11},{"not_picked":["wariomod:BodyBlock","wariomod:TreasureDig"],"picked":"wariomod:TrekTime","floor":13},{"not_picked":["wariomod:PoisonBombs","wariomod:BoomForm","wariomod:ForbiddenMagic"],"picked":"wariomod:KeyFinisher","floor":16},{"not_picked":["wariomod:BoomBoom","wariomod:ChargeForth","wariomod:ThatsNotAll"],"picked":"wariomod:Hopshield+1","floor":18},{"not_picked":["wariomod:SmackSlam","wariomod:GreaterGuard","wariomod:BoomAndDoom"],"picked":"wariomod:HappyHit","floor":19},{"not_picked":["wariomod:Immortalize+1","wariomod:CursedSpaces+1","wariomod:NullJump+1"],"picked":"wariomod:HappyHop+1","floor":21},{"not_picked":["wariomod:Bombshield","wariomod:SimpleShield","wariomod:Sidestep"],"picked":"wariomod:BodyBlock","floor":23},{"not_picked":["wariomod:HappyHit","wariomod:DanceDash","wariomod:PayItForwards+1","wariomod:EndlessBlast"],"picked":"SKIP","floor":24},{"not_picked":["wariomod:ChargeForth","wariomod:DisarmingMoves","wariomod:DanceDash","wariomod:TrekTime"],"picked":"SKIP","floor":24},{"not_picked":["wariomod:DoubleDip","wariomod:BlastDash","wariomod:DoubleDash","wariomod:SimpleShield"],"picked":"SKIP","floor":29},{"not_picked":["wariomod:DeepDig","wariomod:SmallSprint","wariomod:BlastDash+1","wariomod:DonateDraw"],"picked":"SKIP","floor":30},{"not_picked":["wariomod:BlastDash","wariomod:BoomBoom","wariomod:ThatsNotAll+1","wariomod:TreasureDig"],"picked":"SKIP","floor":31},{"not_picked":["wariomod:DamnedStrength","wariomod:TreasureDig","wariomod:SmackSlam","wariomod:HastyRush"],"picked":"SKIP","floor":31}],"player_experience":381128,"relics_obtained":[{"floor":5,"key":"Bottled Lightning"},{"floor":7,"key":"Sundial"},{"floor":9,"key":"PreservedInsect"},{"floor":10,"key":"Art of War"},{"floor":13,"key":"Question Card"},{"floor":19,"key":"wanderingMiniBosses:OtherGremlinHorn"},{"floor":23,"key":"Prayer Wheel"},{"floor":26,"key":"Replay:Accelerometer"},{"floor":29,"key":"Replay:WaspNest"},{"floor":30,"key":"Matryoshka"}],"event_choices":[{"damage_healed":0,"gold_gain":0,"player_choice":"2","damage_taken":0,"max_hp_gain":0,"max_hp_loss":0,"event_name":"betterMatch:BetterMatch","floor":21,"gold_loss":0,"cards_obtained":["betterMatch:UncommonCard"]}],"is_beta":false,"boss_relics":[{"not_picked":["wariomod:PropellerHat","Snecko Heart"],"picked":"Sozu"}],"items_purged_floors":[14],"is_endless":false,"potions_floor_spawned":[1,2,5,11,16,18,24],"killed_by":"Gensokyo:Eternal_Rivals","ascension_level":20}}