{"host":"fawhrnsdtsa3msx1","time":1608540024,"event":{"mods":["AchievementEnabler","BaseMod","Colored Map","DeckTracker","Keyboard Shortcuts","Minty Spire (QoL Compilation)","Permanent Neow","Quick Restart","SuperFastMode"],"gold_per_floor":[119,137,147,157,82,82,82,102,102,102,115,125,25,58,58,58,58],"floor_reached":16,"playtime":502,"items_purged":["Strike_G","Strike_G"],"score":120,"play_id":"5cbe4059-3758-4b00-a33b-6f1587452b5e","local_time":"20201221174024","is_ascension_mode":true,"campfire_choices":[{"data":"Neutralize","floor":6,"key":"SMITH"},{"data":"Tactician","floor":10,"key":"SMITH"},{"floor":15,"key":"REST"}],"circlet_count":0,"master_deck":["Strike_G","Strike_G","Strike_G","Defend_G","Defend_G","Defend_G","Defend_G","Defend_G","Survivor","Neutralize+1","Riddle With Holes","Backflip","Backstab","Tactician+1"],"relics":["Ring of the Snake","Happy Flower","HornCleat","Molten Egg 2"],"acts_visited":["Exordium"],"potions_floor_usage":[4,14,16,16,16,16,16],"damage_taken":[{"damage":4,"enemies":"Small Slimes","floor":1,"turns":3},{"damage":0,"enemies":"2 Louse","floor":2,"turns":2},{"damage":4,"enemies":"Cultist","floor":3,"turns":3},{"damage":17,"enemies":"Lots of Slimes","floor":4,"turns":6},{"damage":0,"enemies":"Looter","floor":8,"turns":2},{"damage":4,"enemies":"3 Louse","floor":11,"turns":3},{"damage":6,"enemies":"Exordium Thugs","floor":12,"turns":4},{"damage":30,"enemies":"Lagavulin","floor":14,"turns":8},{"damage":45,"enemies":"The Guardian","floor":16,"turns":16}],"seed_played":"7207737043656879650","potions_obtained":[{"floor":1,"key":"FearPotion"},{"floor":2,"key":"Block Potion"},{"floor":8,"key":"Weak Potion"},{"floor":11,"key":"SkillPotion"},{"floor":14,"key":"EntropicBrew"}],"is_trial":false,"path_per_floor":["M","M","M","M","$","R","?","M","T","R","M","M","$","E","R","B"],"character_chosen":"THE_SILENT","items_purchased":[],"campfire_rested":1,"item_purchase_floors":[],"current_hp_per_floor":[66,66,62,45,45,45,50,50,50,50,46,40,40,10,32,0,0],"gold":58,"neow_bonus":"RANDOM_COMMON_RELIC","is_daily":false,"chose_seed":false,"campfire_upgraded":2,"win_rate":0.0,"timestamp":1608540024,"path_taken":["M","M","M","M","$","R","?","M","T","R","M","M","$","E","R","BOSS"],"items_purchased_type":[],"build_version":"2020-12-13","purchased_purges":2,"victory":false,"max_hp_per_floor":[70,70,70,70,70,70,75,75,75,75,75,75,75,75,75,75,75],"card_choices":[{"not_picked":["Distraction","Dodge and Roll"],"picked":"Riddle With Holes","floor":1},{"not_picked":["Finisher","Underhanded Strike"],"picked":"Backflip","floor":2},{"not_picked":["Riddle With Holes","Setup","Backflip"],"picked":"SKIP","floor":3},{"not_picked":["Venomology","Deflect"],"picked":"Backstab","floor":4},{"not_picked":["Deadly Poison","All Out Attack"],"picked":"Tactician","floor":8},{"not_picked":["Underhanded Strike","Tactician","Dodge and Roll"],"picked":"SKIP","floor":11},{"not_picked":["Well Laid Plans","Choke","All Out Attack"],"picked":"SKIP","floor":12},{"not_picked":["PiercingWail","Cloak And Dagger","Choke+1"],"picked":"SKIP","floor":14}],"player_experience":136051,"relics_obtained":[{"floor":9,"key":"HornCleat"},{"floor":14,"key":"Molten Egg 2"}],"event_choices":[{"damage_healed":0,"gold_gain":0,"player_choice":"Donut","damage_taken":0,"max_hp_gain":5,"max_hp_loss":0,"event_name":"Big Fish","floor":7,"gold_loss":0}],"is_beta":false,"boss_relics":[],"items_purged_floors":[5,13],"is_endless":false,"potions_floor_spawned":[1,2,8,11,14],"killed_by":"The Guardian","ascension_level":3}}