{"host":"nptej036rrbiurf5","time":1608512287,"event":{"mods":["BaseMod","Colored Map","Colored Powertips","DeckTracker","Minty Spire (QoL Compilation)","StSLib","SuperFastMode"],"gold_per_floor":[109,119,119,134,150,179,179,194,217,217,252,270,288,301,301,301,301],"floor_reached":16,"playtime":569,"items_purged":[],"score":282,"play_id":"fb50d551-42e5-4077-bff3-fd723ca56f47","local_time":"20201221095807","is_ascension_mode":true,"campfire_choices":[{"data":"Riddle With Holes","floor":7,"key":"SMITH"},{"data":"Neutralize","floor":10,"key":"SMITH"},{"data":"Cloak And Dagger","floor":15,"key":"SMITH"}],"circlet_count":0,"master_deck":["AscendersBane","Strike_G","Strike_G","Strike_G","Strike_G","Strike_G","Defend_G","Defend_G","Defend_G","Defend_G","Defend_G","Survivor","Neutralize+1","Adrenaline+1","Dash","Dagger Throw","Backflip","Accuracy","Riddle With Holes+1","Quick Slash","Cloak And Dagger+1","Backflip","Blur"],"relics":["Ring of the Snake","Blue Candle","Bag of Preparation","Regal Pillow"],"acts_visited":["Exordium"],"potions_floor_usage":[6,8,11,16],"damage_taken":[{"damage":4,"enemies":"Jaw Worm","floor":1,"turns":6},{"damage":0,"enemies":"Cultist","floor":2,"turns":4},{"damage":0,"enemies":"Small Slimes","floor":4,"turns":3},{"damage":9,"enemies":"Exordium Wildlife","floor":5,"turns":4},{"damage":17,"enemies":"3 Sentries","floor":6,"turns":11},{"damage":6,"enemies":"Red Slaver","floor":8,"turns":3},{"damage":0,"enemies":"Lagavulin","floor":11,"turns":6},{"damage":12,"enemies":"Lots of Slimes","floor":12,"turns":4},{"damage":7,"enemies":"Large Slime","floor":13,"turns":4},{"damage":5,"enemies":"Exordium Wildlife","floor":14,"turns":3},{"damage":19,"enemies":"The Guardian","floor":16,"turns":5}],"seed_played":"-7951818522000191050","potions_obtained":[{"floor":1,"key":"Explosive Potion"},{"floor":5,"key":"Weak Potion"},{"floor":6,"key":"DistilledChaos"},{"floor":11,"key":"FairyPotion"},{"floor":14,"key":"BlessingOfTheForge"}],"is_trial":false,"path_per_floor":["M","M","?","M","M","E","R","M","T","R","E","M","M","M","R","B"],"character_chosen":"THE_SILENT","items_purchased":[],"campfire_rested":0,"item_purchase_floors":[],"current_hp_per_floor":[55,55,55,55,46,29,29,23,23,23,23,11,4,19,19,0,0],"gold":301,"neow_bonus":"ONE_RANDOM_RARE_CARD","is_daily":false,"chose_seed":false,"campfire_upgraded":3,"win_rate":0.0,"timestamp":1608512287,"path_taken":["M","M","?","M","M","E","R","M","T","R","E","M","?","M","R","BOSS"],"items_purchased_type":[],"build_version":"2020-12-13","purchased_purges":0,"victory":false,"max_hp_per_floor":[66,66,66,66,66,66,66,66,66,66,66,66,66,66,66,66,66],"card_choices":[{"not_picked":["Caltrops","Outmaneuver"],"picked":"Dash","floor":1},{"not_picked":["PiercingWail","Slice"],"picked":"Dagger Throw","floor":2},{"not_picked":["Setup","PiercingWail"],"picked":"Backflip","floor":4},{"not_picked":["Endless Agony","Outmaneuver"],"picked":"Accuracy","floor":5},{"not_picked":["Adrenaline","Flying Knee"],"picked":"Riddle With Holes","floor":6},{"not_picked":["Predator","Dagger Spray"],"picked":"Quick Slash","floor":8},{"not_picked":["Footwork","Dash"],"picked":"Cloak And Dagger","floor":11},{"not_picked":["Calculated Gamble","Grand Finale","Dodge and Roll"],"picked":"SKIP","floor":12},{"not_picked":["Backstab","Underhanded Strike"],"picked":"Backflip","floor":13},{"not_picked":["Quick Slash","Dagger Throw"],"picked":"Blur","floor":14}],"player_experience":831090,"relics_obtained":[{"floor":6,"key":"Blue Candle"},{"floor":9,"key":"Bag of Preparation"},{"floor":11,"key":"Regal Pillow"}],"event_choices":[{"damage_healed":0,"gold_gain":0,"player_choice":"Forge","damage_taken":0,"max_hp_gain":0,"max_hp_loss":0,"event_name":"Accursed Blacksmith","floor":3,"gold_loss":0,"cards_upgraded":["Adrenaline"]}],"is_beta":false,"boss_relics":[],"items_purged_floors":[],"is_endless":false,"potions_floor_spawned":[1,5,6,11,14],"killed_by":"The Guardian","ascension_level":20}}