{"host":"fne7yx97fnz7kq05","time":1608519546,"event":{"mods":["BaseMod","Colored Map","Colored Powertips","Highlight Path","Minty Spire (QoL Compilation)","Relic Stats"],"gold_per_floor":[110,110,185,196,1,1,30,30,81,101,133,148,148,148,148,246,246,264,354,318,318,9,9,9,9,9],"floor_reached":25,"playtime":905,"items_purged":["Strike_R"],"score":429,"play_id":"6e8da8d7-1de7-4a6e-99ea-54e6dee4cdf2","local_time":"20201220205906","is_ascension_mode":true,"campfire_choices":[{"data":"Armaments","floor":6,"key":"SMITH"},{"data":"Combust","floor":8,"key":"SMITH"},{"data":"Clothesline","floor":15,"key":"SMITH"},{"floor":24,"key":"REST"}],"circlet_count":0,"master_deck":["AscendersBane","Strike_R","Strike_R","Strike_R","Defend_R","Defend_R","Defend_R","Defend_R","Bash+1","True Grit+1","Combust+1","Armaments+1","Impervious","Rampage","Clothesline+1","Corruption","CurseOfTheBell","Double Tap","Panacea","True Grit","Double Tap"],"relics":["Burning Blood","NeowsBlessing","The Courier","Vajra","Art of War","Golden Idol","Calling Bell","Oddly Smooth Stone","Paper Frog","Prayer Wheel","Pen Nib","Orichalcum"],"acts_visited":["Exordium","TheCity"],"potions_floor_usage":[16,20,22,25],"damage_taken":[{"damage":0,"enemies":"Small Slimes","floor":1,"turns":1},{"damage":0,"enemies":"2 Louse","floor":4,"turns":1},{"damage":0,"enemies":"Lagavulin","floor":7,"turns":2},{"damage":3,"enemies":"Jaw Worm","floor":10,"turns":3},{"damage":20,"enemies":"3 Sentries","floor":11,"turns":7},{"damage":6,"enemies":"Exordium Wildlife","floor":12,"turns":7},{"damage":14,"enemies":"Hexaghost","floor":16,"turns":13},{"damage":22,"enemies":"Chosen","floor":18,"turns":4},{"damage":34,"enemies":"2 Thieves","floor":20,"turns":5},{"damage":59,"enemies":"Gremlin Leader","floor":25,"turns":4}],"seed_played":"-4747633619994525717","potions_obtained":[{"floor":18,"key":"Regen Potion"},{"floor":20,"key":"Fruit Juice"}],"is_trial":false,"path_per_floor":["M","?","?","M","$","R","E","R","T","M","E","M","?","?","R","B",null,"M","?","M","?","$","?","R","E"],"character_chosen":"IRONCLAD","items_purchased":["ColorlessPotion","Armaments","LiquidBronze","Pen Nib","Orichalcum"],"campfire_rested":1,"item_purchase_floors":[5,5,5,22,22],"current_hp_per_floor":[74,51,40,46,46,46,52,52,52,55,41,41,15,20,20,12,63,47,29,16,16,21,21,46,0,0],"gold":9,"neow_bonus":"THREE_ENEMY_KILL","is_daily":false,"chose_seed":false,"campfire_upgraded":3,"win_rate":0.0,"timestamp":1608519546,"path_taken":["M","?","?","M","?","R","E","R","T","M","E","?","?","?","R","BOSS","M","?","?","?","$","?","R","E"],"items_purchased_type":["Potion","Card","Potion","Relic","Relic"],"build_version":"2020-12-13","purchased_purges":1,"victory":false,"max_hp_per_floor":[75,75,75,75,75,75,75,75,75,75,75,75,75,80,80,80,80,80,80,80,80,85,85,85,85,85],"relic_stats":{"counters":[10,47],"Golden Idol":29,"Prayer Wheel":2,"Pen Nib":[0],"Art of War":[4],"Orichalcum":[6],"obtain_stats":[{"Calling Bell":17,"NeowsBlessing":0,"Golden Idol":13,"Vajra":9,"Oddly Smooth Stone":17,"Prayer Wheel":17,"The Courier":7,"Pen Nib":22,"Art of War":11,"Orichalcum":22,"Burning Blood":0,"Paper Frog":17},{"Calling Bell":7,"NeowsBlessing":0,"Golden Idol":6,"Vajra":3,"Oddly Smooth Stone":7,"Prayer Wheel":7,"The Courier":3,"Pen Nib":9,"Art of War":5,"Orichalcum":9,"Burning Blood":0,"Paper Frog":7},{"Calling Bell":34,"NeowsBlessing":0,"Golden Idol":21,"Vajra":4,"Oddly Smooth Stone":34,"Prayer Wheel":34,"The Courier":4,"Pen Nib":43,"Art of War":14,"Orichalcum":43,"Burning Blood":0,"Paper Frog":34}],"Burning Blood":54},"card_choices":[{"not_picked":["Iron Wave","Dark Embrace"],"picked":"True Grit","floor":1},{"not_picked":["Warcry","Heavy Blade"],"picked":"Combust","floor":4},{"not_picked":["Fire Breathing","Iron Wave"],"picked":"Impervious","floor":7},{"not_picked":["Battle Trance","Clash"],"picked":"Rampage","floor":10},{"not_picked":["Anger","Rage","Twin Strike"],"picked":"SKIP","floor":11},{"not_picked":["Flex","Brutality"],"picked":"Clothesline","floor":12},{"not_picked":["Immolate","Barricade"],"picked":"Corruption","floor":16},{"not_picked":["Havoc","Anger"],"picked":"Double Tap","floor":18},{"not_picked":["Iron Wave","Hemokinesis","Inflame"],"picked":"SKIP","floor":18},{"not_picked":["Searing Blow+1","Clash"],"picked":"True Grit","floor":20},{"not_picked":["Thunderclap","Heavy Blade+1","Sword Boomerang"],"picked":"SKIP","floor":20}],"player_experience":103227,"relics_obtained":[{"floor":7,"key":"The Courier"},{"floor":9,"key":"Vajra"},{"floor":11,"key":"Art of War"},{"floor":17,"key":"Oddly Smooth Stone"},{"floor":17,"key":"Paper Frog"},{"floor":17,"key":"Prayer Wheel"}],"event_choices":[{"damage_healed":0,"gold_gain":0,"player_choice":"Entered Light","damage_taken":23,"max_hp_gain":0,"max_hp_loss":0,"event_name":"Shining Light","floor":2,"gold_loss":0,"cards_upgraded":["Bash","True Grit"]},{"damage_healed":0,"gold_gain":75,"player_choice":"Gather Gold","damage_taken":11,"max_hp_gain":0,"max_hp_loss":0,"event_name":"World of Goop","floor":3,"gold_loss":0},{"damage_healed":0,"gold_gain":0,"player_choice":"Take Damage","damage_taken":26,"relics_obtained":["Golden Idol"],"max_hp_gain":0,"max_hp_loss":0,"event_name":"Golden Idol","floor":13,"gold_loss":0},{"damage_healed":0,"gold_gain":0,"player_choice":"Donut","damage_taken":0,"max_hp_gain":5,"max_hp_loss":0,"event_name":"Big Fish","floor":14,"gold_loss":0},{"damage_healed":0,"gold_gain":90,"player_choice":"GOLD CARD ","damage_taken":18,"max_hp_gain":0,"max_hp_loss":0,"event_name":"Knowing Skull","floor":19,"potions_obtained":[],"gold_loss":0,"cards_obtained":["Panacea"]},{"damage_healed":0,"gold_gain":0,"player_choice":"Ignored","damage_taken":0,"max_hp_gain":0,"max_hp_loss":0,"event_name":"The Mausoleum","floor":21,"gold_loss":0},{"damage_healed":0,"gold_gain":0,"cards_transformed":["Strike_R"],"player_choice":"Transformed","damage_taken":0,"max_hp_gain":0,"max_hp_loss":0,"event_name":"Transmorgrifier","floor":23,"gold_loss":0,"cards_obtained":["Double Tap"]}],"is_beta":false,"boss_relics":[{"not_picked":["Busted Crown","Fusion Hammer"],"picked":"Calling Bell"}],"items_purged_floors":[22],"is_endless":false,"potions_floor_spawned":[7,11,12,18,20],"killed_by":"Gremlin Leader","ascension_level":17}}