{"host":"3ag28rj20kycqn2b","time":1608511030,"event":{"mods":["BaseMod","BetterRewards","Colored Map","Colored Powertips","Conspire","Downfall","Googly Eyes","Hermit","Highlight Path","Jorbs\u0027s Wanderer Trilogy","Marisa????????","Minty Spire (QoL Compilation)","Rare Cards Sparkle","Relic Sorter","Replay The Spire","Shop Mod","StSLib","The Construct","The Cursed","The Necromancer","The Runesmith","The Servant 0.9.4","TheSwordswoman"],"gold_per_floor":[113,22,32,44,44,44,44,79,79,113,113,113,113,113,113,213,313,328,427,352,352,365,365,365,399,445,445,445,345,345,260,260,356,356,368,368,243,243,89,89,89,89,114,148,148,148,148,148,148,148],"floor_reached":51,"playtime":1952,"items_purged":["construct:FierceBash+1","construct:ShieldGenerator+1","construct:BatteryAcid"],"score":707,"play_id":"b6b6c18c-181a-4b23-ba07-ce19a8da39d8","local_time":"20201220193710","daily_mods":["Draft","Vintage","Heirloom","Time Dilation","Flight","downfall:Jewelcrafting","downfall:Lament"],"is_ascension_mode":false,"campfire_choices":[{"data":"construct:Failsafe","floor":6,"key":"SMITH"},{"data":"construct:FlameCore","floor":7,"key":"SMITH"},{"data":"construct:ReactiveShield","floor":11,"key":"SMITH"},{"data":"construct:FlameCore+1","floor":12,"key":"SMITH"},{"data":"construct:Hazardproof","floor":13,"key":"SMITH"},{"data":"construct:Analyze","floor":15,"key":"SMITH"},{"data":"construct:Autoturret","floor":23,"key":"SMITH"},{"data":"construct:Autoturret","floor":24,"key":"SMITH"},{"data":"construct:Autoturret","floor":28,"key":"SMITH"},{"data":"construct:Autoturret+1","floor":30,"key":"SMITH"},{"data":"construct:Autoturret+1","floor":32,"key":"SMITH"},{"data":"Guardian:ExploitGems","floor":45,"key":"SMITH"},{"data":"Guardian:ExploitGems","floor":46,"key":"SMITH"},{"data":"construct:BatteryCore","floor":47,"key":"SMITH"},{"data":"construct:FlameCore","floor":49,"key":"SMITH"}],"circlet_count":0,"master_deck":["Guardian:ExploitGems+1","Guardian:ExploitGems+1","construct:Autoturret+2","construct:Autoturret+2","construct:Stasis","construct:Failsafe+1","construct:ReactiveShield+1","construct:Overcharge","construct:FlameCore+1","construct:FlameCore+2","construct:Autoturret+1","construct:Reinforce","construct:Analyze+1","construct:Hazardproof+1","construct:BatteryCore+1"],"relics":["construct:ClockworkPhoenix","conspire:TopHat","Guardian:PickAxe","NeowsBlessing","Gambling Chip","Quantum Egg","Bronze Scales","Pear","NeowsBlessing","White Beast Statue","construct:FoamFinger","NeowsBlessing","Replay:Grab Bag","Replay:Wanted Poster","conspire:RoyalGoblet","construct:WeddingRing","Astrolabe","Divine Protection","Ancient Tea Set","construct:MasterCore","Centennial Puzzle","NeowsBlessing","Runesmith:AutoHammer","Empty Cage","PreservedInsect","Lantern","Omamori","Replay:Accelerometer","NeowsBlessing"],"acts_visited":["Exordium","TheCity","TheBeyond"],"potions_floor_usage":[],"damage_taken":[{"damage":0,"enemies":"conspire:RoseBush","floor":1,"turns":1},{"damage":0,"enemies":"2 Louse","floor":3,"turns":1},{"damage":12,"enemies":"Small Slimes","floor":4,"turns":1},{"damage":0,"enemies":"3 Sentries","floor":8,"turns":1},{"damage":0,"enemies":"Gremlin Nob","floor":10,"turns":1},{"damage":0,"enemies":"Slime Boss","floor":16,"turns":1},{"damage":0,"enemies":"Chosen","floor":18,"turns":1},{"damage":0,"enemies":"2 Thieves","floor":22,"turns":1},{"damage":36,"enemies":"Gremlin Leader","floor":25,"turns":4},{"damage":0,"enemies":"Collector","floor":33,"turns":1},{"damage":0,"enemies":"3 Shapes","floor":35,"turns":1},{"damage":0,"enemies":"conspire:MimicChest","floor":44,"turns":1},{"damage":0,"enemies":"Donu and Deca","floor":50,"turns":1}],"seed_played":"2221203637282591926","potions_obtained":[{"floor":4,"key":"sneckomod:MuddlingPotion"},{"floor":10,"key":"Elixir"},{"floor":16,"key":"SpeedPotion"},{"floor":18,"key":"construct:MegaPotion"},{"floor":22,"key":"SteroidPotion"},{"floor":25,"key":"SkillPotion"}],"is_trial":true,"path_per_floor":["M","$","M","M","WH","R","R","E","T","E","R","R","R","WH","R","B",null,"M","?","$","?","M","R","R","E","T","WH","R","$","R","?","R","B",null,"M","?","$","?","$","R","R","R","T","?","R","R","R","WH","R","B",null],"character_chosen":"THE_CONSTRUCT_MOD","items_purchased":["construct:ElectricArmor","construct:ShiftStrike","Lantern"],"campfire_rested":0,"item_purchase_floors":[2,2,39],"current_hp_per_floor":[85,85,85,83,83,83,83,83,83,83,83,83,83,83,83,83,95,95,95,95,95,95,95,95,59,59,59,59,59,59,59,59,59,95,95,95,95,95,95,95,95,95,95,95,95,95,95,95,95,95],"gold":148,"neow_bonus":"THREE_ENEMY_KILL","is_daily":false,"chose_seed":false,"campfire_upgraded":15,"win_rate":0.0,"timestamp":1608511030,"path_taken":["M","$","M","M","WH","R","R","E","T","E","R","R","R","WH","R","BOSS","M","?","$","?","M","R","R","E","T","WH","R","$","R","?","R","BOSS","M","?","$","?","$","R","R","R","T","?","R","R","R","WH","R","BOSS"],"items_purchased_type":["Card","Card","Relic"],"build_version":"2020-12-13","purchased_purges":3,"victory":true,"max_hp_per_floor":[85,85,85,95,95,95,95,95,95,95,95,95,95,95,95,95,95,95,95,95,95,95,95,95,95,95,95,95,95,95,95,95,95,95,95,95,95,95,95,95,95,95,95,95,95,95,95,95,95,95],"card_choices":[{"not_picked":["construct:Missile","construct:ModeShift"],"picked":"construct:Autoturret","floor":0},{"not_picked":["construct:Accumulate","construct:Boost"],"picked":"construct:Autoturret","floor":0},{"not_picked":["construct:Reinforce","construct:Backfire"],"picked":"construct:Analyze","floor":0},{"not_picked":["construct:ChargeShot","construct:Accumulate"],"picked":"construct:Stasis","floor":0},{"not_picked":["construct:Impenetrable","construct:Overcharge"],"picked":"construct:Failsafe","floor":0},{"not_picked":["construct:FierceBash","construct:SyphonStrike"],"picked":"construct:ReactiveShield","floor":0},{"not_picked":["construct:Dampening","construct:HeavyBolt"],"picked":"construct:Overcharge","floor":0},{"not_picked":["construct:Tumble","construct:SaveState"],"picked":"construct:Autoturret","floor":0},{"not_picked":["construct:SaveState","construct:ShiftGuard"],"picked":"construct:FlameCore","floor":0},{"not_picked":["construct:SweepLaser","construct:SaveState"],"picked":"construct:FlameCore","floor":0},{"not_picked":["construct:ChargeShot","construct:FierceBash"],"picked":"construct:Autoturret","floor":0},{"not_picked":["construct:SuppressiveFire","construct:SaveState"],"picked":"construct:Reinforce","floor":0},{"not_picked":["construct:HardReboot","construct:HeavyBolt"],"picked":"construct:Analyze","floor":0},{"not_picked":["construct:Versatility","construct:ClusterMines"],"picked":"construct:BatteryAcid","floor":0},{"not_picked":["construct:SuppressiveFire","construct:HeavyBolt"],"picked":"construct:ElectricArmor","floor":0},{"not_picked":["construct:Antimatter","construct:Anticipate","construct:SyphonStrike"],"picked":"SKIP","floor":8},{"not_picked":["construct:HardReboot","construct:FlakBarrage"],"picked":"construct:Hazardproof","floor":10},{"not_picked":["construct:SuppressiveFire","construct:Boost","construct:Stasis"],"picked":"SKIP","floor":25},{"not_picked":["construct:Bunker","construct:Multistage"],"picked":"construct:BatteryCore","floor":33}],"player_experience":398716,"relics_obtained":[{"floor":1,"key":"Quantum Egg"},{"floor":3,"key":"Bronze Scales"},{"floor":4,"key":"Pear"},{"floor":8,"key":"White Beast Statue"},{"floor":9,"key":"construct:FoamFinger"},{"floor":10,"key":"conspire:TopHat"},{"floor":18,"key":"Divine Protection"},{"floor":22,"key":"Ancient Tea Set"},{"floor":25,"key":"construct:MasterCore"},{"floor":26,"key":"Centennial Puzzle"},{"floor":35,"key":"PreservedInsect"},{"floor":43,"key":"Omamori"},{"floor":44,"key":"Replay:Accelerometer"}],"event_choices":[{"damage_healed":0,"gold_gain":99,"player_choice":"Stole From Cult","damage_taken":0,"max_hp_gain":0,"max_hp_loss":0,"event_name":"Nest","floor":19,"gold_loss":0},{"damage_healed":0,"gold_gain":0,"player_choice":"Ignored","damage_taken":0,"max_hp_gain":0,"max_hp_loss":0,"event_name":"Vampires","floor":21,"gold_loss":0},{"damage_healed":0,"gold_gain":0,"player_choice":"Obtained Relic","damage_taken":0,"relics_obtained":["Runesmith:AutoHammer"],"max_hp_gain":0,"max_hp_loss":0,"event_name":"Addict","floor":31,"gold_loss":85},{"cards_removed":["construct:Analyze"],"damage_healed":0,"gold_gain":0,"player_choice":"Removed Skill","damage_taken":0,"max_hp_gain":0,"max_hp_loss":0,"event_name":"Falling","floor":36,"gold_loss":0},{"damage_healed":0,"gold_gain":0,"player_choice":"Leave","damage_taken":0,"max_hp_gain":0,"max_hp_loss":0,"event_name":"conspire:Investor","floor":38,"gold_loss":0}],"is_beta":false,"boss_relics":[{"not_picked":["ChewingGum","Replay:Bronze Core"],"picked":"Replay:Grab Bag"},{"not_picked":["Velvet Choker","Painkiller Herb"],"picked":"Replay:Wanted Poster"},{"not_picked":["Sozu","Philosopher\u0027s Stone"],"picked":"conspire:RoyalGoblet"},{"not_picked":["Replay:Drink Me","expansioncontent:StudyCardRelic"],"picked":"construct:WeddingRing"},{"not_picked":["conspire:SpecialSausage","SlaversCollar"],"picked":"Astrolabe"},{"not_picked":["Tiny House","Cursed Key"],"picked":"Empty Cage"}],"items_purged_floors":[20,29,37],"is_endless":false,"potions_floor_spawned":[4,10,16,18,22,25,33,35,44],"ascension_level":0}}