{"host":"kjehzzhcyp0nyrrl","time":1608570432,"event":{"mods":["AchievementEnabler","BaseMod","Custom Start","Hermit","Keyboard Shortcuts","Koishi","Minty Spire (QoL Compilation)","StSLib","SuperFastMode","The Dragon Tamer","The Gatherer","everything is the same but u backflip on backflip"],"gold_per_floor":[115,131,56,74,89,89,123,123,172,172,205,205,240,140,140,240,240,251,263,273,286,211,211,237,237,237,250,54,83,44,61,61,158,158,178,198,248,248,259,287,287,305,329,329,349,374,374,224,224,224,224,224,21,46,46],"floor_reached":56,"playtime":2608,"items_purged":["Fire Breathing","Infernal Blade","Blood for Blood","Clumsy"],"score":1340,"play_id":"12537ad2-8144-4ccc-89f2-31dd5f35bd94","local_time":"20201222020712","daily_mods":["SealedDeck","Heirloom"],"is_ascension_mode":false,"campfire_choices":[{"data":"Rampage","floor":6.0,"key":"SMITH"},{"data":"True Grit","floor":8.0,"key":"SMITH"},{"data":"Dark Embrace","floor":10.0,"key":"SMITH"},{"data":"Uppercut","floor":12.0,"key":"SMITH"},{"data":"Pommel Strike","floor":15.0,"key":"SMITH"},{"floor":23.0,"key":"RECALL"},{"data":"Pommel Strike","floor":25.0,"key":"SMITH"},{"data":"Evolve","floor":32.0,"key":"SMITH"},{"data":"Burning Pact","floor":41,"key":"SMITH"},{"data":"Power Through","floor":44,"key":"SMITH"},{"data":"Disarm","floor":47,"key":"SMITH"},{"data":"Headbutt","floor":49,"key":"SMITH"},{"data":"Dropkick","floor":52,"key":"SMITH"}],"circlet_count":0,"master_deck":["Dropkick+1","Pommel Strike+1","Pommel Strike+1","Uppercut+1","True Grit+1","Dark Embrace+1","Rampage+1","Power Through+1","Disarm+1","Headbutt+1","Clash","Burning Pact+1","Shrug It Off+1","Evolve+1"],"relics":["Burning Blood","Pocketwatch","Bottled Flame","Orichalcum","TungstenRod","Busted Crown","Bag of Preparation","Shuriken","Toy Ornithopter","Cursed Key","Bronze Scales","MealTicket","Charon\u0027s Ashes","Medical Kit","Anchor"],"acts_visited":["Exordium","TheCity","TheBeyond","TheEnding"],"potions_floor_usage":[42,42,42,46,50,54,55,55],"damage_taken":[{"damage":0.0,"enemies":"Cultist","floor":1.0,"turns":2.0},{"damage":0.0,"enemies":"2 Louse","floor":2.0,"turns":2.0},{"damage":1.0,"enemies":"Small Slimes","floor":4.0,"turns":4.0},{"damage":7.0,"enemies":"3 Louse","floor":5.0,"turns":2.0},{"damage":16.0,"enemies":"Gremlin Nob","floor":7.0,"turns":4.0},{"damage":8.0,"enemies":"3 Sentries","floor":11.0,"turns":5.0},{"damage":0.0,"enemies":"Gremlin Nob","floor":13.0,"turns":3.0},{"damage":22.0,"enemies":"Slime Boss","floor":16.0,"turns":10.0},{"damage":0.0,"enemies":"Chosen","floor":18.0,"turns":3.0},{"damage":9.0,"enemies":"2 Thieves","floor":19.0,"turns":4.0},{"damage":0.0,"enemies":"Chosen and Byrds","floor":20.0,"turns":6.0},{"damage":2.0,"enemies":"Snecko","floor":21.0,"turns":3.0},{"damage":8.0,"enemies":"Book of Stabbing","floor":24.0,"turns":4.0},{"damage":3.0,"enemies":"Sentry and Sphere","floor":27.0,"turns":3.0},{"damage":21.0,"enemies":"Gremlin Leader","floor":29.0,"turns":5.0},{"damage":2.0,"enemies":"Centurion and Healer","floor":31.0,"turns":5.0},{"damage":23.0,"enemies":"Collector","floor":33.0,"turns":9.0},{"damage":0.0,"enemies":"Orb Walker","floor":35.0,"turns":2.0},{"damage":0.0,"enemies":"3 Shapes","floor":36.0,"turns":4.0},{"damage":0.0,"enemies":"Mind Bloom Boss Battle","floor":37.0,"turns":3.0},{"damage":0,"enemies":"Spire Growth","floor":39,"turns":4},{"damage":7,"enemies":"Giant Head","floor":40,"turns":6},{"damage":0,"enemies":"3 Darklings","floor":42,"turns":5},{"damage":0,"enemies":"4 Shapes","floor":45,"turns":4},{"damage":2,"enemies":"Nemesis","floor":46,"turns":5},{"damage":53,"enemies":"Donu and Deca","floor":50,"turns":7},{"damage":4,"enemies":"Shield and Spear","floor":54,"turns":6},{"damage":83,"enemies":"The Heart","floor":55,"turns":7}],"seed_played":"-8718465103470958549","potions_obtained":[{"floor":1.0,"key":"Regen Potion"},{"floor":2.0,"key":"Regen Potion"},{"floor":4.0,"key":"LiquidBronze"},{"floor":5.0,"key":"EntropicBrew"},{"floor":13.0,"key":"Fruit Juice"},{"floor":19.0,"key":"Explosive Potion"},{"floor":24.0,"key":"Fire Potion"},{"floor":37,"key":"AttackPotion"},{"floor":40,"key":"SkillPotion"},{"floor":46,"key":"Fruit Juice"},{"floor":54,"key":"Strength Potion"}],"is_trial":true,"path_per_floor":["M","M","$","M","M","R","E","R","T","R","E","R","E","$","R","B",null,"M","M","M","M","?","R","E","R","T","M","$","E","$","M","R","B",null,"M","M","?","?","M","E","R","M","T","R","M","E","R","$","R","B",null,"R","$","E","B",null],"character_chosen":"IRONCLAD","items_purchased":["Burning Pact","Evolve","Medical Kit","Block Potion"],"campfire_rested":0,"item_purchase_floors":[28,30,53,53],"current_hp_per_floor":[80,80,80,80,79,79,69,69,69,69,67,67,78,78,78,62,85,85,82,85,85,85,85,83,83,83,85,85,70,70,74,74,57,85,85,85,85,85,85,84,84,85,85,85,85,90,90,90,90,43,90,90,90,90,18],"gold":46,"neow_bonus":"","is_daily":false,"chose_seed":false,"campfire_upgraded":12,"win_rate":0.0,"timestamp":1608570432,"path_taken":["M","?","$","M","M","R","E","R","T","R","E","R","E","$","R","BOSS","M","M","M","M","?","R","E","R","T","M","$","E","$","M","R","BOSS","M","M","?","?","M","E","R","M","T","R","M","E","R","$","R","BOSS","R","$","E","BOSS"],"items_purchased_type":["Card","Card","Relic","Potion"],"build_version":"2020-12-13","purchased_purges":4,"victory":true,"max_hp_per_floor":[80,80,80,80,80,80,80,80,80,80,80,80,85,85,85,85,85,85,85,85,85,85,85,85,85,85,85,85,85,85,85,85,85,85,85,85,85,85,85,85,85,85,85,85,85,90,90,90,90,90,90,90,90,90,90],"card_choices":[{"not_picked":["Sword Boomerang","Pummel"],"picked":"Rampage","floor":1.0},{"not_picked":["Thunderclap","Warcry"],"picked":"Power Through","floor":2.0},{"not_picked":["Body Slam","Armaments"],"picked":"Disarm","floor":4.0},{"not_picked":["Flex","Pommel Strike","Iron Wave"],"picked":"SKIP","floor":5.0},{"not_picked":["Twin Strike","Havoc"],"picked":"Headbutt","floor":7.0},{"not_picked":["Body Slam","Thunderclap","Reaper"],"picked":"SKIP","floor":11.0},{"not_picked":["Flex","Shrug It Off"],"picked":"Clash","floor":13.0},{"not_picked":["Perfected Strike"],"picked":"SKIP","floor":18.0},{"not_picked":["True Grit"],"picked":"SKIP","floor":19.0},{"not_picked":["Sword Boomerang"],"picked":"SKIP","floor":20.0},{"not_picked":["Clash"],"picked":"SKIP","floor":21.0},{"not_picked":["Sword Boomerang"],"picked":"SKIP","floor":24.0},{"not_picked":["True Grit"],"picked":"SKIP","floor":27.0},{"not_picked":[],"picked":"Shrug It Off+1","floor":29.0},{"not_picked":["Twin Strike"],"picked":"SKIP","floor":31.0},{"not_picked":["Havoc"],"picked":"SKIP","floor":35.0},{"not_picked":["Havoc+1"],"picked":"SKIP","floor":36.0},{"not_picked":["Power Through+1"],"picked":"SKIP","floor":39},{"not_picked":["Flex+1"],"picked":"SKIP","floor":40},{"not_picked":["Body Slam"],"picked":"SKIP","floor":42},{"not_picked":["Warcry+1"],"picked":"SKIP","floor":45},{"not_picked":["Whirlwind"],"picked":"SKIP","floor":46},{"not_picked":["Twin Strike"],"picked":"SKIP","floor":54}],"player_experience":376232,"relics_obtained":[{"floor":7.0,"key":"Bottled Flame"},{"floor":11.0,"key":"Orichalcum"},{"floor":13.0,"key":"TungstenRod"},{"floor":24.0,"key":"Bag of Preparation"},{"floor":26.0,"key":"Shuriken"},{"floor":29.0,"key":"Toy Ornithopter"},{"floor":40,"key":"Bronze Scales"},{"floor":43,"key":"MealTicket"},{"floor":46,"key":"Charon\u0027s Ashes"},{"floor":54,"key":"Anchor"}],"event_choices":[{"cards_removed":["Iron Wave"],"damage_healed":0.0,"max_hp_gain":0.0,"max_hp_loss":0.0,"gold_gain":0.0,"event_name":"Beggar","player_choice":"Gave Gold","floor":22.0,"gold_loss":75.0,"damage_taken":0.0},{"damage_healed":0.0,"max_hp_gain":0.0,"max_hp_loss":0.0,"gold_gain":0.0,"event_name":"MindBloom","player_choice":"Fight","floor":37.0,"gold_loss":0.0,"damage_taken":0.0},{"damage_healed":0,"gold_gain":0,"player_choice":"Ignored","damage_taken":0,"max_hp_gain":0,"max_hp_loss":0,"event_name":"Tomb of Lord Red Mask","floor":38,"gold_loss":0}],"is_beta":false,"boss_relics":[{"not_picked":["Coffee Dripper","Fusion Hammer"],"picked":"Busted Crown"},{"not_picked":["Calling Bell","SacredBark"],"picked":"Cursed Key"}],"items_purged_floors":[3,14,28,48],"is_endless":false,"potions_floor_spawned":[1,2,4,5,13,19,24,37,40,46,54],"ascension_level":0}}