{"host":"3olzf542l24t7rz7","time":1608577255,"event":{"mods":["Aspiration","BaseMod","BetterRewards","Colored Map","Colored Powertips","Conspire","Halation","Hubris","Infinite Spire","Luminous","Minty Spire (QoL Compilation)","Replay The Spire","Shop Mod","StSLib","The Blue Laboratory","The Runesmith","TheSwordswoman","Waifu the Spire","WarShipGirlsR/????R mod","vexMod"],"gold_per_floor":[214,214,214,214,59,59,78,113,125,143,143,178,24,24,24],"floor_reached":14,"playtime":477,"items_purged":["Strike_B"],"score":103,"play_id":"53246493-f241-4600-9a13-e89077a59e6b","local_time":"20201221140055","is_ascension_mode":true,"campfire_choices":[],"circlet_count":0,"master_deck":["Strike_B","Strike_B","Strike_B","Defend_B","Defend_B","Defend_B","Defend_B","Zap","Dualcast","Genetic Algorithm","Rip and Tear","Melter","Gash","Gash","White Noise","Conserve Battery"],"relics":["Cracked Core","Darkstone Periapt","Akabeko","Replay:Wax Seal","Golden Egg","Quantum Egg","Juzu Bracelet"],"acts_visited":["Exordium"],"potions_floor_usage":[12,12],"damage_taken":[{"damage":0,"enemies":"2 Louse","floor":1,"turns":2},{"damage":3,"enemies":"Small Slimes","floor":7,"turns":3},{"damage":18,"enemies":"Gremlin Nob","floor":8,"turns":3},{"damage":0,"enemies":"Jaw Worm","floor":9,"turns":1},{"damage":2,"enemies":"Blue Slaver","floor":10,"turns":2},{"damage":18,"enemies":"Lagavulin","floor":12,"turns":5},{"damage":32,"enemies":"Gremlin Nob","floor":14,"turns":3}],"seed_played":"2545559472764180283","potions_obtained":[{"floor":8,"key":"Energy Potion"},{"floor":9,"key":"blueLaboratory:FrostheartPotion"}],"is_trial":false,"path_per_floor":["M","?","PTL","PTL","$","?","M","E","M","M","T","E","$","E"],"character_chosen":"DEFECT","items_purchased":["Rip and Tear","Juzu Bracelet"],"campfire_rested":0,"item_purchase_floors":[5,13],"current_hp_per_floor":[75,63,63,63,63,63,60,42,42,40,40,22,22,0,0],"gold":24,"neow_bonus":"HUNDRED_GOLD","is_daily":false,"chose_seed":false,"campfire_upgraded":0,"win_rate":0.0,"timestamp":1608577255,"path_taken":["M","?","PTL","PTL","$","?","M","E","M","M","T","E","$","E"],"items_purchased_type":["Card","Relic"],"build_version":"2020-12-13","purchased_purges":1,"victory":false,"max_hp_per_floor":[75,75,75,75,75,75,75,75,75,75,75,75,75,75,75],"card_choices":[{"not_picked":["Barrage","Coolheaded"],"picked":"Genetic Algorithm","floor":1},{"not_picked":["Leap","Panic Button"],"picked":"Melter","floor":7},{"not_picked":["ReplayGash","Sweeping Beam"],"picked":"Gash","floor":8},{"not_picked":["Leap","Cold Snap"],"picked":"Gash","floor":9},{"not_picked":["Multi-Cast","Ball Lightning"],"picked":"White Noise","floor":10},{"not_picked":["Aggregate","Steam"],"picked":"Conserve Battery","floor":12}],"player_experience":419720,"relics_obtained":[{"floor":6,"key":"Akabeko"},{"floor":8,"key":"Replay:Wax Seal"},{"floor":11,"key":"Golden Egg"},{"floor":12,"key":"Quantum Egg"}],"event_choices":[{"damage_healed":0,"gold_gain":0,"player_choice":"Success","damage_taken":12,"relics_obtained":["Darkstone Periapt"],"max_hp_gain":0,"max_hp_loss":0,"event_name":"Scrap Ooze","floor":2,"gold_loss":0}],"is_beta":false,"boss_relics":[],"items_purged_floors":[5],"is_endless":false,"potions_floor_spawned":[8,9],"killed_by":"Gremlin Nob","ascension_level":1}}