{"host":"y9jgkjnf95sujozk","time":1608560790,"event":{"mods":["2.2 Compatiblity","AchievementEnabler","Act Like it!","BaseMod","Block Reminder","Colored Map","Colored Powertips","Downfall","Friendly Minions","Gensokyo","GifTheSpireLib","Hermit","Highlight Path","HololiveMod","MarisaÅiñ∂âJÅ@ñÇóùçπÅj","Minty Spire (QoL Compilation)","Random Character Button","Rare Cards Sparkle","Replay The Spire","StSLib","SuperFastMode","The Animator","The Bug Knight","The Cursed","The Servant 0.9.4"],"gold_per_floor":[109,122,137,119,119,119,294,294,366,82,117,117,21,34,34,131,131,142,213,213,232,232,249,249,268,268,280,298,298,298],"floor_reached":29,"playtime":627,"items_purged":[],"score":250,"play_id":"6c3bd898-86ed-410c-860c-01886a386944","local_time":"20201221152630","is_ascension_mode":true,"campfire_choices":[{"data":"Deadly Poison","floor":6.0,"key":"SMITH"},{"floor":12,"key":"REST"},{"floor":15,"key":"REST"},{"floor":24,"key":"REST"}],"circlet_count":0,"master_deck":["Strike_G","Strike_G","Strike_G","Strike_G","Strike_G","Defend_G","Defend_G","Defend_G","Defend_G","Defend_G","Survivor","Neutralize","Deadly Poison","Hidden Blade","Flying Knee","Deadly Poison+1","Bane","Atom Bomb","expansioncontent:PrepareCrush","All Out Attack","Jack Of All Trades","Bane","Poison Darts","Poisoned Stab","Noxious Fumes","Draining Mist","Catalyst+1","Poisoned Stab","Catalyst","Prepared","Outmaneuver"],"relics":["Ring of the Snake","Omamori","Question Card","ReplayTheSpireMod:TigerMarble","Replay:Grab Bag","ChewingGum","Fusion Hammer","HoveringKite","SlaversCollar","Replay:Mystery Machine","Byrd Skull","Pet Ghost"],"acts_visited":["Exordium","TheCity"],"potions_floor_usage":[11,11,16,29,29,29],"damage_taken":[{"damage":0.0,"enemies":"Jaw Worm","floor":1.0,"turns":5.0},{"damage":1.0,"enemies":"2 Louse","floor":2.0,"turns":3.0},{"damage":0.0,"enemies":"Small Slimes","floor":3.0,"turns":5.0},{"damage":3.0,"enemies":"Exordium Thugs","floor":4.0,"turns":4.0},{"damage":30,"enemies":"3 Sentries","floor":11,"turns":7},{"damage":7,"enemies":"3 Louse","floor":14,"turns":2},{"damage":23,"enemies":"Hexaghost","floor":16,"turns":9},{"damage":0,"enemies":"Spheric Guardian","floor":18,"turns":1},{"damage":0,"enemies":"Chosen","floor":21,"turns":2},{"damage":15,"enemies":"Snecko","floor":23,"turns":3},{"damage":15,"enemies":"Snake Plant","floor":25,"turns":5},{"damage":1,"enemies":"Centurion and Healer","floor":27,"turns":3},{"damage":38,"enemies":"Chosen and Byrds","floor":28,"turns":5},{"damage":20,"enemies":"Slavers","floor":29,"turns":3}],"seed_played":"-1349020821797530261","potions_obtained":[{"floor":1.0,"key":"Energy Potion"},{"floor":4.0,"key":"LiquidBronze"},{"floor":14,"key":"Ancient Potion"},{"floor":19,"key":"Explosive Potion"},{"floor":21,"key":"Venom Potion"},{"floor":25,"key":"LiquidBronze"}],"is_trial":false,"path_per_floor":["M","M","M","M","?","R","?","?","T","$","E","R","$","M","R","B",null,"M","?","?","M","?","M","R","M","T","M","M","E"],"character_chosen":"THE_SILENT","items_purchased":["Bane","Atom Bomb","expansioncontent:PrepareCrush","Jack Of All Trades"],"campfire_rested":3,"item_purchase_floors":[10,10,10,13],"current_hp_per_floor":[70,69,69,66,70,70,70,70,70,70,40,61,61,54,70,47,70,70,70,70,70,70,55,70,55,55,54,16,0,0],"gold":298,"neow_bonus":"RANDOM_COMMON_RELIC","is_daily":false,"chose_seed":false,"campfire_upgraded":1,"win_rate":0.0,"timestamp":1608560790,"path_taken":["M","M","M","M","?","R","?","?","T","$","E","R","?","M","R","BOSS","M","?","?","M","?","M","R","M","T","M","M","E"],"items_purchased_type":["Card","Card","Card","Card"],"build_version":"2020-12-13","purchased_purges":0,"victory":false,"max_hp_per_floor":[70,70,70,70,70,70,70,70,70,70,70,70,70,70,70,70,70,70,70,70,70,70,70,70,70,70,70,70,70,70],"card_choices":[{"not_picked":["Dagger Spray","Outmaneuver"],"picked":"Deadly Poison","floor":1.0},{"not_picked":["Finisher","Dash"],"picked":"Hidden Blade","floor":2.0},{"not_picked":["Dodge and Roll","Predator"],"picked":"Flying Knee","floor":3.0},{"not_picked":["Setup","Predator"],"picked":"Deadly Poison","floor":4.0},{"not_picked":["Tactician","Well Laid Plans","Deflect"],"picked":"All Out Attack","floor":11},{"not_picked":["Dagger Spray","Sucker Punch","Slice"],"picked":"Bane","floor":14},{"not_picked":["After Image","Bullet Time","Adrenaline"],"picked":"Poison Darts","floor":16},{"not_picked":["Predator","Expertise","Acrobatics"],"picked":"Poisoned Stab","floor":18},{"not_picked":["Backflip","Flying Knee","Cloak And Dagger"],"picked":"Noxious Fumes","floor":19},{"not_picked":["Infinite Blades","Cloak And Dagger+1","PiercingWail"],"picked":"Draining Mist","floor":19},{"not_picked":["Acrobatics","Cloak And Dagger","Dodge and Roll"],"picked":"Catalyst+1","floor":21},{"not_picked":["Terror","Crippling Poison","Footwork"],"picked":"Poisoned Stab","floor":23},{"not_picked":["Masterful Stab","After Image","Noxious Fumes+1"],"picked":"Catalyst","floor":25},{"not_picked":["Acrobatics","Sucker Punch","ReplayTheSpireMod:Speed Training+1"],"picked":"Prepared","floor":27},{"not_picked":["Cloak And Dagger+1","Slice","PiercingWail"],"picked":"Outmaneuver","floor":28}],"player_experience":118074,"relics_obtained":[{"floor":9,"key":"Question Card"},{"floor":11,"key":"ReplayTheSpireMod:TigerMarble"},{"floor":19,"key":"Replay:Mystery Machine"},{"floor":26,"key":"Pet Ghost"}],"event_choices":[{"damage_healed":23.0,"max_hp_gain":0.0,"max_hp_loss":0.0,"gold_gain":0.0,"event_name":"Big Fish","player_choice":"Banana","floor":5.0,"gold_loss":0.0,"damage_taken":0.0},{"damage_healed":0.0,"max_hp_gain":0.0,"max_hp_loss":0.0,"gold_gain":175.0,"event_name":"Liars Game","player_choice":"AGREE","floor":7.0,"gold_loss":0.0,"damage_taken":0.0,"cards_obtained":["Doubt"]},{"damage_healed":0,"gold_gain":0,"player_choice":"Leave","damage_taken":0,"max_hp_gain":0,"max_hp_loss":0,"event_name":"The Cleric","floor":8,"gold_loss":0},{"damage_healed":0,"gold_gain":0,"player_choice":"Ignored","damage_taken":0,"max_hp_gain":0,"max_hp_loss":0,"event_name":"Beggar","floor":20,"gold_loss":0}],"is_beta":false,"boss_relics":[{"not_picked":["Philosopher\u0027s Stone","Cursed Key"],"picked":"Replay:Grab Bag"},{"not_picked":["Ectoplasm","Replay:Wanted Poster"],"picked":"ChewingGum"},{"not_picked":["Velvet Choker","Sozu"],"picked":"Fusion Hammer"},{"not_picked":["Runic Pyramid","Kintsugi"],"picked":"HoveringKite"},{"not_picked":["Snecko Scales","Hololive_ChaosS"],"picked":"SlaversCollar"}],"items_purged_floors":[],"is_endless":false,"potions_floor_spawned":[1,4,14,21,25,28],"killed_by":"Slavers","ascension_level":2}}