{"host":"so6fnfq7th6ki9q5","time":1608520360,"event":{"mods":["AchievementEnabler","BaseMod","Colored Map","Colored Powertips","Minty Spire (QoL Compilation)","Quick Restart","StSLib"],"gold_per_floor":[363,378,378,378,389,389,417,63,63,63,63],"floor_reached":10,"playtime":439,"items_purged":["Injury"],"score":79,"play_id":"d8f25f24-5534-4b2b-89fd-574d69a659f7","local_time":"20201220211240","is_ascension_mode":true,"campfire_choices":[{"data":"Leg Sweep","floor":6,"key":"SMITH"}],"circlet_count":0,"master_deck":["Strike_G","Strike_G","Strike_G","Strike_G","Strike_G","Defend_G","Defend_G","Defend_G","Defend_G","Survivor","Neutralize","Leg Sweep+1","Dash+1","Blur","Deflect","Apotheosis","Deadly Poison","Purity"],"relics":["Ring of the Snake","InkBottle","Membership Card","Toxic Egg 2"],"acts_visited":["Exordium"],"potions_floor_usage":[7],"damage_taken":[{"damage":1,"enemies":"Cultist","floor":1,"turns":5},{"damage":11,"enemies":"Jaw Worm","floor":2,"turns":7},{"damage":0,"enemies":"2 Louse","floor":5,"turns":2},{"damage":20,"enemies":"Lagavulin","floor":7,"turns":13},{"damage":39,"enemies":"Gremlin Nob","floor":10,"turns":4}],"seed_played":"-8318410250783429488","potions_obtained":[{"floor":2,"key":"Block Potion"}],"is_trial":false,"path_per_floor":["M","M","?","?","M","R","E","$","T","E"],"character_chosen":"THE_SILENT","items_purchased":["Membership Card","Apotheosis","Deadly Poison","Purity"],"campfire_rested":0,"item_purchase_floors":[8,8,8,8],"current_hp_per_floor":[69,58,58,58,58,58,38,38,38,0,0],"gold":63,"neow_bonus":"TWO_FIFTY_GOLD","is_daily":false,"chose_seed":false,"campfire_upgraded":1,"win_rate":0.0,"timestamp":1608520360,"path_taken":["M","?","?","?","M","R","E","$","T","E"],"items_purchased_type":["Relic","Card","Card","Card"],"build_version":"2020-12-13","purchased_purges":1,"victory":false,"max_hp_per_floor":[70,70,70,70,70,70,70,70,70,70,70],"card_choices":[{"not_picked":["Finisher","Cloak And Dagger"],"picked":"Leg Sweep","floor":1},{"not_picked":["Outmaneuver","Dodge and Roll"],"picked":"Dash","floor":2},{"not_picked":["Prepared","Dodge and Roll"],"picked":"Blur","floor":5},{"not_picked":["Bouncing Flask","Acrobatics"],"picked":"Deflect","floor":7}],"player_experience":282042,"relics_obtained":[{"floor":7,"key":"InkBottle"},{"floor":9,"key":"Toxic Egg 2"}],"event_choices":[{"damage_healed":0,"gold_gain":0,"player_choice":"Grow","damage_taken":0,"max_hp_gain":0,"max_hp_loss":0,"event_name":"Living Wall","floor":3,"gold_loss":0,"cards_upgraded":["Dash"]},{"cards_removed":["Defend_G"],"damage_healed":0,"gold_gain":0,"player_choice":"Purged","damage_taken":0,"max_hp_gain":0,"max_hp_loss":0,"event_name":"Purifier","floor":4,"gold_loss":0}],"is_beta":false,"boss_relics":[],"items_purged_floors":[8],"is_endless":false,"potions_floor_spawned":[2],"killed_by":"Gremlin Nob","ascension_level":4}}