{"host":"w3x3n9s6mrz4xpf0","time":1608561035,"event":{"mods":["BaseMod","Minty Spire (QoL Compilation)","StSLib","SuperFastMode"],"gold_per_floor":[110,129,145,70,90,90,90,123,123,153,153,179,8,33,33,110,110,84,84,84,9,9,39,101,148,160,183,230,242,264,288,300,389,401,424,165,178,191,66,93,0,33,33,67,87,104,130,150,150,150],"floor_reached":51,"playtime":1990,"items_purged":["Strike_R","Strike_R","Strike_R"],"score":1915,"play_id":"081495ed-865a-46d0-90fe-fc8cd2022f91","local_time":"20201221233035","is_ascension_mode":true,"campfire_choices":[{"data":"Uppercut","floor":6.0,"key":"SMITH"},{"data":"Berserk","floor":11.0,"key":"SMITH"},{"data":"Barricade","floor":15.0,"key":"SMITH"},{"data":"Body Slam","floor":29.0,"key":"SMITH"},{"data":"Dark Embrace","floor":32.0,"key":"SMITH"},{"data":"Juggernaut","floor":49,"key":"SMITH"}],"circlet_count":0,"master_deck":["AscendersBane","Defend_R","Defend_R","Defend_R+1","Defend_R","Blood for Blood","Second Wind","Shrug It Off","Uppercut+1","Feel No Pain","Berserk+1","Power Through+1","Dark Embrace+1","Barricade+1","Evolve+1","Body Slam+1","Juggernaut+1"],"relics":["Burning Blood","Omamori","Pear","Incense Burner","Blood Vial","Meat on the Bone","Calling Bell","Happy Flower","Darkstone Periapt","Ginger","Ancient Tea Set","MawBank","War Paint","Regal Pillow","Art of War","Black Star","OrangePellets","Oddly Smooth Stone","Gremlin Horn","Red Mask","Anchor","Pen Nib","Frozen Egg 2","Self Forming Clay","Bottled Tornado"],"acts_visited":["Exordium","TheCity","TheBeyond"],"potions_floor_usage":[46,50,50],"damage_taken":[{"damage":12.0,"enemies":"Jaw Worm","floor":1.0,"turns":3.0},{"damage":15.0,"enemies":"Small Slimes","floor":2.0,"turns":5.0},{"damage":0.0,"enemies":"2 Louse","floor":3.0,"turns":5.0},{"damage":6.0,"enemies":"Blue Slaver","floor":5.0,"turns":6.0},{"damage":10.0,"enemies":"Lagavulin","floor":8.0,"turns":7.0},{"damage":39.0,"enemies":"Gremlin Nob","floor":10.0,"turns":5.0},{"damage":12.0,"enemies":"3 Sentries","floor":12.0,"turns":9.0},{"damage":25.0,"enemies":"Lagavulin","floor":14.0,"turns":8.0},{"damage":1.0,"enemies":"Hexaghost","floor":16.0,"turns":18.0},{"damage":28.0,"enemies":"2 Thieves","floor":18.0,"turns":5.0},{"damage":37.0,"enemies":"Slavers","floor":23.0,"turns":5.0},{"damage":30.0,"enemies":"Gremlin Leader","floor":25.0,"turns":7.0},{"damage":0.0,"enemies":"Spheric Guardian","floor":27.0,"turns":5.0},{"damage":10.0,"enemies":"Book of Stabbing","floor":28.0,"turns":5.0},{"damage":11.0,"enemies":"Snake Plant","floor":30.0,"turns":5.0},{"damage":0.0,"enemies":"Centurion and Healer","floor":31.0,"turns":6.0},{"damage":42.0,"enemies":"Collector","floor":33.0,"turns":5.0},{"damage":13.0,"enemies":"3 Shapes","floor":35.0,"turns":7.0},{"damage":55.0,"enemies":"3 Darklings","floor":37.0,"turns":6.0},{"damage":31.0,"enemies":"Jaw Worm Horde","floor":38.0,"turns":6.0},{"damage":13.0,"enemies":"Nemesis","floor":40.0,"turns":5.0},{"damage":0,"enemies":"Reptomancer","floor":42,"turns":3},{"damage":0,"enemies":"Giant Head","floor":44,"turns":4},{"damage":0,"enemies":"Maw","floor":45,"turns":5},{"damage":19,"enemies":"Sphere and 2 Shapes","floor":46,"turns":4},{"damage":0,"enemies":"Reptomancer","floor":47,"turns":4},{"damage":0,"enemies":"4 Shapes","floor":48,"turns":9},{"damage":1,"enemies":"Awakened One","floor":50,"turns":6}],"seed_played":"1232159358395309158","potions_obtained":[{"floor":1.0,"key":"Fruit Juice"},{"floor":2.0,"key":"Energy Potion"},{"floor":8.0,"key":"ColorlessPotion"},{"floor":12.0,"key":"FearPotion"},{"floor":18.0,"key":"FearPotion"},{"floor":27.0,"key":"Energy Potion"},{"floor":30.0,"key":"EssenceOfSteel"},{"floor":31.0,"key":"Block Potion"},{"floor":37.0,"key":"BlessingOfTheForge"},{"floor":38.0,"key":"SteroidPotion"},{"floor":42,"key":"Energy Potion"},{"floor":46,"key":"SkillPotion"}],"is_trial":false,"path_per_floor":["M","M","M","?","M","R","?","E","T","E","R","E","$","E","R","B",null,"M","?","?","$","?","E","?","E","T","M","E","R","M","M","R","B",null,"M","$","M","M","$","E","?","E","T","E","M","M","E","M","R","B",null],"character_chosen":"IRONCLAD","items_purchased":["Power Through","Dark Embrace","OrangePellets"],"campfire_rested":0,"item_purchase_floors":[13,13,36],"current_hp_per_floor":[67,58,64,64,64,64,64,60,70,37,37,31,31,14,14,33,76,56,56,56,56,56,39,39,29,29,49,59,59,56,64,64,42,78,73,73,38,27,27,34,34,54,54,62,70,59,67,75,75,82],"gold":150,"neow_bonus":"REMOVE_CARD","is_daily":false,"chose_seed":false,"campfire_upgraded":6,"win_rate":0.0,"timestamp":1608561035,"path_taken":["M","M","M","?","M","R","?","E","T","E","R","E","?","E","R","BOSS","M","?","?","$","?","E","?","E","T","?","E","R","M","M","R","BOSS","M","$","?","M","$","E","?","E","T","E","M","M","E","M","R","BOSS"],"items_purchased_type":["Card","Card","Relic"],"build_version":"2020-12-13","purchased_purges":3,"victory":true,"max_hp_per_floor":[80,80,80,80,80,80,80,80,90,90,90,90,90,90,90,90,90,90,90,90,90,90,90,90,90,90,90,90,90,90,90,90,90,90,90,90,90,90,90,90,90,90,90,90,90,90,90,90,90,90],"card_choices":[{"not_picked":["Spot Weakness","Havoc"],"picked":"Blood for Blood","floor":1.0},{"not_picked":["Armaments","Dark Embrace"],"picked":"Second Wind","floor":2.0},{"not_picked":["Armaments","Headbutt"],"picked":"Shrug It Off","floor":3.0},{"not_picked":["Rage","Sword Boomerang"],"picked":"Uppercut","floor":5.0},{"not_picked":["Headbutt","Clash"],"picked":"Berserk","floor":8.0},{"not_picked":["Perfected Strike","Cleave","Spot Weakness"],"picked":"SKIP","floor":10.0},{"not_picked":["Havoc","Heavy Blade","Juggernaut"],"picked":"SKIP","floor":12.0},{"not_picked":["True Grit","Second Wind"],"picked":"Barricade","floor":14.0},{"not_picked":["Uppercut","Twin Strike"],"picked":"Evolve+1","floor":18.0},{"not_picked":["Limit Break","Spot Weakness+1","Searing Blow+1"],"picked":"SKIP","floor":23.0},{"not_picked":["Armaments","Anger","Burning Pact"],"picked":"SKIP","floor":25.0},{"not_picked":["Uppercut+1","Headbutt","Pummel"],"picked":"SKIP","floor":27.0},{"not_picked":["Infernal Blade+1","Wild Strike","Flex"],"picked":"SKIP","floor":28.0},{"not_picked":["Feel No Pain","Searing Blow+1","Wild Strike+1"],"picked":"SKIP","floor":30.0},{"not_picked":["Armaments","Evolve","Sever Soul"],"picked":"SKIP","floor":31.0},{"not_picked":["Armaments","Evolve","Sever Soul"],"picked":"SKIP","floor":31.0},{"not_picked":["Reaper","Exhume"],"picked":"Juggernaut","floor":33.0},{"not_picked":["Perfected Strike","Dual Wield","True Grit+1"],"picked":"SKIP","floor":35.0},{"not_picked":["Shrug It Off","Armaments","Heavy Blade+1"],"picked":"SKIP","floor":37.0},{"not_picked":["Searing Blow","Perfected Strike","Headbutt"],"picked":"SKIP","floor":38.0},{"not_picked":["Thunderclap","Pummel","Power Through"],"picked":"SKIP","floor":40.0},{"not_picked":["Clothesline","Second Wind","Reaper"],"picked":"SKIP","floor":42},{"not_picked":["Shrug It Off+1","Sentinel","Clash"],"picked":"SKIP","floor":44},{"not_picked":["Heavy Blade","Cleave+1","Armaments"],"picked":"SKIP","floor":45},{"not_picked":["Thunderclap+1","Wild Strike+1","Pommel Strike"],"picked":"SKIP","floor":46},{"not_picked":["Pommel Strike","Inflame+1","Headbutt+1"],"picked":"SKIP","floor":47},{"not_picked":["Dual Wield","Feel No Pain+1","Evolve+1"],"picked":"SKIP","floor":48}],"player_experience":72628,"relics_obtained":[{"floor":8.0,"key":"Omamori"},{"floor":9.0,"key":"Pear"},{"floor":10.0,"key":"Incense Burner"},{"floor":12.0,"key":"Blood Vial"},{"floor":14.0,"key":"Meat on the Bone"},{"floor":17.0,"key":"Happy Flower"},{"floor":17.0,"key":"Darkstone Periapt"},{"floor":17.0,"key":"Ginger"},{"floor":23.0,"key":"MawBank"},{"floor":25.0,"key":"War Paint"},{"floor":26.0,"key":"Regal Pillow"},{"floor":28.0,"key":"Art of War"},{"floor":40.0,"key":"Oddly Smooth Stone"},{"floor":40.0,"key":"Gremlin Horn"},{"floor":42,"key":"Anchor"},{"floor":42,"key":"Pen Nib"},{"floor":43,"key":"Frozen Egg 2"},{"floor":44,"key":"Self Forming Clay"},{"floor":47,"key":"Bottled Tornado"}],"event_choices":[{"cards_removed":["Strike_R"],"damage_healed":0.0,"max_hp_gain":0.0,"max_hp_loss":0.0,"gold_gain":0.0,"event_name":"The Cleric","player_choice":"Card Removal","floor":4.0,"gold_loss":75.0,"damage_taken":0.0},{"damage_healed":0.0,"max_hp_gain":0.0,"max_hp_loss":0.0,"gold_gain":0.0,"cards_transformed":["Bash"],"event_name":"Living Wall","player_choice":"Change","floor":7.0,"gold_loss":0.0,"damage_taken":0.0,"cards_obtained":["Feel No Pain"]},{"damage_healed":0.0,"max_hp_gain":0.0,"max_hp_loss":0.0,"gold_gain":0.0,"event_name":"The Mausoleum","player_choice":"Opened","floor":19.0,"gold_loss":0.0,"damage_taken":0.0,"relics_obtained":["Ancient Tea Set"],"cards_obtained":["Writhe"]},{"damage_healed":0.0,"max_hp_gain":0.0,"max_hp_loss":0.0,"gold_gain":0.0,"event_name":"The Library","player_choice":"Read","floor":20.0,"gold_loss":0.0,"damage_taken":0.0,"cards_obtained":["Body Slam"]},{"damage_healed":0.0,"max_hp_gain":0.0,"max_hp_loss":0.0,"gold_gain":0.0,"event_name":"Vampires","player_choice":"Ignored","floor":22.0,"gold_loss":0.0,"damage_taken":0.0},{"damage_healed":0.0,"max_hp_gain":0.0,"max_hp_loss":0.0,"gold_gain":50.0,"event_name":"Nest","player_choice":"Stole From Cult","floor":24.0,"gold_loss":0.0,"damage_taken":0.0},{"damage_healed":0.0,"max_hp_gain":0.0,"max_hp_loss":0.0,"gold_gain":0.0,"event_name":"Tomb of Lord Red Mask","player_choice":"Paid","floor":41.0,"gold_loss":93.0,"damage_taken":0.0,"relics_obtained":["Red Mask"]}],"is_beta":false,"boss_relics":[{"not_picked":["Velvet Choker","Fusion Hammer"],"picked":"Calling Bell"},{"not_picked":["Black Blood","SlaversCollar"],"picked":"Black Star"}],"items_purged_floors":[21,36,39],"is_endless":false,"potions_floor_spawned":[1,2,8,12,18,27,30,31,37,38,42,46,48],"ascension_level":16}}