{"host":"cxvb37eaaiijvrl4","time":1608557700,"event":{"mods":["ATMod(°¢èªMod)","BaseMod","Better Third Choice","Minty Spire (QoL Compilation)","MostiFishMod","Quick Restart","Rare Cards Sparkle","Shop Mod","Spicy Shops","StSLib","TestMod","Uncapped"],"gold_per_floor":[110,125,69,69,80,80,97,97,122,157,172,208,208,244,244,322,322,333,354,368,208,224,256,256,284,284,184,184,198,123,123,123,200,200,221,242,122,140,0,28,28,66,90,90,122,166,49,62,62,64,69,69,69,63,91,94],"floor_reached":57,"playtime":2285,"items_purged":["Strike_R","Strike_R","Strike_R","AT_RealColorLess+1","Defend_R"],"score":3125,"play_id":"f0cb8207-34b2-4bb9-955f-f9639a09570f","local_time":"20201221053500","is_ascension_mode":true,"campfire_choices":[{"data":"AT_RealColorLess","floor":6,"key":"SMITH"},{"data":"AT_BodySlamDance","floor":8,"key":"SMITH"},{"data":"AT_ShrugMaster","floor":15,"key":"SMITH"},{"data":"MostiFishMod:Culaccino","floor":24,"key":"SMITH"},{"data":"Offering","floor":32,"key":"SMITH"},{"data":"MostiFishMod:Neurotoxin","floor":41,"key":"SMITH"},{"data":"Blade Dance","floor":44,"key":"SMITH"},{"floor":49,"key":"RECALL"},{"data":"Adrenaline","floor":53,"key":"SMITH"}],"circlet_count":0,"master_deck":["AscendersBane","Defend_R+1","Defend_R","Defend_R","AT_ShrugMaster+1","AT_BodySlamDance+1","MostiFishMod:KingOfFree","Sword Boomerang+1","testmod-EternalityOfKhronos+1","Prostrate+1","MostiFishMod:Culaccino+1","Offering+1","Blade Dance+1","MostiFishMod:Neurotoxin+1","Recycle+1","AT_ShrugMaster+1","MostiFishMod:Neurotoxin+1","Adrenaline+1"],"relics":["Burning Blood","testmod-TestBox","DaveBox","AT_ATBox","JellyFishMachine","testmod-RealStoneCalender","Question Card","PrismaticShard","Bird Faced Urn","ImportantClient","testmod-SaigiyounoYou","Potion Belt","HaiYi:Twilight","Toy Ornithopter","MerchantsRug","DollysMirror","Bag of Preparation","AT_SunfireAegis"],"acts_visited":["Exordium","TheCity","TheBeyond","TheEnding"],"potions_floor_usage":[7],"damage_taken":[{"damage":2,"enemies":"Jaw Worm","floor":1,"turns":3},{"damage":0,"enemies":"Cultist","floor":2,"turns":3},{"damage":11,"enemies":"2 Louse","floor":5,"turns":3},{"damage":0,"enemies":"Lots of Slimes","floor":7,"turns":2},{"damage":29,"enemies":"Lagavulin","floor":10,"turns":4},{"damage":13,"enemies":"3 Louse","floor":11,"turns":3},{"damage":12,"enemies":"3 Sentries","floor":12,"turns":5},{"damage":9,"enemies":"Lagavulin","floor":14,"turns":3},{"damage":5,"enemies":"Hexaghost","floor":16,"turns":3},{"damage":0,"enemies":"3 Byrds","floor":18,"turns":4},{"damage":12,"enemies":"2 Thieves","floor":19,"turns":3},{"damage":7,"enemies":"Snake Plant","floor":20,"turns":4},{"damage":0,"enemies":"Sentry and Sphere","floor":22,"turns":3},{"damage":25,"enemies":"Slavers","floor":23,"turns":4},{"damage":6,"enemies":"Gremlin Leader","floor":25,"turns":4},{"damage":28,"enemies":"Shelled Parasite and Fungi","floor":29,"turns":2},{"damage":1,"enemies":"Automaton","floor":33,"turns":3},{"damage":6,"enemies":"Orb Walker","floor":35,"turns":2},{"damage":13,"enemies":"3 Shapes","floor":36,"turns":2},{"damage":4,"enemies":"Spire Growth","floor":38,"turns":3},{"damage":6,"enemies":"Reptomancer","floor":40,"turns":2},{"damage":8,"enemies":"Giant Head","floor":42,"turns":3},{"damage":20,"enemies":"Reptomancer","floor":45,"turns":3},{"damage":21,"enemies":"3 Darklings","floor":46,"turns":2},{"damage":18,"enemies":"Jaw Worm Horde","floor":48,"turns":2},{"damage":24,"enemies":"Donu and Deca","floor":50,"turns":4},{"damage":25,"enemies":"Awakened One","floor":51,"turns":4},{"damage":6,"enemies":"Shield and Spear","floor":55,"turns":4},{"damage":49,"enemies":"The Heart","floor":56,"turns":5}],"seed_played":"-6885999335590571237","potions_obtained":[{"floor":5,"key":"Explosive Potion"},{"floor":12,"key":"Ancient Potion"},{"floor":14,"key":"Dexterity Potion"},{"floor":29,"key":"Fire Potion"},{"floor":33,"key":"SteroidPotion"},{"floor":36,"key":"Weak Potion"}],"is_trial":false,"path_per_floor":["M","M","$","?","M","R","M","R","T","E","M","E","?","E","R","B",null,"M","M","M","$","M","E","R","E","T","$","?","M","?","?","R","B",null,"M","M","$","M","$","E","R","E","T","R","E","M","$","M","R","B","B",null,"R","$","E","B",null],"character_chosen":"IRONCLAD","items_purchased":["AT_BodySlamDance","MerchantsRug","DollysMirror","Bag of Preparation"],"campfire_rested":0,"item_purchase_floors":[3,47,47,54],"current_hp_per_floor":[72,75,75,75,70,70,75,75,75,52,46,42,42,48,48,56,70,75,75,75,75,75,75,75,75,75,75,75,65,65,65,65,75,75,75,75,75,75,75,75,75,75,75,75,75,75,75,75,75,75,75,75,75,75,75,67],"gold":94,"neow_bonus":"REMOVE_CARD","is_daily":false,"chose_seed":false,"campfire_upgraded":8,"win_rate":0.0,"timestamp":1608557700,"path_taken":["M","M","$","?","?","R","M","R","T","E","M","E","?","E","R","BOSS","M","M","M","$","M","E","R","E","T","?","?","?","?","?","R","BOSS","M","?","?","M","$","E","R","E","T","R","E","?","$","M","R","BOSS","BOSS","R","$","E","BOSS"],"items_purchased_type":["Card","Relic","Relic","Relic"],"build_version":"2020-12-13","purchased_purges":5,"victory":true,"max_hp_per_floor":[75,75,75,75,75,75,75,75,75,75,75,75,75,75,75,75,75,75,75,75,75,75,75,75,75,75,75,75,75,75,75,75,75,75,75,75,75,75,75,75,75,75,75,75,75,75,75,75,75,75,75,75,75,75,75,75],"card_choices":[{"not_picked":["Evolve","Hemokinesis"],"picked":"AT_ShrugMaster","floor":1},{"not_picked":["Flex","AT_HeatAcrobatics","Barrage","FollowUp"],"picked":"SKIP","floor":2},{"not_picked":["AT_IchimonjiDouble","Deadly Poison","Poisoned Stab","Disarm"],"picked":"SKIP","floor":5},{"not_picked":["Flying Knee","Anger","EmptyMind","Choke"],"picked":"SKIP","floor":7},{"not_picked":["Scrape","Poisoned Stab","MostiFishMod:KingOfFree","Clash"],"picked":"SKIP","floor":10},{"not_picked":["Scrape","Poisoned Stab","Clash"],"picked":"MostiFishMod:KingOfFree","floor":10},{"not_picked":["Redo","Go for the Eyes","Sword Boomerang","MostiFishMod:LegendTransform"],"picked":"SKIP","floor":11},{"not_picked":["Redo","Go for the Eyes","MostiFishMod:LegendTransform"],"picked":"Sword Boomerang","floor":11},{"not_picked":["Poisoned Stab","SashWhip","Trip","Coolheaded"],"picked":"SKIP","floor":12},{"not_picked":["Iron Wave","CarveReality","Thunderclap","Twin Strike"],"picked":"SKIP","floor":14},{"not_picked":["MostiFishMod:FantasySummer","testmod-ShutDown","Exhume"],"picked":"testmod-EternalityOfKhronos","floor":16},{"not_picked":["testmod-PocketStoneCalender","Dodge and Roll","Second Wind","ThirdEye"],"picked":"SKIP","floor":18},{"not_picked":["Worship","Headbutt","Flash of Steel","Turbo"],"picked":"SKIP","floor":19},{"not_picked":["testmod-LimitFlipper","JustLucky","Heavy Blade"],"picked":"Prostrate","floor":20},{"not_picked":["MostiFishMod:ThornCasing","Steam+1","Cleave"],"picked":"MostiFishMod:Culaccino","floor":22},{"not_picked":["Gash","Reaper","AT_DrawKnifeCut","Coolheaded+1"],"picked":"SKIP","floor":23},{"not_picked":["AT_RealFormLess","Turbo","Dark Shackles+1","Cleave"],"picked":"SKIP","floor":25},{"not_picked":["WaveOfTheHand+1","Acrobatics","Stack"],"picked":"Blade Dance","floor":29},{"not_picked":["Meteor Strike","MostiFishMod:HiddenBlade","MostiFishMod:NeverNightCountry"],"picked":"MostiFishMod:Neurotoxin","floor":33},{"not_picked":["PiercingWail+1","Battle Trance+1","Underhanded Strike","Pommel Strike"],"picked":"SKIP","floor":35},{"not_picked":["Chill+1","Flex","Crescendo","AT_IchimonjiDouble"],"picked":"SKIP","floor":36},{"not_picked":["Sever Soul","Twin Strike","FlyingSleeves","PathToVictory+1"],"picked":"SKIP","floor":38},{"not_picked":["Chaos","Choke+1","Bandage Up"],"picked":"Recycle+1","floor":40},{"not_picked":["Deadly Poison","Buffer","MostiFishMod:PoisonShield"],"picked":"AT_ShrugMaster+1","floor":42},{"not_picked":["MostiFishMod:ReprogramOld","AT_DiedThrough+1","Outmaneuver+1","ThirdEye"],"picked":"SKIP","floor":45},{"not_picked":["BowlingBash","Capacitor+1","Static Discharge","AT_WindFlip"],"picked":"SKIP","floor":46},{"not_picked":["Barrage+1","Acrobatics","Force Field"],"picked":"Adrenaline","floor":48},{"not_picked":["Rip and Tear","testmod-HandmadeProducts","Slice","Armaments"],"picked":"SKIP","floor":55}],"player_experience":638515,"relics_obtained":[{"floor":1,"key":"Question Card"},{"floor":1,"key":"PrismaticShard"},{"floor":10,"key":"testmod-OneHitWonder"},{"floor":12,"key":"Bird Faced Urn"},{"floor":14,"key":"AT_Kusabimaru"},{"floor":16,"key":"ImportantClient"},{"floor":23,"key":"Centennial Puzzle"},{"floor":25,"key":"War Paint"},{"floor":26,"key":"Potion Belt"},{"floor":40,"key":"Happy Flower"},{"floor":42,"key":"Dream Catcher"},{"floor":43,"key":"Toy Ornithopter"},{"floor":45,"key":"testmod-Acrobat"},{"floor":55,"key":"AT_SunfireAegis"}],"event_choices":[{"cards_removed":["Strike_R"],"damage_healed":0,"gold_gain":0,"player_choice":"Purged","damage_taken":0,"max_hp_gain":0,"max_hp_loss":0,"event_name":"Purifier","floor":4,"gold_loss":0},{"damage_healed":0,"gold_gain":0,"player_choice":"Upgraded","damage_taken":0,"max_hp_gain":0,"max_hp_loss":0,"event_name":"Upgrade Shrine","floor":13,"gold_loss":0,"cards_upgraded":["Sword Boomerang"]},{"damage_healed":0,"gold_gain":0,"player_choice":"1 cards matched","damage_taken":0,"max_hp_gain":0,"max_hp_loss":0,"event_name":"Match and Keep!","floor":28,"gold_loss":0,"cards_obtained":["Offering"]},{"cards_removed":["Bash"],"damage_healed":0,"gold_gain":0,"player_choice":"Gave Gold","damage_taken":0,"max_hp_gain":0,"max_hp_loss":0,"event_name":"Beggar","floor":30,"gold_loss":75},{"damage_healed":0,"gold_gain":0,"player_choice":"Upgraded","damage_taken":0,"max_hp_gain":0,"max_hp_loss":0,"event_name":"Upgrade Shrine","floor":31,"gold_loss":0,"cards_upgraded":["Prostrate"]}],"is_beta":false,"boss_relics":[{"not_picked":["FixedStarFall","testmod-EnergyCheck"],"picked":"testmod-SaigiyounoYou"},{"not_picked":["SacredBark","testmod-CardMagician"],"picked":"HaiYi:Twilight"}],"items_purged_floors":[21,21,27,37,39],"is_endless":false,"potions_floor_spawned":[1,5,12,14,16,22,29,33,36,38,45],"ascension_level":20}}