{"host":"q6rs3in4l29iepap","time":1608566365,"event":{"mods":["Aspiration","BaseMod","Colored Map","Downfall","Hermit","Hubris","Infinite Spire","Jorbs\u0027s Wanderer Trilogy","Minty Spire (QoL Compilation)","Replay The Spire","Shade Mod","StSLib","The Construct","The Cursed","The Servant 0.9.4"],"gold_per_floor":[99,128,128,53,53,85,85,85,95,120,35,47,47,58,71,166,166,91,104,104,137,150,150,150,150,179,179,179,189,207,224,244,349,349,349,364,364,364,419,11,11,23,33,60,80,26,26,26,42,42],"floor_reached":51,"playtime":4504,"items_purged":[],"score":885,"play_id":"ad504f1c-4d37-4455-8a33-72e93a303d42","local_time":"20201221075925","is_ascension_mode":false,"campfire_choices":[{"floor":1,"key":"RECALL"},{"data":"Slimebound:Split","floor":4,"key":"SMITH"},{"data":"1","floor":18,"key":"LIFT"},{"data":"2","floor":25,"key":"LIFT"},{"data":"3","floor":27,"key":"LIFT"},{"data":"Slimebound:MassFeed","floor":35,"key":"SMITH"}],"circlet_count":0,"master_deck":["Slimebound:Tackle","Slimebound:Defend_Slimebound","Slimebound:Defend_Slimebound","Slimebound:Defend_Slimebound","Slimebound:Defend_Slimebound","Slimebound:Split+1","Slimebound:CorrosiveSpit","Slimebound:LeadByExample","Die Die Die","Dagger Spray","Glass Knife","Slimebound:SplitLeeching","Slimebound:LevelUp","Slimebound:Grow","Slimebound:SelfFormingGoo","Slimebound:GoopSpray","Slimebound:Nibble","Slimebound:SplitMire","Slimebound:PrepareCrush","Slimebound:SplitBruiser","Slimebound:MassFeed+1","Slimebound:SplitBruiser","Slimebound:SlimeTap","Slimebound:RejuvenatingLick+1","Slimebound:SlimeBarrage","Slimebound:SplitLeeching","Slimebound:SlimeTap","Slimebound:SplitLeeching","Slimebound:FirmFortitude+1","Slimebound:Teamwork","Slimebound:SplitBruiser","Slimebound:SplitAcid+1","Slimebound:LevelUp","sneckomod:UnknownRareSkill","Shade:AncientSpear+1","Slimebound:SplitBruiser","ReplayTheSpireMod:Book of Names"],"relics":["Slimebound:AbsorbEndCombat","downfall:HeartsMalice","Kunai","downfall:HeartBlessingRed","hubris:AstralHammer","Vajra","Question Card","Girya","Ring of Panic","ReplayTheSpireMod:Ring of Addiction","White Beast Statue","Chameleon Ring","Honey Jar","downfall:HeartBlessingGreen","Enchiridion","infinitespire:Bottled Soul","aspiration:FetidBarrel","infinitespire:EmpoweringShard","hubris:Icosahedron","ChewingGum","hubris:Towel","hubris:Zylophone","PrismaticShard","Replay:WaspNest","ReplayTheSpireMod:TigerMarble","Snack Pack","aspiration:ChemicalBlood","hubris:Reverence"],"acts_visited":["Exordium","TheCity","TheBeyond"],"potions_floor_usage":[15,16,16,19,22,26,29,31,39,39,42,45,49,49,50,50,50],"damage_taken":[{"damage":0,"enemies":"Lagavulin","floor":2,"turns":1},{"damage":0,"enemies":"Jaw Worm","floor":5,"turns":1},{"damage":0,"enemies":"3 Sentries","floor":6,"turns":1},{"damage":0,"enemies":"2 Louse","floor":9,"turns":1},{"damage":21,"enemies":"Gremlin Nob","floor":10,"turns":3},{"damage":18,"enemies":"downfall:FleeingMerchant","floor":11,"turns":4},{"damage":0,"enemies":"Small Slimes","floor":12,"turns":2},{"damage":18,"enemies":"Blue Slaver","floor":14,"turns":2},{"damage":8,"enemies":"Large Slime","floor":15,"turns":2},{"damage":7,"enemies":"downfall:Silent","floor":16,"turns":1},{"damage":0,"enemies":"Chosen","floor":19,"turns":2},{"damage":27,"enemies":"Slavers","floor":21,"turns":3},{"damage":11,"enemies":"Shell Parasite","floor":22,"turns":3},{"damage":29,"enemies":"Gremlin Leader","floor":26,"turns":3},{"damage":12,"enemies":"3 Cultists","floor":29,"turns":2},{"damage":4,"enemies":"Cultist and Chosen","floor":30,"turns":3},{"damage":35,"enemies":"Shelled Parasite and Fungi","floor":31,"turns":1},{"damage":20,"enemies":"Sentry and Sphere","floor":32,"turns":3},{"damage":41,"enemies":"downfall:Ironclad","floor":33,"turns":4},{"damage":8,"enemies":"3 Shapes","floor":36,"turns":3},{"damage":35,"enemies":"2 Orb Walkers","floor":39,"turns":3},{"damage":12,"enemies":"downfall:FleeingMerchant","floor":40,"turns":4},{"damage":29,"enemies":"Orb Walker","floor":42,"turns":2},{"damage":9,"enemies":"4 Shapes","floor":43,"turns":1},{"damage":68,"enemies":"Reptomancer","floor":44,"turns":4},{"damage":29,"enemies":"Maw","floor":45,"turns":3},{"damage":54,"enemies":"Jaw Worm Horde","floor":49,"turns":2},{"damage":36,"enemies":"downfall:Defect","floor":50,"turns":4}],"seed_played":"-4216897889506564233","potions_obtained":[{"floor":6,"key":"PowerPotion"},{"floor":9,"key":"Regen Potion"},{"floor":10,"key":"hexamod:EctoCoolerPotion"},{"floor":14,"key":"Explosive Potion"},{"floor":15,"key":"Slimebound:ThreeZeroPotion"},{"floor":16,"key":"SpeedPotion"},{"floor":19,"key":"SteroidPotion"},{"floor":21,"key":"BlessingOfTheForge"},{"floor":22,"key":"Explosive Potion"},{"floor":26,"key":"Regen Potion"},{"floor":29,"key":"SpeedPotion"},{"floor":30,"key":"Adrenaline Potion"},{"floor":31,"key":"construct:ShiftPotion"},{"floor":32,"key":"SteroidPotion"},{"floor":33,"key":"Guardian:BlockOnCardUsePotion"},{"floor":36,"key":"Venom Potion"},{"floor":39,"key":"SteroidPotion"},{"floor":40,"key":"Adrenaline Potion"},{"floor":42,"key":"Ancient Potion"},{"floor":43,"key":"SteroidPotion"},{"floor":44,"key":"GamblersBrew"},{"floor":45,"key":"Adrenaline Potion"},{"floor":49,"key":"Explosive Potion"},{"floor":49,"key":"Fire Potion"}],"is_trial":false,"path_per_floor":["R","E","?","R","M","E","T","T","M","E","$","M","?","M","M","B",null,"R","M","?","E","M","?","T","R","E","R","?","M","M","M","M","B",null,"R","M","?","?","?","$","T","M","M","E","M","$","T","?","M","B",null],"character_chosen":"SLIMEBOUND","items_purchased":["Slimebound:Nibble","FairyPotion","PrismaticShard","Replay:WaspNest","ReplayTheSpireMod:TigerMarble","Slimebound:LevelUp","Slimebound:SplitBruiser"],"campfire_rested":0,"item_purchase_floors":[11,40,40,40,40,40,46],"current_hp_per_floor":[60,60,60,60,60,60,60,60,60,57,54,60,60,58,60,60,60,60,63,47,46,46,46,46,46,40,40,40,58,82,85,81,70,85,83,87,87,85,66,82,82,81,92,42,49,49,49,24,42,60],"gold":42,"neow_bonus":"THREE_ENEMY_KILL","is_daily":false,"chose_seed":false,"campfire_upgraded":2,"win_rate":0.0,"timestamp":1608566365,"path_taken":["R","E","?","R","M","E","T","?","M","E","$","M","?","M","M","BOSS","R","M","?","E","M","?","T","R","E","R","?","M","M","M","M","BOSS","R","M","?","?","?","$","T","M","?","E","?","$","?","?","M","BOSS"],"items_purchased_type":["Card","Potion","Relic","Relic","Relic","Card","Card"],"build_version":"2020-12-13","purchased_purges":0,"victory":true,"max_hp_per_floor":[60,60,60,60,60,60,60,60,60,60,60,60,60,60,60,60,60,60,63,63,69,72,72,72,72,73,73,73,79,85,85,85,85,85,83,87,87,85,85,85,85,85,101,101,101,101,101,101,99,99],"card_choices":[{"not_picked":["Slimebound:Schlurp","Slimebound:LivingWall"],"picked":"Slimebound:LeadByExample","floor":2},{"not_picked":["Slimebound:GrowthPunch","Slimebound:FlameTackle"],"picked":"Slimebound:SplitLeeching","floor":5},{"not_picked":["Slimebound:Dissolve","Slimebound:PressTheAttack"],"picked":"Slimebound:LevelUp","floor":6},{"not_picked":["Slimebound:SplitBruiser","Slimebound:FinishingTackle","Slimebound:ProtectTheBoss"],"picked":"Slimebound:Grow","floor":9},{"not_picked":["Slimebound:RollThrough","Slimebound:Chomp","Slimebound:ComboTackle"],"picked":"Slimebound:SelfFormingGoo","floor":10},{"not_picked":["Slimebound:OneTwoCombo","Slimebound:SplitLeeching","Slimebound:PressTheAttack"],"picked":"Slimebound:GoopSpray","floor":11},{"not_picked":["Slimebound:FormOfPuddle","Slimebound:GoopSpray","Slimebound:Gluttony"],"picked":"Slimebound:SplitMire","floor":12},{"not_picked":["Slimebound:LeechEnergy","Slimebound:AcidTongue","Slimebound:ViciousTackle"],"picked":"Slimebound:PrepareCrush","floor":14},{"not_picked":["Slimebound:LeechingTouch","Slimebound:FinishingTackle","Slimebound:ComboTackle"],"picked":"Slimebound:SplitBruiser","floor":15},{"not_picked":["Slimebound:RallyTheTroops","Slimebound:DuplicatedForm","Slimebound:Overexert"],"picked":"Slimebound:MassFeed","floor":16},{"not_picked":["Slimebound:GoopTackle","Slimebound:GrowthPunch","Slimebound:FormOfPuddle+1","Slimebound:SamplingLick"],"picked":"Slimebound:SplitBruiser","floor":19},{"not_picked":["Slimebound:LevelUp","Slimebound:ComboTackle","Slimebound:FinishingTackle","Slimebound:MassRepurpose"],"picked":"Slimebound:SlimeTap","floor":21},{"not_picked":["Slimebound:RollThrough","Slimebound:BestDefense","Slimebound:SplitBruiser+1","Slimebound:GoopSpray"],"picked":"Slimebound:RejuvenatingLick+1","floor":22},{"not_picked":["Slimebound:LeadByExample+1","Slimebound:RainOfGoop+1","Slimebound:FormOfPuddle","Slimebound:SplitMire"],"picked":"Slimebound:SlimeBarrage","floor":26},{"not_picked":["Slimebound:ItLooksTasty","Slimebound:ComboTackle","Slimebound:SplitAcid","Slimebound:PressTheAttack+1"],"picked":"Slimebound:SplitLeeching","floor":29},{"not_picked":["Slimebound:Gluttony+1","Slimebound:Repurpose","Slimebound:LivingWall+1","Slimebound:SelfFormingGoo"],"picked":"Slimebound:SlimeTap","floor":30},{"not_picked":["Slimebound:ViciousTackle","Slimebound:ForwardTackle","Slimebound:LeechingTouch","Slimebound:SlimeSpikes+1"],"picked":"Slimebound:SplitLeeching","floor":31},{"not_picked":["Slimebound:Nibble+1","Slimebound:SplitBruiser","Slimebound:Prepare","Slimebound:ForwardTackle"],"picked":"Slimebound:FirmFortitude+1","floor":32},{"not_picked":["Slimebound:OneTwoCombo","Slimebound:SlimeSlap","Slimebound:SelfFormingGoo","Slimebound:WasteNot"],"picked":"Slimebound:Teamwork","floor":33},{"not_picked":["Slimebound:PressTheAttack+1","Slimebound:SamplingLick+1","Slimebound:FinishingTackle+1","Slimebound:FlameTackle+1"],"picked":"Slimebound:SplitBruiser","floor":36},{"not_picked":["Slimebound:SplitBruiser","Slimebound:GrowthPunch","Slimebound:PressTheAttack","Slimebound:RollThrough+1"],"picked":"Slimebound:SplitAcid+1","floor":40},{"not_picked":["champ:SkillfulDodge","stsjorbsmod:Expose","Slimebound:ItLooksTasty+1","stsjorbsmod:Hibernate+1","Guardian:Gem_Red"],"picked":"SKIP","floor":42},{"not_picked":["TheCursedMod:Torture+1","sneckomod:SerpentMind","stsjorbsmod:Siphon+1","sneckomod:UnknownStrike","stsjorbsmod:ArcaneWeapon"],"picked":"SKIP","floor":43},{"not_picked":["construct:Boost+1","Storm","hermit:Shortfuse+1","hexamod:BacktrackSmack+1"],"picked":"sneckomod:UnknownRareSkill","floor":44},{"not_picked":["hexamod:AdvancingGuard+1","Leap+1","hexamod:HauntingEcho+1","TheCursedMod:Evocation+1"],"picked":"Shade:AncientSpear+1","floor":45},{"not_picked":["infinitespire:Menacing","infinitespire:Starlight"],"picked":"ReplayTheSpireMod:Book of Names","floor":48},{"not_picked":["sneckomod:SoulDraw","Slimebound:SlimeSpikes","champ:TornadoPunch","Finisher+1","BasicCrystalCard"],"picked":"SKIP","floor":49}],"player_experience":46159,"relics_obtained":[{"floor":2,"key":"Kunai"},{"floor":6,"key":"hubris:AstralHammer"},{"floor":7,"key":"Vajra"},{"floor":8,"key":"Question Card"},{"floor":10,"key":"Girya"},{"floor":13,"key":"Ring of Panic"},{"floor":13,"key":"ReplayTheSpireMod:Ring of Addiction"},{"floor":13,"key":"White Beast Statue"},{"floor":13,"key":"Chameleon Ring"},{"floor":20,"key":"Enchiridion"},{"floor":21,"key":"infinitespire:Bottled Soul"},{"floor":24,"key":"aspiration:FetidBarrel"},{"floor":26,"key":"infinitespire:EmpoweringShard"},{"floor":39,"key":"hubris:Zylophone"},{"floor":41,"key":"Snack Pack"},{"floor":44,"key":"aspiration:ChemicalBlood"},{"floor":47,"key":"hubris:Reverence"}],"event_choices":[{"damage_healed":0,"gold_gain":0,"player_choice":"Fight","damage_taken":0,"max_hp_gain":0,"max_hp_loss":0,"event_name":"Mysterious Sphere","floor":39,"gold_loss":0}],"is_beta":false,"boss_relics":[{"not_picked":["ReplayTheSpireMod:DimensionalGlitch","hubris:GrandSneckoEye"],"picked":"Honey Jar"},{"not_picked":["Cursed Key","Velvet Choker"],"picked":"ChewingGum"}],"items_purged_floors":[],"is_endless":false,"potions_floor_spawned":[6,9,10,14,15,16,19,21,22,26,29,30,31,32,33,36,39,40,42,43,44,45,49],"ascension_level":0}}