{"host":"i0avyit1s6jb1siw","time":1608561226,"event":{"mods":["BaseMod","DeckTracker","Dota2Spire","Highlight Path","Minty Spire (QoL Compilation)","Quick Restart","Replay The Spire","StSLib","SuperFastMode"],"gold_per_floor":[116,135,135,135,149,160,191,191,243,243,269,285,285,285,285,285,285],"floor_reached":16,"playtime":302,"items_purged":[],"score":220,"play_id":"ad4ae440-f61d-4e2a-86a9-3e7eb50add2b","local_time":"20201221153346","is_ascension_mode":true,"campfire_choices":[{"data":"Pommel Strike","floor":8,"key":"SMITH"},{"data":"ReplayTheSpireMod:Limb From Limb","floor":10,"key":"SMITH"},{"data":"Armaments","floor":13,"key":"SMITH"},{"floor":15,"key":"REST"}],"circlet_count":0,"master_deck":["AscendersBane","Strike_R","Strike_R","Strike_R","Strike_R","Strike_R","Defend_R","Defend_R","Defend_R","Defend_R","Pommel Strike+1","ReplayTheSpireMod:Limb From Limb+1","Juggernaut+1","Armaments+1"],"relics":["Burning Blood","Juzu Bracelet","Mercury Hourglass","Bag of Preparation","Smiling Mask","Replay:Wax Seal"],"acts_visited":["Exordium"],"potions_floor_usage":[7,12],"damage_taken":[{"damage":1.0,"enemies":"Cultist","floor":1.0,"turns":3.0},{"damage":3.0,"enemies":"2 Louse","floor":2.0,"turns":3.0},{"damage":7.0,"enemies":"Small Slimes","floor":5.0,"turns":3.0},{"damage":17.0,"enemies":"Exordium Thugs","floor":6.0,"turns":4.0},{"damage":22,"enemies":"Lagavulin","floor":7,"turns":6},{"damage":35,"enemies":"3 Sentries","floor":11,"turns":6},{"damage":5,"enemies":"Gremlin Gang","floor":12,"turns":4},{"damage":48,"enemies":"Fading Forest","floor":16,"turns":7}],"seed_played":"7740918350118013473","potions_obtained":[{"floor":2.0,"key":"Milkshake"},{"floor":6.0,"key":"Block Potion"},{"floor":11,"key":"Death Potion"}],"is_trial":false,"path_per_floor":["M","M","?","?","M","M","E","R","T","R","E","M","R","?","R","B"],"character_chosen":"IRONCLAD","items_purchased":[],"campfire_rested":1,"item_purchase_floors":[],"current_hp_per_floor":[73,75,70,70,69,58,42,42,42,42,13,14,14,14,36,0,0],"gold":285,"neow_bonus":"RANDOM_COMMON_RELIC","is_daily":false,"chose_seed":false,"campfire_upgraded":3,"win_rate":0.0,"timestamp":1608561226,"path_taken":["M","M","?","?","M","M","E","R","T","R","E","M","R","?","R","BOSS"],"items_purchased_type":[],"build_version":"2020-12-13","purchased_purges":0,"victory":false,"max_hp_per_floor":[75,75,75,75,75,75,75,75,75,75,75,75,75,75,75,75,75],"card_choices":[{"not_picked":["Twin Strike","ReplayTheSpireMod:Stacked"],"picked":"Pommel Strike","floor":1.0},{"not_picked":["Sword Boomerang","Burning Pact"],"picked":"ReplayTheSpireMod:Limb From Limb","floor":2.0},{"not_picked":["Perfected Strike","Searing Blow","ReplayTheSpireMod:Strike From Hell"],"picked":"SKIP","floor":5.0},{"not_picked":["Clothesline","Perfected Strike"],"picked":"Armaments","floor":6.0},{"not_picked":["ReplayTheSpireMod:Strike From Hell","Havoc","Hemogenesis"],"picked":"SKIP","floor":7},{"not_picked":["Sword Boomerang","Heavy Blade","Searing Blow"],"picked":"SKIP","floor":11},{"not_picked":["Warcry","Cleave","Hemokinesis"],"picked":"SKIP","floor":12}],"player_experience":2091978,"relics_obtained":[{"floor":7,"key":"Bag of Preparation"},{"floor":9,"key":"Smiling Mask"},{"floor":11,"key":"Replay:Wax Seal"}],"event_choices":[{"damage_healed":0.0,"max_hp_gain":0.0,"max_hp_loss":0.0,"gold_gain":0.0,"event_name":"Scrap Ooze","player_choice":"Success","floor":3.0,"gold_loss":0.0,"damage_taken":5.0,"relics_obtained":["Mercury Hourglass"]},{"damage_healed":0,"gold_gain":0,"player_choice":"Ignored","damage_taken":0,"max_hp_gain":0,"max_hp_loss":0,"event_name":"Shining Light","floor":14,"gold_loss":0}],"is_beta":false,"boss_relics":[],"items_purged_floors":[],"is_endless":false,"potions_floor_spawned":[2,6,11],"killed_by":"Fading Forest","ascension_level":20}}