{"host":"ktoxvvst1mwxww91","time":1608543977,"event":{"mods":["BaseMod","Hermit","Minty Spire (QoL Compilation)","StSLib","The Hierophant","The Mystic","The Necromancer"],"gold_per_floor":[117,42,42,42,217,217,217,217,289,313,313,326,245,245,245,341,341,361,361,374,224,204,204,248,248,248,281,306,306,321,321,321,421,421,439,439,439,439,439],"floor_reached":38,"playtime":837,"items_purged":["Strike_B","Strike_B"],"score":783,"play_id":"69bdecca-b865-4ce0-84fc-27a16b8cc5c3","local_time":"20201221104617","is_ascension_mode":true,"campfire_choices":[{"data":"Tempest","floor":6,"key":"SMITH"},{"data":"Dualcast","floor":7,"key":"SMITH"},{"data":"Zap","floor":8,"key":"SMITH"},{"data":"Defragment","floor":15,"key":"SMITH"},{"data":"Capacitor","floor":23,"key":"SMITH"},{"data":"Biased Cognition","floor":25,"key":"SMITH"},{"data":"Consume","floor":32,"key":"SMITH"}],"circlet_count":0,"master_deck":["AscendersBane","Strike_B","Defend_B","Defend_B","Defend_B+1","Defend_B","Zap+1","Dualcast+1","CurseOfTheBell","Tempest+1","Go for the Eyes","Defragment+1","Tempest","Biased Cognition+1","Ghostly","Ghostly+1","Ghostly","Ghostly","Ghostly","Capacitor+1","Ball Lightning","Hologram","Consume+1","Lockon","Machine Learning"],"relics":["Calling Bell","Omamori","Pantograph","WingedGreaves","Golden Idol","Gremlin Horn","Eternal Feather","Toy Ornithopter","Philosopher\u0027s Stone","PreservedInsect","Nunchaku","Bag of Preparation","CeramicFish","War Paint","Busted Crown"],"acts_visited":["Exordium","TheCity","TheBeyond"],"potions_floor_usage":[16,20,24,27,33,35],"damage_taken":[{"damage":18,"enemies":"Jaw Worm","floor":1,"turns":6},{"damage":0,"enemies":"2 Louse","floor":10,"turns":1},{"damage":0,"enemies":"Cultist","floor":12,"turns":3},{"damage":0,"enemies":"Slime Boss","floor":16,"turns":6},{"damage":18,"enemies":"Shell Parasite","floor":18,"turns":3},{"damage":2,"enemies":"2 Thieves","floor":20,"turns":4},{"damage":6,"enemies":"Gremlin Leader","floor":24,"turns":8},{"damage":11,"enemies":"Book of Stabbing","floor":27,"turns":4},{"damage":3,"enemies":"3 Cultists","floor":28,"turns":5},{"damage":3,"enemies":"Snake Plant","floor":30,"turns":3},{"damage":3,"enemies":"Collector","floor":33,"turns":7},{"damage":9,"enemies":"3 Darklings","floor":35,"turns":4},{"damage":39,"enemies":"Awakened One","floor":38,"turns":2}],"seed_played":"3408455627798243104","potions_obtained":[{"floor":10,"key":"EssenceOfSteel"},{"floor":12,"key":"AttackPotion"},{"floor":16,"key":"PowerPotion"},{"floor":22,"key":"ColorlessPotion"},{"floor":24,"key":"Energy Potion"},{"floor":27,"key":"FocusPotion"},{"floor":33,"key":"Swift Potion"}],"is_trial":false,"path_per_floor":["M","$","?","?","?","R","R","R","T","M","?","M","$","?","R","B",null,"M","?","M","$","?","R","E","R","T","E","M","T","M","?","R","B",null,"M","?","?","B"],"character_chosen":"DEFECT","items_purchased":["Tempest","Ball Lightning"],"campfire_rested":0,"item_purchase_floors":[13,21],"current_hp_per_floor":[46,46,46,39,39,39,39,39,39,39,39,39,39,32,38,66,66,48,33,31,31,31,33,27,33,33,22,19,19,16,16,31,30,32,24,24,24,0,0],"gold":439,"neow_bonus":"BOSS_RELIC","is_daily":false,"chose_seed":false,"campfire_upgraded":7,"win_rate":0.0,"timestamp":1608543977,"path_taken":["M","$","?","?","?","R","R","R","T","?","?","M","?","?","R","BOSS","M","?","M","$","?","R","E","R","T","E","?","?","M","?","R","BOSS","M","?","?","BOSS"],"items_purchased_type":["Card","Card"],"build_version":"2020-12-13","purchased_purges":2,"victory":false,"max_hp_per_floor":[71,71,66,66,66,66,66,66,66,66,66,66,66,66,66,66,66,66,33,33,33,33,33,33,33,33,33,33,33,33,33,33,33,33,33,33,33,33,33],"card_choices":[{"not_picked":["Doom and Gloom","Storm"],"picked":"Tempest","floor":1},{"not_picked":["Beam Cell","Streamline"],"picked":"Go for the Eyes","floor":10},{"not_picked":["Sunder","Hello World"],"picked":"Defragment","floor":12},{"not_picked":["Creative AI","Echo Form"],"picked":"Biased Cognition","floor":16},{"not_picked":["Force Field","Compile Driver"],"picked":"FTL","floor":18},{"not_picked":["Steam Power","Barrage"],"picked":"Capacitor","floor":20},{"not_picked":["Stack+1","Streamline"],"picked":"Hologram","floor":24},{"not_picked":["Turbo","BootSequence+1"],"picked":"Consume","floor":27},{"not_picked":["Steam","Go for the Eyes"],"picked":"Lockon","floor":28},{"not_picked":["Compile Driver","Sweeping Beam","Redo"],"picked":"SKIP","floor":30},{"not_picked":["Creative AI","Buffer"],"picked":"Machine Learning","floor":33},{"not_picked":["Go for the Eyes"],"picked":"SKIP","floor":35}],"player_experience":902866,"relics_obtained":[{"floor":0,"key":"Omamori"},{"floor":0,"key":"Pantograph"},{"floor":0,"key":"WingedGreaves"},{"floor":9,"key":"Gremlin Horn"},{"floor":24,"key":"PreservedInsect"},{"floor":26,"key":"Nunchaku"},{"floor":27,"key":"Bag of Preparation"},{"floor":29,"key":"CeramicFish"}],"event_choices":[{"damage_healed":0,"gold_gain":0,"player_choice":"Lose Max HP","damage_taken":0,"relics_obtained":["Golden Idol"],"max_hp_gain":0,"max_hp_loss":5,"event_name":"Golden Idol","floor":3,"gold_loss":0},{"cards_removed":["Strike_B"],"damage_healed":0,"gold_gain":0,"player_choice":"Card Removal","damage_taken":7,"max_hp_gain":0,"max_hp_loss":0,"event_name":"Golden Wing","floor":4,"gold_loss":0},{"damage_healed":0,"gold_gain":175,"player_choice":"AGREE","damage_taken":0,"max_hp_gain":0,"max_hp_loss":0,"event_name":"Liars Game","floor":5,"gold_loss":0,"cards_obtained":["Doubt"]},{"damage_healed":0,"gold_gain":0,"player_choice":"Gave Potion","damage_taken":0,"relics_obtained":["Eternal Feather"],"max_hp_gain":0,"max_hp_loss":0,"event_name":"WeMeetAgain","floor":11,"gold_loss":0},{"damage_healed":0,"gold_gain":0,"player_choice":"Success","damage_taken":7,"relics_obtained":["Toy Ornithopter"],"max_hp_gain":0,"max_hp_loss":0,"event_name":"Scrap Ooze","floor":14,"gold_loss":0},{"damage_healed":0,"gold_gain":0,"player_choice":"Became a Ghost","damage_taken":0,"max_hp_gain":0,"max_hp_loss":33,"event_name":"Ghosts","floor":19,"gold_loss":0,"cards_obtained":["Ghostly","Ghostly","Ghostly","Ghostly","Ghostly"]},{"damage_healed":0,"gold_gain":0,"player_choice":"Bought 1 Potion","damage_taken":0,"max_hp_gain":0,"max_hp_loss":0,"event_name":"The Woman in Blue","floor":22,"gold_loss":0},{"damage_healed":0,"gold_gain":0,"player_choice":"Opened","damage_taken":0,"relics_obtained":["War Paint"],"max_hp_gain":0,"max_hp_loss":0,"event_name":"The Mausoleum","floor":31,"gold_loss":0},{"cards_removed":["FTL"],"damage_healed":0,"gold_gain":0,"player_choice":"Removed Attack","damage_taken":0,"max_hp_gain":0,"max_hp_loss":0,"event_name":"Falling","floor":36,"gold_loss":0},{"damage_healed":0,"gold_gain":0,"player_choice":"Took Portal","damage_taken":0,"max_hp_gain":0,"max_hp_loss":0,"event_name":"SecretPortal","floor":37,"gold_loss":0}],"is_beta":false,"boss_relics":[{"not_picked":["Sozu","Velvet Choker"],"picked":"Philosopher\u0027s Stone"},{"not_picked":["Astrolabe","Pandora\u0027s Box"],"picked":"Busted Crown"}],"items_purged_floors":[2,21],"is_endless":false,"potions_floor_spawned":[10,12,16,24,27,33],"killed_by":"Awakened One","ascension_level":14}}