{"host":"30jsp143e4v19aze","time":1608593476,"event":{"mods":["BaseMod","Colored Map","Colored Powertips","Curses Come First","DeckTracker","Highlight Path","Minty Spire (QoL Compilation)","Quick Restart","Relic Stats","StSLib"],"gold_per_floor":[113,124,124,138,151,151,186,186,186,212,8,8,8,27,27,27,27],"floor_reached":16,"playtime":668,"items_purged":["Strike_G"],"score":187,"play_id":"2165b4ca-1533-4f8a-ab6e-ad3b1f421ebd","local_time":"20201222003116","is_ascension_mode":true,"campfire_choices":[{"data":"Underhanded Strike","floor":6,"key":"SMITH"},{"floor":13,"key":"REST"},{"data":"Malaise","floor":15,"key":"SMITH"}],"circlet_count":0,"master_deck":["AscendersBane","Strike_G","Strike_G","Strike_G","Defend_G","Defend_G","Defend_G","Defend_G","Survivor","Neutralize","Backstab","Quick Slash","Underhanded Strike+1","Bullet Time","Calculated Gamble","Footwork","Malaise+1","Noxious Fumes","Backflip","Acrobatics"],"relics":["Empty Cage","Nunchaku","Calipers","Letter Opener"],"acts_visited":["Exordium"],"potions_floor_usage":[5,10],"damage_taken":[{"damage":1,"enemies":"Small Slimes","floor":1,"turns":5},{"damage":1,"enemies":"Cultist","floor":2,"turns":5},{"damage":10,"enemies":"Jaw Worm","floor":4,"turns":4},{"damage":15,"enemies":"Exordium Thugs","floor":5,"turns":8},{"damage":18,"enemies":"Gremlin Nob","floor":7,"turns":4},{"damage":11,"enemies":"Lagavulin","floor":10,"turns":9},{"damage":7,"enemies":"2 Fungi Beasts","floor":14,"turns":3},{"damage":18,"enemies":"Hexaghost","floor":16,"turns":11}],"seed_played":"6868418495858975247","potions_obtained":[{"floor":1,"key":"DistilledChaos"},{"floor":4,"key":"GamblersBrew"}],"is_trial":false,"path_per_floor":["M","M","?","M","M","R","E","?","T","E","$","T","R","M","R","B"],"character_chosen":"THE_SILENT","items_purchased":["Noxious Fumes","Backflip"],"campfire_rested":1,"item_purchase_floors":[11,11],"current_hp_per_floor":[58,57,57,47,32,32,14,14,14,3,3,3,22,15,15,0,0],"gold":27,"neow_bonus":"BOSS_RELIC","is_daily":false,"chose_seed":false,"campfire_upgraded":2,"win_rate":0.0,"timestamp":1608593476,"path_taken":["M","M","?","M","?","R","E","?","T","E","$","?","R","M","R","BOSS"],"items_purchased_type":["Card","Card"],"build_version":"2020-12-13","purchased_purges":1,"victory":false,"max_hp_per_floor":[66,66,66,66,66,66,66,66,66,66,66,66,66,66,66,66,66],"relic_stats":{"Nunchaku":[4],"counters":[8,49],"Letter Opener":[10],"obtain_stats":[{"Nunchaku":7,"Calipers":10,"Letter Opener":12,"Empty Cage":0,"Ring of the Snake":0},{"Nunchaku":5,"Calipers":6,"Letter Opener":6,"Empty Cage":0,"Ring of the Snake":0},{"Nunchaku":26,"Calipers":35,"Letter Opener":35,"Empty Cage":0,"Ring of the Snake":0}]},"card_choices":[{"not_picked":["PiercingWail","Acrobatics"],"picked":"Backstab","floor":1},{"not_picked":["Backflip","Deflect"],"picked":"Quick Slash","floor":2},{"not_picked":["Blade Dance","Flying Knee"],"picked":"Footwork","floor":4},{"not_picked":["Cloak And Dagger","Dagger Spray","Underhanded Strike"],"picked":"SKIP","floor":5},{"not_picked":["Catalyst","Reflex"],"picked":"Malaise","floor":7},{"not_picked":["Prepared","Flying Knee","Heel Hook"],"picked":"SKIP","floor":10},{"not_picked":["Terror","PiercingWail"],"picked":"Acrobatics","floor":14}],"player_experience":3036877,"relics_obtained":[{"floor":7,"key":"Nunchaku"},{"floor":10,"key":"Calipers"},{"floor":12,"key":"Letter Opener"}],"event_choices":[{"damage_healed":0,"gold_gain":0,"player_choice":"4 cards matched","damage_taken":0,"max_hp_gain":0,"max_hp_loss":0,"event_name":"Match and Keep!","floor":3,"gold_loss":0,"cards_obtained":["Underhanded Strike","Bullet Time","Calculated Gamble","Injury"]},{"cards_removed":["Injury"],"damage_healed":0,"gold_gain":0,"player_choice":"Removed Curses","damage_taken":0,"max_hp_gain":0,"max_hp_loss":0,"event_name":"Fountain of Cleansing","floor":8,"gold_loss":0}],"is_beta":false,"boss_relics":[],"items_purged_floors":[11],"is_endless":false,"potions_floor_spawned":[1,4],"killed_by":"Hexaghost","ascension_level":14}}