{"host":"5fasz840ryq7obdf","time":1608565808,"event":{"mods":["AchievementEnabler","BaseMod","Bestiary","Better Altar","Better Skull","Better Third Choice","BetterRewards","Block Reminder","Colored Powertips","Curses Come First","Minty Spire (QoL Compilation)","Quick Restart","Relic Stats","Shop Mod","Spicy Shops","StSLib"],"gold_per_floor":[109,109,25,54,72,121,121,160,236,236,236,275,275,26,26,128,128,151,41,41,41,41,83,83,133,133,133,166,4,29,69,69,168,168,191,218,242,30,95,144,477,501,552,586,49,77,111,130,130,130,130,130,130,91,131,131],"floor_reached":57,"playtime":4737,"items_purged":["Clumsy","Strike_R","Strike_R","Defend_R","Strike_R","Strike_R","Defend_R","Defend_R","Strike_R+1","Defend_R+1","Shockwave"],"score":4445,"play_id":"d8413d5c-0d18-49bc-8b6a-a93fc02913b9","local_time":"20201221155008","is_ascension_mode":true,"campfire_choices":[{"data":"Double Tap","floor":7.0,"key":"SMITH"},{"data":"Dark Embrace","floor":11.0,"key":"SMITH"},{"data":"Secret Weapon","floor":15.0,"key":"SMITH"},{"data":"Wild Strike","floor":24.0,"key":"PURGE"},{"data":"Wild Strike","floor":27.0,"key":"PURGE"},{"data":"True Grit","floor":32.0,"key":"PURGE"},{"floor":49,"key":"RECALL"},{"data":"Seeing Red","floor":53,"key":"SMITH"}],"circlet_count":3,"master_deck":["AscendersBane","Fire Breathing+1","Finesse","Master of Strategy","Dark Embrace+1","Evolve","Trip+1","Fire Breathing","Reckless Charge","Secret Weapon+1","Reckless Charge+1","Feel No Pain+1","Dual Wield","Dramatic Entrance","Double Tap+1","Fiend Fire","Fire Breathing+1","Rupture+1","True Grit","Thunderclap","Swift Strike","Demon Form+1","Forethought","Deep Breath","Combust+1","Sentinel","Feel No Pain+1","Master of Strategy","Barricade+1","Reaper+1","Wild Strike+1","Bandage Up","Feel No Pain+1","Berserk+1","Violence","Juggernaut+1","Berserk+1","Brutality+1","Dropkick+1","Feel No Pain+1","Intimidate","Impervious","Body Slam+1","Demon Form+1","Feel No Pain+1","Dramatic Entrance+1","Dual Wield","Seeing Red+1","Feel No Pain+1","Dropkick+1","Offering"],"relics":["Burning Blood","Medical Kit","Ginger","Dream Catcher","Omamori","Shuriken","Nunchaku","OrangePellets","Mummified Hand","Unceasing Top","Strange Spoon","InkBottle","Orrery","War Paint","Frozen Egg 2","Paper Frog","Oddly Smooth Stone","Whetstone","HandDrill","Ancient Tea Set","Potion Belt","Ornamental Fan","Cauldron","Juzu Bracelet","Lantern","Singing Bowl","Membership Card","Red Skull","Bottled Tornado","Gambling Chip","CaptainsWheel","CeramicFish","Molten Egg 2","MealTicket","Happy Flower","Kunai","Sling","PreservedInsect","Meat on the Bone","Gremlin Horn","ClockworkSouvenir","Frozen Eye","Tiny Chest","Peace Pipe","Regal Pillow","Bottled Flame","Centennial Puzzle","Bag of Preparation","Akabeko","Black Star","DollysMirror","Bottled Lightning","Toy Ornithopter","Bronze Scales","Eternal Feather","Matryoshka","Art of War","Bag of Marbles","Mercury Hourglass","Pen Nib","Vajra","StrikeDummy","Torii","Coffee Dripper","Letter Opener","Blue Candle","FossilizedHelix","Bird Faced Urn","StoneCalendar","TungstenRod","Dead Branch","Pocketwatch","Charon\u0027s Ashes","Ice Cream","Mango","Thread and Needle","Lizard Tail","Turnip","Circlet"],"acts_visited":["TheEnding"],"potions_floor_usage":[],"damage_taken":[{"damage":0.0,"enemies":"2 Louse","floor":1.0,"turns":1.0},{"damage":3.0,"enemies":"Jaw Worm","floor":4.0,"turns":2.0},{"damage":0.0,"enemies":"Small Slimes","floor":5.0,"turns":1.0},{"damage":1.0,"enemies":"Gremlin Nob","floor":6.0,"turns":3.0},{"damage":0.0,"enemies":"Lagavulin","floor":8.0,"turns":2.0},{"damage":0.0,"enemies":"Gremlin Nob","floor":12.0,"turns":1.0},{"damage":0.0,"enemies":"The Guardian","floor":16.0,"turns":2.0},{"damage":10.0,"enemies":"Shell Parasite","floor":18.0,"turns":2.0},{"damage":31.0,"enemies":"Book of Stabbing","floor":23.0,"turns":3.0},{"damage":0.0,"enemies":"Gremlin Leader","floor":25.0,"turns":1.0},{"damage":1.0,"enemies":"3 Byrds","floor":28.0,"turns":2.0},{"damage":2.0,"enemies":"Snecko","floor":30.0,"turns":2.0},{"damage":0.0,"enemies":"Book of Stabbing","floor":31.0,"turns":1.0},{"damage":4.0,"enemies":"Collector","floor":33.0,"turns":3.0},{"damage":0.0,"enemies":"3 Darklings","floor":35.0,"turns":1.0},{"damage":31.0,"enemies":"3 Shapes","floor":36.0,"turns":1.0},{"damage":2.0,"enemies":"Transient","floor":37.0,"turns":3.0},{"damage":1.0,"enemies":"2 Orb Walkers","floor":39.0,"turns":1.0},{"damage":0.0,"enemies":"Giant Head","floor":40.0,"turns":1.0},{"damage":0.0,"enemies":"Reptomancer","floor":44.0,"turns":1.0},{"damage":0.0,"enemies":"Nemesis","floor":46.0,"turns":1.0},{"damage":0.0,"enemies":"Mind Bloom Boss Battle","floor":47.0,"turns":2.0},{"damage":0,"enemies":"Jaw Worm Horde","floor":48,"turns":1},{"damage":0,"enemies":"Donu and Deca","floor":50,"turns":2},{"damage":13,"enemies":"Awakened One","floor":51,"turns":4},{"damage":0,"enemies":"Shield and Spear","floor":55,"turns":1},{"damage":32,"enemies":"The Heart","floor":56,"turns":4}],"seed_played":"3326164050254400886","potions_obtained":[{"floor":0.0,"key":"FairyPotion"},{"floor":0.0,"key":"HeartOfIron"},{"floor":0.0,"key":"FearPotion"},{"floor":0.0,"key":"BlessingOfTheForge"},{"floor":4.0,"key":"Dexterity Potion"},{"floor":6.0,"key":"Dexterity Potion"},{"floor":30.0,"key":"SpeedPotion"},{"floor":31.0,"key":"Energy Potion"}],"is_trial":false,"path_per_floor":["M","?","$","M","M","E","R","E","T","?","R","E","?","$","R","B",null,"M","$","?","T","?","E","R","E","T","R","M","$","M","E","R","B",null,"M","M","M","$","?","E","?","T","T","E","$","E","?","M","R","B","B",null,"R","$","E","B",null],"character_chosen":"IRONCLAD","items_purchased":["Fire Breathing","Medical Kit","Wild Strike","Finesse","Master of Strategy","Ginger","Dream Catcher","Omamori","Shuriken","Nunchaku","OrangePellets","Mummified Hand","Dark Embrace","Wild Strike","Evolve","Trip","Unceasing Top","Strange Spoon","InkBottle","Orrery","War Paint","Secret Weapon","Frozen Egg 2","Paper Frog","Oddly Smooth Stone","Reckless Charge","Feel No Pain+1","Dual Wield","Whetstone","HandDrill","Ancient Tea Set","Shockwave","Dramatic Entrance","Double Tap","Fiend Fire","Fire Breathing+1","Potion Belt","Ornamental Fan","Cauldron","Juzu Bracelet","Thunderclap","Swift Strike","Lantern","Demon Form+1","Forethought","Singing Bowl","Membership Card","Red Skull","Bottled Tornado","Deep Breath","Gambling Chip","Combust+1","CaptainsWheel","Sentinel","CeramicFish","Feel No Pain+1","Molten Egg 2","Master of Strategy","MealTicket","Happy Flower","Kunai","Sling","PreservedInsect","Meat on the Bone","Barricade+1","Reaper+1","Wild Strike+1","Gremlin Horn","ClockworkSouvenir","Bandage Up","Frozen Eye","Tiny Chest","Bag of Preparation","Akabeko","Violence","DollysMirror","Brutality+1","Pen Nib","Vajra","Letter Opener","Blue Candle","Ice Cream","Mango","Feel No Pain+1","Thread and Needle","Dramatic Entrance+1","Feel No Pain+1","Dropkick+1"],"campfire_rested":0,"item_purchase_floors":[0,0,0,0,0,0,0,0,0,0,0,0,0,0,0,0,0,0,0,0,0,0,0,0,0,0,0,0,0,0,0,0,0,0,0,0,0,0,0,0,0,0,0,0,0,0,0,0,0,0,0,0,0,0,0,0,0,0,0,0,0,0,0,0,0,0,0,0,0,0,0,3,14,14,14,19,19,29,29,38,38,45,45,45,45,45,54,54],"current_hp_per_floor":[53,53,68,73,75,75,75,77,77,70,70,78,78,79,79,79,79,77,81,81,81,81,71,81,81,81,81,81,81,83,85,85,85,85,87,62,89,89,91,91,91,91,91,93,107,109,109,109,109,109,109,109,109,109,109,109],"gold":131,"neow_bonus":"","is_daily":false,"chose_seed":false,"campfire_upgraded":4,"win_rate":0.0,"timestamp":1608565808,"path_taken":["M","?","$","M","M","E","R","E","T","?","R","E","?","$","R","BOSS","M","$","?","?","?","E","R","E","T","R","M","$","M","E","R","BOSS","M","M","M","$","?","E","?","?","T","E","?","E","?","M","R","BOSS","BOSS","R","$","E","BOSS"],"items_purchased_type":["Card","Relic","Card","Card","Card","Relic","Relic","Relic","Relic","Relic","Relic","Relic","Card","Card","Card","Card","Relic","Relic","Relic","Relic","Relic","Card","Relic","Relic","Relic","Card","Card","Card","Relic","Relic","Relic","Card","Card","Card","Card","Card","Relic","Relic","Relic","Relic","Card","Card","Relic","Card","Card","Relic","Relic","Relic","Relic","Card","Relic","Card","Relic","Card","Relic","Card","Relic","Card","Relic","Relic","Relic","Relic","Relic","Relic","Card","Card","Card","Relic","Relic","Card","Relic","Relic","Relic","Relic","Card","Relic","Card","Relic","Relic","Relic","Relic","Relic","Relic","Card","Relic","Card","Card","Card"],"build_version":"2020-12-13","purchased_purges":11,"victory":true,"max_hp_per_floor":[81,73,73,73,75,75,75,77,77,77,77,79,79,79,79,79,79,81,81,81,81,81,81,81,81,81,81,81,81,83,85,85,85,85,87,87,89,89,91,91,91,91,91,93,107,109,109,109,109,109,109,109,109,109,109,109],"relic_stats":{"Gremlin Horn":[89,93],"CeramicFish":225,"Ginger":[21],"Whetstone":["Whirlwind","Feed","Reckless Charge","Strike_R"],"Centennial Puzzle":[30],"Lizard Tail":0,"MealTicket":57,"HandDrill":[196],"Kunai":[59],"Happy Flower":[47],"counters":[113,317],"Blue Candle":[60],"Dead Branch":[70],"Eternal Feather":53,"Pen Nib":[55],"Charon\u0027s Ashes":[375],"Letter Opener":[651],"War Paint":["Entrench","True Grit","Defend_R","Trip"],"OrangePellets":[31],"Shuriken":[123],"Bronze Scales":[122],"Bird Faced Urn":[41],"Black Star":13,"obtain_stats":[{"Ginger":29,"Whetstone":124,"Bottled Tornado":62,"Sling":96,"MealTicket":114,"HandDrill":39,"Kunai":106,"MerchantsRug":124,"Blue Candle":45,"Eternal Feather":106,"Pen Nib":23,"Akabeko":14,"SlaversCollar":17,"MutagenicStrength":22,"Bird Faced Urn":40,"StrikeDummy":34,"Unceasing Top":0,"Lantern":127,"Regal Pillow":8,"Singing Bowl":0,"Torii":31,"Magic Flower":14,"StoneCalendar":40,"Bag of Preparation":79,"Smiling Mask":7,"Ancient Tea Set":43,"Cursed Key":52,"Burning Blood":0,"Shovel":0,"Matryoshka":67,"InkBottle":117,"Paper Frog":90,"Potion Belt":81,"Self Forming Clay":13,"Golden Idol":54,"Circlet":142,"Thread and Needle":45,"The Courier":49,"PreservedInsect":0,"Omamori":46,"Frozen Egg 2":9,"Ornamental Fan":61,"Bloody Idol":123,"Orrery":0,"Turnip":12,"Art of War":119,"Bottled Lightning":27,"Champion Belt":124,"Toy Ornithopter":8,"Ice Cream":4,"Gremlin Horn":28,"CeramicFish":0,"Vajra":106,"Centennial Puzzle":12,"Lizard Tail":46,"HornCleat":101,"DollysMirror":19,"Strawberry":31,"Prayer Wheel":32,"Toxic Egg 2":37,"Happy Flower":73,"Dead Branch":10,"Oddly Smooth Stone":34,"Charon\u0027s Ashes":133,"Letter Opener":89,"War Paint":106,"Du-Vu Doll":129,"OrangePellets":117,"Bottled Flame":9,"Shuriken":24,"Bronze Scales":125,"Molten Egg 2":0,"Black Star":17,"Pocketwatch":6,"Meat on the Bone":13,"Darkstone Periapt":26,"Mango":136,"Juzu Bracelet":0,"ClockworkSouvenir":0,"Frozen Eye":55,"Dream Catcher":40,"Nunchaku":0,"Mummified Hand":73,"Pantograph":117,"Gambling Chip":0,"Tiny Chest":42,"Red Mask":71,"Red Skull":0,"Medical Kit":96,"White Beast Statue":44,"Mercury Hourglass":84,"Calling Bell":34,"Peace Pipe":48,"Strange Spoon":0,"Cauldron":0,"CaptainsWheel":34,"Anchor":96,"Bag of Marbles":47,"Coffee Dripper":34,"Membership Card":79,"TungstenRod":38,"FossilizedHelix":39},{"Ginger":17,"Whetstone":75,"Bottled Tornado":35,"Sling":58,"MealTicket":70,"HandDrill":23,"Kunai":65,"MerchantsRug":75,"Blue Candle":27,"Eternal Feather":65,"Pen Nib":13,"Akabeko":92,"SlaversCollar":9,"MutagenicStrength":12,"Bird Faced Urn":105,"StrikeDummy":20,"Unceasing Top":0,"Lantern":76,"Regal Pillow":91,"Singing Bowl":86,"Torii":99,"Magic Flower":8,"StoneCalendar":105,"Bag of Preparation":48,"Smiling Mask":4,"Ancient Tea Set":25,"Cursed Key":31,"Burning Blood":0,"Shovel":0,"Matryoshka":39,"InkBottle":72,"Paper Frog":53,"Potion Belt":49,"Self Forming Clay":7,"Golden Idol":32,"Circlet":84,"Thread and Needle":106,"The Courier":29,"PreservedInsect":86,"Omamori":28,"Frozen Egg 2":5,"Ornamental Fan":35,"Bloody Idol":75,"Orrery":86,"Turnip":7,"Art of War":73,"Bottled Lightning":15,"Champion Belt":75,"Toy Ornithopter":5,"Ice Cream":2,"Gremlin Horn":16,"CeramicFish":86,"Vajra":65,"Centennial Puzzle":92,"Lizard Tail":107,"HornCleat":62,"DollysMirror":94,"Strawberry":19,"Prayer Wheel":19,"Toxic Egg 2":22,"Happy Flower":43,"Dead Branch":6,"Oddly Smooth Stone":20,"Charon\u0027s Ashes":80,"Letter Opener":53,"War Paint":65,"Du-Vu Doll":77,"OrangePellets":72,"Bottled Flame":91,"Shuriken":14,"Bronze Scales":75,"Molten Egg 2":86,"Black Star":93,"Pocketwatch":3,"Meat on the Bone":7,"Darkstone Periapt":14,"Mango":82,"Juzu Bracelet":86,"ClockworkSouvenir":86,"Frozen Eye":32,"Dream Catcher":24,"Nunchaku":86,"Mummified Hand":43,"Pantograph":72,"Gambling Chip":86,"Tiny Chest":25,"Red Mask":42,"Red Skull":86,"Medical Kit":58,"White Beast Statue":26,"Mercury Hourglass":51,"Calling Bell":20,"Peace Pipe":29,"Strange Spoon":86,"Cauldron":86,"CaptainsWheel":20,"Anchor":58,"Bag of Marbles":28,"Coffee Dripper":100,"Membership Card":48,"TungstenRod":23,"FossilizedHelix":104},{"Ginger":76,"Whetstone":242,"Bottled Tornado":153,"Sling":205,"MealTicket":231,"HandDrill":100,"Kunai":219,"MerchantsRug":242,"Blue Candle":122,"Eternal Feather":219,"Pen Nib":61,"Akabeko":278,"SlaversCollar":39,"MutagenicStrength":57,"Bird Faced Urn":301,"StrikeDummy":89,"Unceasing Top":0,"Lantern":244,"Regal Pillow":277,"Singing Bowl":268,"Torii":291,"Magic Flower":33,"StoneCalendar":301,"Bag of Preparation":186,"Smiling Mask":16,"Ancient Tea Set":115,"Cursed Key":143,"Burning Blood":0,"Shovel":0,"Matryoshka":162,"InkBottle":235,"Paper Frog":193,"Potion Belt":187,"Self Forming Clay":29,"Golden Idol":147,"Circlet":266,"Thread and Needle":302,"The Courier":130,"PreservedInsect":268,"Omamori":129,"Frozen Egg 2":20,"Ornamental Fan":153,"Bloody Idol":242,"Orrery":268,"Turnip":29,"Art of War":237,"Bottled Lightning":71,"Champion Belt":242,"Toy Ornithopter":20,"Ice Cream":8,"Gremlin Horn":75,"CeramicFish":268,"Vajra":219,"Centennial Puzzle":278,"Lizard Tail":303,"HornCleat":211,"DollysMirror":282,"Strawberry":85,"Prayer Wheel":85,"Toxic Egg 2":97,"Happy Flower":175,"Dead Branch":24,"Oddly Smooth Stone":89,"Charon\u0027s Ashes":257,"Letter Opener":193,"War Paint":219,"Du-Vu Doll":248,"OrangePellets":235,"Bottled Flame":277,"Shuriken":66,"Bronze Scales":242,"Molten Egg 2":268,"Black Star":280,"Pocketwatch":14,"Meat on the Bone":29,"Darkstone Periapt":66,"Mango":261,"Juzu Bracelet":268,"ClockworkSouvenir":268,"Frozen Eye":147,"Dream Catcher":109,"Nunchaku":268,"Mummified Hand":175,"Pantograph":235,"Gambling Chip":268,"Tiny Chest":115,"Red Mask":172,"Red Skull":268,"Medical Kit":205,"White Beast Statue":120,"Mercury Hourglass":189,"Calling Bell":89,"Peace Pipe":130,"Strange Spoon":268,"Cauldron":268,"CaptainsWheel":89,"Anchor":205,"Bag of Marbles":129,"Coffee Dripper":294,"Membership Card":186,"TungstenRod":100,"FossilizedHelix":300}],"Unceasing Top":[248],"Meat on the Bone":96,"Pocketwatch":[107],"Regal Pillow":0,"Singing Bowl":28,"Torii":0,"StoneCalendar":[0],"Juzu Bracelet":1,"Bag of Preparation":[116],"Burning Blood":36,"Dream Catcher":0,"Nunchaku":[18],"Mummified Hand":[922],"Gambling Chip":[70],"Tiny Chest":6,"InkBottle":[102],"PreservedInsect":1005,"Medical Kit":[24],"Mercury Hourglass":[285],"Peace Pipe":6,"Strange Spoon":[81],"Ornamental Fan":[408],"Turnip":[32],"Art of War":[4],"Toy Ornithopter":43,"TungstenRod":305},"card_choices":[{"not_picked":["Reaper","Heavy Blade"],"picked":"Fire Breathing","floor":0.0},{"not_picked":["Entrench","Clash"],"picked":"True Grit","floor":0.0},{"not_picked":["True Grit","Clothesline"],"picked":"Reckless Charge","floor":0.0},{"not_picked":["Uppercut","Havoc"],"picked":"Rupture+1","floor":0.0},{"not_picked":["Entrench","Clash"],"picked":"True Grit","floor":0.0},{"not_picked":["Heavy Blade","Ghostly Armor","Twin Strike"],"picked":"Singing Bowl","floor":0.0},{"not_picked":["Body Slam","Twin Strike","Pommel Strike"],"picked":"Singing Bowl","floor":0.0},{"not_picked":["Twin Strike+1","Heavy Blade+1","Metallicize+1"],"picked":"Singing Bowl","floor":1.0},{"not_picked":["Evolve+1","Spot Weakness"],"picked":"Feel No Pain+1","floor":4.0},{"not_picked":["Heavy Blade+1","True Grit","Wild Strike+1"],"picked":"Singing Bowl","floor":5.0},{"not_picked":["Perfected Strike+1","Hemokinesis+1"],"picked":"Berserk+1","floor":6.0},{"not_picked":["Warcry","Whirlwind+1","Evolve+1"],"picked":"Singing Bowl","floor":8.0},{"not_picked":["Clash+1","Anger+1","Twin Strike+1"],"picked":"Singing Bowl","floor":12.0},{"not_picked":["Limit Break","Barricade+1"],"picked":"Juggernaut+1","floor":16.0},{"not_picked":["Armaments","Combust+1","Spot Weakness"],"picked":"Singing Bowl","floor":18.0},{"not_picked":["Searing Blow+1","Heavy Blade+1"],"picked":"Dropkick+1","floor":23.0},{"not_picked":["Clash+1","Sword Boomerang+1"],"picked":"Feel No Pain+1","floor":25.0},{"not_picked":["Shrug It Off","Inflame+1"],"picked":"Intimidate","floor":28.0},{"not_picked":["Pommel Strike+1","Armaments","Hemokinesis+1"],"picked":"Singing Bowl","floor":30.0},{"not_picked":["True Grit+1","Armaments","Clothesline+1"],"picked":"Singing Bowl","floor":31.0},{"not_picked":["Limit Break","Corruption+1"],"picked":"Impervious","floor":33.0},{"not_picked":["Clash+1","True Grit","Twin Strike+1"],"picked":"Singing Bowl","floor":35.0},{"not_picked":["Heavy Blade+1","Sword Boomerang+1"],"picked":"Body Slam+1","floor":36.0},{"not_picked":["Warcry","True Grit+1","Perfected Strike+1"],"picked":"Singing Bowl","floor":37.0},{"not_picked":["Flex","Headbutt+1","Clash+1"],"picked":"Singing Bowl","floor":39.0},{"not_picked":["Clothesline+1","Flex+1"],"picked":"Demon Form+1","floor":40.0},{"not_picked":["Iron Wave+1","Ghostly Armor","Warcry"],"picked":"Singing Bowl","floor":44.0},{"not_picked":["Rampage+1","Reckless Charge+1","True Grit+1"],"picked":"Singing Bowl","floor":46.0},{"not_picked":["Shrug It Off","Reckless Charge+1"],"picked":"Dual Wield","floor":47.0},{"not_picked":["Disarm","Havoc"],"picked":"Seeing Red","floor":48},{"not_picked":["Second Wind","Intimidate+1"],"picked":"Offering","floor":55}],"player_experience":890109,"relics_obtained":[{"floor":6.0,"key":"Peace Pipe"},{"floor":8.0,"key":"Regal Pillow"},{"floor":9.0,"key":"Bottled Flame"},{"floor":12.0,"key":"Centennial Puzzle"},{"floor":21.0,"key":"Bottled Lightning"},{"floor":23.0,"key":"Bronze Scales"},{"floor":23.0,"key":"Eternal Feather"},{"floor":25.0,"key":"Matryoshka"},{"floor":25.0,"key":"Art of War"},{"floor":26.0,"key":"Bag of Marbles"},{"floor":26.0,"key":"Mercury Hourglass"},{"floor":31.0,"key":"StrikeDummy"},{"floor":31.0,"key":"Torii"},{"floor":39.0,"key":"FossilizedHelix"},{"floor":40.0,"key":"Bird Faced Urn"},{"floor":40.0,"key":"StoneCalendar"},{"floor":42.0,"key":"TungstenRod"},{"floor":43.0,"key":"Dead Branch"},{"floor":44.0,"key":"Pocketwatch"},{"floor":44.0,"key":"Charon\u0027s Ashes"},{"floor":46.0,"key":"Lizard Tail"},{"floor":46.0,"key":"Turnip"},{"floor":47.0,"key":"Circlet"},{"floor":55,"key":"Circlet"},{"floor":55,"key":"Circlet"}],"event_choices":[{"damage_healed":0.0,"max_hp_gain":0.0,"max_hp_loss":8.0,"gold_gain":0.0,"event_name":"Golden Idol","player_choice":"Lose Max HP","floor":2.0,"gold_loss":0.0,"damage_taken":0.0,"relics_obtained":["Golden Idol"]},{"cards_removed":["Bash"],"damage_healed":0.0,"max_hp_gain":0.0,"max_hp_loss":0.0,"gold_gain":0.0,"event_name":"Golden Wing","player_choice":"Card Removal","floor":10.0,"gold_loss":0.0,"damage_taken":7.0},{"damage_healed":0.0,"max_hp_gain":0.0,"max_hp_loss":0.0,"gold_gain":0.0,"event_name":"Living Wall","player_choice":"Grow","floor":13.0,"gold_loss":0.0,"damage_taken":0.0,"cards_upgraded":["Fire Breathing"]},{"damage_healed":0.0,"max_hp_gain":0.0,"max_hp_loss":0.0,"gold_gain":0.0,"event_name":"Vampires","player_choice":"Ignored","floor":20.0,"gold_loss":0.0,"damage_taken":0.0},{"damage_healed":0.0,"max_hp_gain":0.0,"max_hp_loss":0.0,"gold_gain":0.0,"event_name":"Addict","player_choice":"Stole Relic","floor":22.0,"gold_loss":0.0,"damage_taken":0.0,"relics_obtained":["Toy Ornithopter"],"cards_obtained":["Shame"]},{"damage_healed":0.0,"max_hp_gain":0.0,"max_hp_loss":0.0,"gold_gain":0.0,"event_name":"Mysterious Sphere","player_choice":"Fight","floor":39.0,"gold_loss":0.0,"damage_taken":0.0},{"damage_healed":0.0,"max_hp_gain":0.0,"max_hp_loss":0.0,"gold_gain":333.0,"event_name":"The Moai Head","player_choice":"Gave Idol","floor":41.0,"relics_lost":["Golden Idol"],"gold_loss":0.0,"damage_taken":0.0},{"damage_healed":0.0,"max_hp_gain":0.0,"max_hp_loss":0.0,"gold_gain":0.0,"event_name":"MindBloom","player_choice":"Fight","floor":47.0,"gold_loss":0.0,"damage_taken":0.0}],"is_beta":false,"boss_relics":[{"not_picked":["Pandora\u0027s Box","Ectoplasm"],"picked":"Black Star"},{"not_picked":["SacredBark","Philosopher\u0027s Stone"],"picked":"Coffee Dripper"}],"items_purged_floors":[0,0,0,0,0,0,0,0,0,0,45],"is_endless":false,"potions_floor_spawned":[4,5,6,18,30,31,37,44,46,47,55],"ascension_level":20}}