{"host":"lb7zt723eg2fm64t","time":1608566339,"event":{"mods":["Act Like it!","BaseMod","Bestiary","Better Altar","Better Match","Better Note","Better Sensory Stone","Better Skull","Better Third Choice","Lobotomy","LobotomyExtend","Minty Spire (QoL Compilation)","Potion Indicator Mod","Quick Restart","Shedinja","StSLib"],"gold_per_floor":[110,120,140,90,90,110,110,123,202,202,202,212,212,67,67,67,67],"floor_reached":16,"playtime":931,"items_purged":[],"score":119,"play_id":"399f9b00-98be-4901-ad73-faad507d2946","local_time":"20201221095859","is_ascension_mode":false,"campfire_choices":[],"circlet_count":0,"master_deck":["SpecialBullet","SpecialBullet","SpecialBullet","SpecialBullet","SpecialBullet","SpecialBullet","SpecialBullet","SpecialBullet","InformationCode","SecurityCode","TrainingCode","Trip+1","FrostShard","MeatLantern","BearPaw","BlackSwan","Tough","Justitia+1","UniverseFragment","Burn","Burn","SwordSharpenedByTears+1"],"relics":["CogitoBucket","LetterFromLob","Molten Egg 2","Frozen Egg 2","Strawberry"],"acts_visited":["Exordium"],"potions_floor_usage":[6,8,10],"damage_taken":[{"damage":0,"enemies":"Cultist","floor":1,"turns":2},{"damage":11,"enemies":"Jaw Worm","floor":2,"turns":2},{"damage":3,"enemies":"Small Slimes","floor":3,"turns":4},{"damage":7,"enemies":"Exordium Thugs","floor":6,"turns":4},{"damage":0,"enemies":"Exordium Wildlife","floor":8,"turns":1},{"damage":41,"enemies":"2 Fungi Beasts","floor":10,"turns":6},{"damage":7,"enemies":"Looter","floor":12,"turns":3},{"damage":67,"enemies":"Slime Boss","floor":16,"turns":6}],"seed_played":"-2843629047423242651","potions_obtained":[{"floor":3,"key":"GamblersBrew"},{"floor":6,"key":"BlessingOfTheForge"},{"floor":8,"key":"SmokeBomb"}],"is_trial":false,"path_per_floor":["M","M","M","?","T","M","R","M","T","M","?","M","R","$","R","B"],"character_chosen":"Angela","items_purchased":["Strawberry"],"campfire_rested":0,"item_purchase_floors":[14],"current_hp_per_floor":[70,67,70,70,70,70,70,74,74,41,41,46,46,53,53,0,0],"gold":67,"neow_bonus":"RANDOM_COLORLESS","is_daily":false,"chose_seed":false,"campfire_upgraded":0,"win_rate":0.0,"timestamp":1608566339,"path_taken":["M","M","?","?","?","M","R","M","T","M","?","M","R","$","R","BOSS"],"items_purchased_type":["Relic"],"build_version":"2020-12-13","purchased_purges":0,"victory":false,"max_hp_per_floor":[70,70,70,70,70,70,70,74,74,74,74,78,78,85,85,85,85],"card_choices":[{"not_picked":["Mind Blast","Discovery"],"picked":"Trip","floor":0},{"not_picked":["OSAHOGD","Bloodbath"],"picked":"QueenOfHatred","floor":1},{"not_picked":["Beak"],"picked":"FrostShard","floor":1},{"not_picked":["UniverseFragment","OSAHOGD"],"picked":"MeatLantern","floor":2},{"not_picked":["Reverberation"],"picked":"BearPaw","floor":2},{"not_picked":["SpiderBud","CrumblingArmor"],"picked":"BlackSwan","floor":3},{"not_picked":["Penitence"],"picked":"Tough","floor":3},{"not_picked":["Murderer","Porccubus"],"picked":"LongBird","floor":6},{"not_picked":["Noise","GreenStem"],"picked":"SKIP","floor":6},{"not_picked":["CrumblingArmor","BeautyBeast"],"picked":"UniverseFragment","floor":8},{"not_picked":["Lantern+1","CherryBlossom"],"picked":"SKIP","floor":8},{"not_picked":["LittlePrince","Wellcheers"],"picked":"DespairKnight","floor":12},{"not_picked":["Reverberation+1"],"picked":"SwordSharpenedByTears+1","floor":12}],"player_experience":228501,"relics_obtained":[{"floor":1,"key":"LetterFromLob"},{"floor":5,"key":"Molten Egg 2"},{"floor":9,"key":"Frozen Egg 2"}],"event_choices":[],"is_beta":false,"boss_relics":[],"items_purged_floors":[],"is_endless":false,"potions_floor_spawned":[3,6,8],"killed_by":"Slime Boss","ascension_level":0}}