{"host":"r3d3rfw8zyydmocx","time":1608592139,"event":{"mods":["Aspiration","BaseMod","Better Third Choice","Colored Powertips","Conspire","Downfall","Hermit","Highlight Path","Hubris","Minty Spire (QoL Compilation)","StSLib","The Hierophant","The Servant 0.9.4"],"gold_per_floor":[112,112,112,112,37,37,64,75,100,129,129,462,462,483,483,483,483],"floor_reached":16,"playtime":544,"items_purged":["Strike_S"],"score":148,"play_id":"88f2ad3d-4450-4192-9fdd-0240f4574504","local_time":"20201221150859","is_ascension_mode":true,"campfire_choices":[{"data":"KidneyShot","floor":6.0,"key":"SMITH"},{"data":"Solidify","floor":11.0,"key":"SMITH"},{"floor":15,"key":"REST"}],"circlet_count":0,"master_deck":["Strike_S","Strike_S","Strike_S","Defend_S","Defend_S","Defend_S","Defend_S","KidneyShot+1","Exchange","BestPractice","Advance","Solidify+1","Deadline"],"relics":["Uniform","NeowsBlessing","Vajra","Omamori","hubris:OldNail","hubris:BottledRain","Old Coin","Golden Idol"],"acts_visited":["Exordium"],"potions_floor_usage":[],"damage_taken":[{"damage":0.0,"enemies":"conspire:RoseBush","floor":1.0,"turns":1.0},{"damage":0.0,"enemies":"Lagavulin","floor":7.0,"turns":1.0},{"damage":0.0,"enemies":"Small Slimes","floor":8.0,"turns":1.0},{"damage":36.0,"enemies":"3 Sentries","floor":10.0,"turns":11.0},{"damage":13.0,"enemies":"Gremlin Nob","floor":12.0,"turns":3.0},{"damage":1.0,"enemies":"2 Louse","floor":14.0,"turns":2.0},{"damage":14,"enemies":"Hexaghost","floor":16,"turns":9}],"seed_played":"8751923907305482817","potions_obtained":[{"floor":1.0,"key":"Weak Potion"},{"floor":10.0,"key":"hexamod:EctoCoolerPotion"}],"is_trial":false,"path_per_floor":["M","?","?","?","$","R","E","M","T","E","R","E","?","M","R","B"],"character_chosen":"THE_SERVANT","items_purchased":[],"campfire_rested":1,"item_purchase_floors":[],"current_hp_per_floor":[65,70,58,58,58,58,58,58,58,22,22,9,9,8,27,13,13],"gold":483,"neow_bonus":"THREE_ENEMY_KILL","is_daily":false,"chose_seed":false,"campfire_upgraded":2,"win_rate":0.0,"timestamp":1608592139,"path_taken":["M","?","?","?","$","R","E","M","T","E","R","E","?","M","R","BOSS"],"items_purchased_type":[],"build_version":"2020-12-13","purchased_purges":1,"victory":false,"max_hp_per_floor":[65,70,70,70,70,70,70,70,70,70,70,70,65,65,65,65,65],"card_choices":[{"not_picked":["Spin","StarChef"],"picked":"BestPractice","floor":1.0},{"not_picked":["DoubleEdge","RealityMarble"],"picked":"Advance","floor":7.0},{"not_picked":["Collapse","Rewind","Starlight"],"picked":"SKIP","floor":8.0},{"not_picked":["Ricochet","Defy","Solidify"],"picked":"SKIP","floor":10.0},{"not_picked":["Ricochet","Defy"],"picked":"Solidify","floor":10.0},{"not_picked":["StarChef","Reset","Collapse"],"picked":"SKIP","floor":12.0},{"not_picked":["Alleviate","Starlight"],"picked":"Deadline","floor":14}],"player_experience":529570,"relics_obtained":[{"floor":7.0,"key":"Omamori"},{"floor":9.0,"key":"hubris:OldNail"},{"floor":10.0,"key":"hubris:BottledRain"},{"floor":12.0,"key":"Old Coin"}],"event_choices":[{"damage_healed":0.0,"max_hp_gain":5.0,"max_hp_loss":0.0,"gold_gain":0.0,"event_name":"Big Fish","player_choice":"Donut","floor":2.0,"gold_loss":0.0,"damage_taken":0.0},{"damage_healed":0.0,"max_hp_gain":0.0,"max_hp_loss":0.0,"gold_gain":0.0,"event_name":"betterThird:BetterScrap","player_choice":"Relic ","floor":3.0,"gold_loss":0.0,"damage_taken":12.0,"cards_obtained":["Vault"]},{"damage_healed":0.0,"max_hp_gain":0.0,"max_hp_loss":0.0,"gold_gain":0.0,"event_name":"conspire:Investor","player_choice":"Leave","floor":4.0,"gold_loss":0.0,"damage_taken":0.0},{"damage_healed":0.0,"max_hp_gain":0.0,"max_hp_loss":5.0,"gold_gain":0.0,"event_name":"Golden Idol","player_choice":"Lose Max HP","floor":13.0,"gold_loss":0.0,"damage_taken":0.0,"relics_obtained":["Golden Idol"]}],"is_beta":false,"boss_relics":[],"items_purged_floors":[5],"is_endless":false,"potions_floor_spawned":[1,10],"killed_by":"Hexaghost","ascension_level":1}}