{"host":"cyh4fejqtcjbfr7k","time":1608535269,"event":{"mods":["2.2 Compatiblity","AchievementEnabler","BaseMod","Colored Map","Colored Powertips","DeckTracker","Downfall","Googly Eyes","Hubris","Infinite Spire","Minty Spire (QoL Compilation)","Replay The Spire","Shop Mod","StSLib","SuperFastMode","Unceasing Turn Reminder"],"gold_per_floor":[110,128,128,143,162,162,190,190,240,240,240,257,257,283,283,394,394,420,278,278,278,302,327,327,327,375,401,401],"floor_reached":27,"playtime":1136,"items_purged":["Strike_B"],"score":253,"play_id":"2e3432cd-829c-4e2f-9110-af72c0519357","local_time":"20201221002109","is_ascension_mode":true,"campfire_choices":[{"floor":6.0,"key":"REST"},{"data":"Zap","floor":8.0,"key":"SMITH"},{"data":"Conserve Battery","floor":10.0,"key":"SMITH"},{"floor":15.0,"key":"REST"}],"circlet_count":0,"master_deck":["Strike_B","Strike_B","Strike_B","Defend_B","Defend_B+1","Defend_B","Defend_B","Zap+1","Dualcast","Redo","Conserve Battery+1","Streamline","Leap+1","Glacier","Chaos","ReplayTheSpireMod:Omega Cannon","Static Discharge","Hello World","Hello World","Mirror Shield","Defragment","ReplayTheSpireMod:Omega Cannon"],"relics":["Cracked Core","Membership Card","Cables","Strawberry","Replay:Bandana","MutagenicStrength","hubris:Towel","ReplayFunnel","Omamori"],"acts_visited":["Exordium","TheCity"],"potions_floor_usage":[],"damage_taken":[{"damage":1.0,"enemies":"Cultist","floor":1.0,"turns":3.0},{"damage":6.0,"enemies":"Jaw Worm","floor":2.0,"turns":3.0},{"damage":0.0,"enemies":"Small Slimes","floor":4.0,"turns":3.0},{"damage":5.0,"enemies":"Looter","floor":5.0,"turns":2.0},{"damage":4.0,"enemies":"Gremlin Nob","floor":7.0,"turns":3.0},{"damage":8.0,"enemies":"Blue Slaver","floor":12.0,"turns":3.0},{"damage":5.0,"enemies":"Lagavulin","floor":14.0,"turns":6.0},{"damage":34.0,"enemies":"Slime Boss","floor":16.0,"turns":13.0},{"damage":20.0,"enemies":"Spheric Guardian","floor":18.0,"turns":4.0},{"damage":16.0,"enemies":"2 Thieves","floor":22.0,"turns":4.0},{"damage":23.0,"enemies":"Slavers","floor":23.0,"turns":6.0},{"damage":5.0,"enemies":"Cultist and Chosen","floor":27.0,"turns":6.0}],"seed_played":"-350421341233751998","potions_obtained":[{"floor":0.0,"key":"LiquidMemories"},{"floor":0.0,"key":"ColorlessPotion"},{"floor":0.0,"key":"Adrenaline Potion"},{"floor":5.0,"key":"LiquidMemories"},{"floor":7.0,"key":"SteroidPotion"},{"floor":14.0,"key":"champ:CounterPotion"},{"floor":16.0,"key":"Ancient Potion"},{"floor":22.0,"key":"Dexterity Potion"},{"floor":27,"key":"Weak Potion"}],"is_trial":false,"path_per_floor":["M","M","$","M","M","R","E","R","T","R","?","M","$","E","R","B",null,"M","$","?","?","M","E","$","?","T","M"],"character_chosen":"DEFECT","items_purchased":["Membership Card","Hello World","Mirror Shield"],"campfire_rested":2,"item_purchase_floors":[3,19,19],"current_hp_per_floor":[74,68,58,58,53,75,71,71,78,78,62,54,54,49,73,39,82,62,62,62,62,46,23,23,23,23,18,18],"gold":401,"neow_bonus":"THREE_SMALL_POTIONS","is_daily":false,"chose_seed":false,"campfire_upgraded":2,"win_rate":0.0,"timestamp":1608535269,"path_taken":["M","M","?","?","M","R","E","R","T","R","?","M","$","E","R","BOSS","M","$","?","?","M","E","?","?","T","M"],"items_purchased_type":["Relic","Card","Card"],"build_version":"2020-12-13","purchased_purges":1,"victory":false,"max_hp_per_floor":[75,75,75,75,75,75,75,75,82,82,82,82,82,82,82,82,82,82,82,82,82,82,82,82,82,82,82,82],"card_choices":[{"not_picked":["Recycle","Panic Button"],"picked":"Redo","floor":1.0},{"not_picked":["Turbo","Redo"],"picked":"Conserve Battery","floor":2.0},{"not_picked":["Redo","Rebound"],"picked":"Streamline","floor":4.0},{"not_picked":["Steam Power","Rip and Tear"],"picked":"Leap","floor":5.0},{"not_picked":["ReplayTheSpireMod:Repulse","Hologram"],"picked":"Glacier","floor":7.0},{"not_picked":["hubris:Ukulele","Gash","Recycle"],"picked":"SKIP","floor":12.0},{"not_picked":["ReplayTheSpireMod:Calculation Training","Aggregate"],"picked":"Chaos","floor":14.0},{"not_picked":["hubris:DoWhile","Fission"],"picked":"ReplayTheSpireMod:Omega Cannon","floor":16.0},{"not_picked":["Hologram+1","Streamline"],"picked":"Static Discharge","floor":18.0},{"not_picked":["Chill+1","Self Repair"],"picked":"Defragment","floor":22.0},{"not_picked":["Gash+1","Beam Cell"],"picked":"ReplayTheSpireMod:Omega Cannon","floor":23.0}],"player_experience":594363,"relics_obtained":[{"floor":7.0,"key":"Cables"},{"floor":9.0,"key":"Strawberry"},{"floor":14.0,"key":"Replay:Bandana"},{"floor":23.0,"key":"ReplayFunnel"},{"floor":26.0,"key":"Omamori"}],"event_choices":[{"damage_healed":0.0,"max_hp_gain":0.0,"max_hp_loss":0.0,"gold_gain":0.0,"event_name":"Shining Light","player_choice":"Entered Light","floor":11.0,"gold_loss":0.0,"damage_taken":16.0,"cards_upgraded":["Defend_B","Leap"]},{"damage_healed":0.0,"max_hp_gain":0.0,"max_hp_loss":0.0,"gold_gain":0.0,"event_name":"Drug Dealer","player_choice":"Inject Mutagens","floor":20.0,"gold_loss":0.0,"damage_taken":0.0,"relics_obtained":["MutagenicStrength"]}],"is_beta":false,"boss_relics":[{"not_picked":["Abe\u0027s Treasure","Velvet Choker","Replay:Wanted Poster"]}],"items_purged_floors":[19],"is_endless":false,"potions_floor_spawned":[5,7,14,16,22,27],"killed_by":"Cultist and Chosen","ascension_level":1}}