{"host":"hfxp6ue4pvwo3fit","time":1608587122,"event":{"mods":["AchievementEnabler","BaseMod","Colored Map","Colored Powertips","Highlight Path","Minty Spire (QoL Compilation)","StSLib","SuperFastMode"],"gold_per_floor":[111,111,127,127,146,146,157,185,185,185,185,185],"floor_reached":11,"playtime":346,"items_purged":[],"score":146,"play_id":"fdedec4c-3bca-4420-93c4-9555b93ed959","local_time":"20201221154522","is_ascension_mode":true,"campfire_choices":[{"floor":6,"key":"REST"},{"floor":10,"key":"REST"}],"circlet_count":0,"master_deck":["AscendersBane","Strike_R","Strike_R","Strike_R","Strike_R","Strike_R","Defend_R+1","Defend_R","Defend_R+1","Defend_R","Bash","Thunderclap","Iron Wave","Dropkick","Headbutt","Bludgeon"],"relics":["Black Star","Mummified Hand","Ornamental Fan","Gremlin Horn"],"acts_visited":["Exordium"],"potions_floor_usage":[8,8],"damage_taken":[{"damage":7,"enemies":"2 Louse","floor":1,"turns":4},{"damage":4,"enemies":"Small Slimes","floor":3,"turns":3},{"damage":7,"enemies":"Cultist","floor":5,"turns":4},{"damage":16,"enemies":"Blue Slaver","floor":7,"turns":5},{"damage":20,"enemies":"Gremlin Nob","floor":8,"turns":4},{"damage":45,"enemies":"Lagavulin","floor":11,"turns":6}],"seed_played":"3208760797695949638","potions_obtained":[{"floor":3,"key":"HeartOfIron"},{"floor":5,"key":"Explosive Potion"},{"floor":7,"key":"Fire Potion"}],"is_trial":false,"path_per_floor":["M","?","M","?","M","R","M","E","T","R","E"],"character_chosen":"IRONCLAD","items_purchased":[],"campfire_rested":2,"item_purchase_floors":[],"current_hp_per_floor":[61,38,34,34,27,49,33,13,13,35,0,0],"gold":185,"neow_bonus":"BOSS_RELIC","is_daily":false,"chose_seed":false,"campfire_upgraded":0,"win_rate":0.0,"timestamp":1608587122,"path_taken":["M","?","M","?","M","R","M","E","T","R","E"],"items_purchased_type":[],"build_version":"2020-12-13","purchased_purges":0,"victory":false,"max_hp_per_floor":[75,75,75,75,75,75,75,75,75,75,75,75],"card_choices":[{"not_picked":["True Grit","Sword Boomerang"],"picked":"Thunderclap","floor":1},{"not_picked":["Second Wind","Warcry"],"picked":"Iron Wave","floor":3},{"not_picked":["Flex","Wild Strike"],"picked":"Dropkick","floor":5},{"not_picked":["Entrench","Infernal Blade"],"picked":"Headbutt","floor":7},{"not_picked":["Fire Breathing","Havoc"],"picked":"Bludgeon","floor":8}],"player_experience":408469,"relics_obtained":[{"floor":8,"key":"Mummified Hand"},{"floor":8,"key":"Ornamental Fan"},{"floor":9,"key":"Gremlin Horn"}],"event_choices":[{"damage_healed":0,"gold_gain":0,"player_choice":"Entered Light","damage_taken":23,"max_hp_gain":0,"max_hp_loss":0,"event_name":"Shining Light","floor":2,"gold_loss":0,"cards_upgraded":["Defend_R","Defend_R"]},{"damage_healed":0,"gold_gain":0,"player_choice":"Ignored","damage_taken":0,"max_hp_gain":0,"max_hp_loss":0,"event_name":"Liars Game","floor":4,"gold_loss":0}],"is_beta":false,"boss_relics":[],"items_purged_floors":[],"is_endless":false,"potions_floor_spawned":[3,5,7],"killed_by":"Lagavulin","ascension_level":20}}