{"host":"1hv1kueuvc4r3rdp","time":1608531064,"event":{"mods":["AchievementEnabler","BaseMod","DeckTracker","Highlight Path","Minty Spire (QoL Compilation)","Permanent Neow","StSLib"],"gold_per_floor":[13,13,26,39,50,50,79,79,79,93,93,108,123,135,135,232,232,251,269,289,289,289],"floor_reached":21,"playtime":1143,"items_purged":[],"score":243,"play_id":"23b49a15-4f23-4bfe-954c-71867eb4c3ab","local_time":"20201221001104","is_ascension_mode":true,"campfire_choices":[{"data":"Zap","floor":6,"key":"SMITH"},{"floor":8,"key":"REST"},{"floor":15,"key":"REST"}],"circlet_count":0,"master_deck":["Strike_B","Strike_B","Strike_B","Defend_B","Defend_B","Defend_B","Defend_B","Zap+1","Dualcast","Biased Cognition+1","Seek","Ball Lightning","Defragment","Go for the Eyes","Auto Shields","Hyperbeam","Barrage+1","Sweeping Beam+1","Hologram"],"relics":["Cracked Core","Matryoshka","Lantern","InkBottle","Black Star"],"acts_visited":["Exordium","TheCity"],"potions_floor_usage":[16,20],"damage_taken":[{"damage":10,"enemies":"2 Louse","floor":1,"turns":2},{"damage":0,"enemies":"Cultist","floor":3,"turns":2},{"damage":12,"enemies":"Jaw Worm","floor":4,"turns":2},{"damage":3,"enemies":"2 Fungi Beasts","floor":5,"turns":3},{"damage":25,"enemies":"Lagavulin","floor":7,"turns":6},{"damage":19,"enemies":"Exordium Thugs","floor":10,"turns":3},{"damage":0,"enemies":"Large Slime","floor":12,"turns":3},{"damage":2,"enemies":"3 Louse","floor":13,"turns":2},{"damage":4,"enemies":"Exordium Wildlife","floor":14,"turns":3},{"damage":9,"enemies":"Hexaghost","floor":16,"turns":7},{"damage":18,"enemies":"2 Thieves","floor":18,"turns":4},{"damage":3,"enemies":"Chosen","floor":19,"turns":4},{"damage":16,"enemies":"Shelled Parasite and Fungi","floor":20,"turns":3},{"damage":29,"enemies":"Centurion and Healer","floor":21,"turns":4}],"seed_played":"-5306607196593459249","potions_obtained":[{"floor":3,"key":"CultistPotion"},{"floor":7,"key":"DistilledChaos"},{"floor":13,"key":"DuplicationPotion"},{"floor":16,"key":"Energy Potion"}],"is_trial":false,"path_per_floor":["M","?","M","M","M","R","E","R","T","M","?","M","M","M","R","B",null,"M","M","M","M"],"character_chosen":"DEFECT","items_purchased":[],"campfire_rested":2,"item_purchase_floors":[],"current_hp_per_floor":[58,58,58,46,43,43,18,40,40,21,21,21,19,15,37,28,63,45,42,26,0,0],"gold":289,"neow_bonus":"THREE_RARE_CARDS","is_daily":false,"chose_seed":false,"campfire_upgraded":1,"win_rate":0.0,"timestamp":1608531064,"path_taken":["M","?","M","M","M","R","E","R","T","M","?","M","M","M","R","BOSS","M","M","?","M"],"items_purchased_type":[],"build_version":"2020-12-13","purchased_purges":0,"victory":false,"max_hp_per_floor":[75,75,75,75,75,75,75,75,75,75,75,75,75,75,75,75,75,75,75,75,75,75],"card_choices":[{"not_picked":["Echo Form","Amplify"],"picked":"Biased Cognition","floor":0},{"not_picked":["Turbo","Leap","Hologram"],"picked":"SKIP","floor":1},{"not_picked":["Turbo","Hologram","Rebound"],"picked":"SKIP","floor":3},{"not_picked":["Darkness","Double Energy"],"picked":"Seek","floor":4},{"not_picked":["Steam","Conserve Battery"],"picked":"Ball Lightning","floor":5},{"not_picked":["Sweeping Beam","Stack"],"picked":"Defragment","floor":7},{"not_picked":["Rainbow","Compile Driver","Hello World"],"picked":"SKIP","floor":10},{"not_picked":["Compile Driver","Ball Lightning"],"picked":"Go for the Eyes","floor":12},{"not_picked":["Coolheaded","Compile Driver"],"picked":"Auto Shields","floor":13},{"not_picked":["Conserve Battery","Gash","Stack"],"picked":"SKIP","floor":14},{"not_picked":["Seek","Biased Cognition"],"picked":"Hyperbeam","floor":16},{"not_picked":["Steam Power","Turbo"],"picked":"Barrage+1","floor":18},{"not_picked":["Hologram","Reprogram"],"picked":"Sweeping Beam+1","floor":19},{"not_picked":["Ball Lightning","Redo"],"picked":"Hologram","floor":20}],"player_experience":1077068,"relics_obtained":[{"floor":7,"key":"Matryoshka"},{"floor":9,"key":"Lantern"},{"floor":9,"key":"InkBottle"}],"event_choices":[{"damage_healed":0,"gold_gain":0,"player_choice":"Grow","damage_taken":0,"max_hp_gain":0,"max_hp_loss":0,"event_name":"Living Wall","floor":2,"gold_loss":0,"cards_upgraded":["Biased Cognition"]},{"cards_removed":["Strike_B"],"damage_healed":0,"gold_gain":0,"player_choice":"Purged","damage_taken":0,"max_hp_gain":0,"max_hp_loss":0,"event_name":"Purifier","floor":11,"gold_loss":0}],"is_beta":false,"boss_relics":[{"not_picked":["Cursed Key","Coffee Dripper"],"picked":"Black Star"}],"items_purged_floors":[],"is_endless":false,"potions_floor_spawned":[3,7,13,16,18],"killed_by":"Centurion and Healer","ascension_level":6}}