{"host":"8sm0b7p9523x62p8","time":1608527215,"event":{"mods":["AchievementEnabler","Aspiration","BaseMod","Beaked The Cultist","CatGirl Mod","Colored Map","Colored Powertips","Conspire","Curses Come First","Downfall","Friendly Minions","Glutton Mod","Halation","Highlight Path","Hubris","Jorbs\u0027s Wanderer Trilogy","KomeijiMod","Luminous","Mad Scientist","Mimic Mod","Minty Spire (QoL Compilation)","Quick Restart","Robot Space Explorer","StSLib","The Alterego","The Cursed","The Factory","The Fake Hero","The Forsaken","The Gatherer","The Jungle","The Marked","The Valiant","The Wild Card","The Witch","TheArtist","TheBandit","thorton","vexMod"],"gold_per_floor":[99,130,130,130,1,1,1,1,12,12,37,37,83,96,107,203,203,203,231,231,245,245,245,245,256,275,306,318,332,343,49,68,68,68],"floor_reached":33,"playtime":12378,"items_purged":["Guardian:Strike_Guardian","Shame"],"score":335,"play_id":"a93c0038-9c71-429f-84e1-44f8f730a849","local_time":"20201220220655","is_ascension_mode":false,"campfire_choices":[{"data":"Guardian:TwinSlam","floor":1,"key":"SMITH"},{"data":"Guardian:ArmoredProtocol","floor":8,"key":"SMITH"},{"data":"Guardian:SphericShield","floor":18,"key":"SMITH"},{"data":"Guardian:EvasiveProtocol","floor":20,"key":"SMITH"},{"data":"Guardian:BaubleBeam","floor":23,"key":"SMITH"}],"circlet_count":0,"master_deck":["Guardian:Strike_Guardian","Guardian:Strike_Guardian","Guardian:Defend_Guardian","Guardian:Defend_Guardian","Guardian:Defend_Guardian","Guardian:Defend_Guardian","Guardian:CurlUp","Guardian:TwinSlam+1","Guardian:ArmoredProtocol+1","Guardian:ShieldSpikes","Guardian:PiercingHide","Guardian:BaubleBeam+1","Guardian:SphericShield+1","CurseOfTheBell","Guardian:EvasiveProtocol+1","Guardian:Gem_Blue","Guardian:Gem_Red","Guardian:VentSteam+1","Guardian:RollAttack","Guardian:Gem_Purple","Guardian:SpikerProtocol","Guardian:PrismaticBarrier","Guardian:Gem_Blue","Guardian:ArmoredProtocol+1"],"relics":["Guardian:ModeShifter","downfall:HeartsMalice","Strawberry","Guardian:PickAxe","hubris:Icosahedron","conspire:Flyswatter","Smiling Mask","Calling Bell","vexMod:BarristanHead","hubris:DeckOfHolding","vexMod:RetaliationKit","aspiration:StickyExplosives_weak","conspire:GlowingRock","hubris:CuriousFeather"],"acts_visited":["Exordium","TheCity"],"potions_floor_usage":[19,19,19,27,32,33,33,33,33,33,33,33],"damage_taken":[{"damage":0,"enemies":"Gremlin Nob","floor":2,"turns":1},{"damage":0,"enemies":"downfall:FleeingMerchant","floor":5,"turns":1},{"damage":0,"enemies":"2 Louse","floor":6,"turns":1},{"damage":0,"enemies":"Small Slimes","floor":9,"turns":4},{"damage":0,"enemies":"Jaw Worm","floor":14,"turns":4},{"damage":0,"enemies":"Large Slime","floor":15,"turns":7},{"damage":70,"enemies":"downfall:Defect","floor":16,"turns":19},{"damage":39,"enemies":"conspire:Head Lice","floor":19,"turns":11},{"damage":0,"enemies":"conspire:FuzzyDice","floor":21,"turns":7},{"damage":0,"enemies":"Chosen","floor":25,"turns":8},{"damage":22,"enemies":"Snecko","floor":26,"turns":11},{"damage":0,"enemies":"Book of Stabbing","floor":27,"turns":5},{"damage":0,"enemies":"conspire:HollyBat","floor":28,"turns":10},{"damage":3,"enemies":"Shelled Parasite and Fungi","floor":29,"turns":5},{"damage":5,"enemies":"3 Cultists","floor":30,"turns":5},{"damage":0,"enemies":"downfall:FleeingMerchant","floor":31,"turns":4},{"damage":15,"enemies":"Snecko","floor":32,"turns":8},{"damage":17,"enemies":"downfall:Watcher","floor":33,"turns":8}],"seed_played":"5078169808442228907","potions_obtained":[{"floor":15,"key":"Fire Potion"},{"floor":16,"key":"EntropicBrew"},{"floor":27,"key":"GamblersBrew"},{"floor":28,"key":"Guardian:DefensiveModePotion"},{"floor":29,"key":"EntropicBrew"},{"floor":32,"key":"EntropicBrew"}],"is_trial":false,"path_per_floor":["R","E","?","?","$","M","T","R","M","R","T","?","T","M","M","B",null,"R","E","R","M","?","R","T","M","M","E","M","M","M","$","M","B"],"character_chosen":"GUARDIAN","items_purchased":["Guardian:PiercingHide","Guardian:SpikerProtocol","Guardian:PrismaticBarrier","Guardian:Gem_Blue"],"campfire_rested":0,"item_purchase_floors":[5,31,31,31],"current_hp_per_floor":[80,87,87,87,87,87,87,87,87,87,87,87,87,87,87,17,87,87,48,48,48,48,48,48,48,26,26,26,23,18,18,3,0,0],"gold":68,"neow_bonus":"THREE_ENEMY_KILL","is_daily":false,"chose_seed":false,"campfire_upgraded":5,"win_rate":0.0,"timestamp":1608527215,"path_taken":["R","E","?","?","?","M","T","R","?","R","?","?","?","M","M","BOSS","R","E","R","M","?","R","T","M","M","E","M","M","?","$","M","BOSS"],"items_purchased_type":["Card","Card","Card","Card"],"build_version":"2020-12-13","purchased_purges":2,"victory":false,"max_hp_per_floor":[80,87,87,87,87,87,87,87,87,87,87,87,87,87,87,87,87,87,87,87,87,87,87,87,87,87,87,87,87,87,87,87,87,87],"card_choices":[{"not_picked":["Guardian:Incinerate","Guardian:Gem_Lightblue"],"picked":"Guardian:ArmoredProtocol","floor":2},{"not_picked":["Guardian:Gem_Lightblue","Guardian:TimeBomb"],"picked":"Guardian:ShieldSpikes","floor":5},{"not_picked":["Guardian:RefractedBeam","Guardian:Gem_Lightblue","Guardian:Planning"],"picked":"SKIP","floor":6},{"not_picked":["Guardian:Gem_White","Guardian:Suspension"],"picked":"Guardian:BaubleBeam","floor":9},{"not_picked":["Guardian:CrystalBeam","Guardian:Recover","Guardian:ChargeCore"],"picked":"SKIP","floor":14},{"not_picked":["Guardian:Gem_White","Guardian:TimeCapacitor"],"picked":"Guardian:Gem_Green","floor":15},{"not_picked":["Guardian:StasisField","Guardian:FastForward"],"picked":"Guardian:SphericShield","floor":16},{"not_picked":["Guardian:RollAttack","Guardian:Suspension"],"picked":"Guardian:EvasiveProtocol","floor":19},{"not_picked":["Guardian:Gem_Lightblue","Guardian:CrystalBeam"],"picked":"Guardian:Gem_Blue","floor":21},{"not_picked":["Guardian:MultiBeam","Guardian:Planning"],"picked":"Guardian:VentSteam+1","floor":25},{"not_picked":["Guardian:TemporalStrike","Guardian:Gem_Green","Guardian:FloatingOrbs"],"picked":"SKIP","floor":26},{"not_picked":["Guardian:Orbwalk","Guardian:ChargeUp+1","Guardian:WalkerClaw+1"],"picked":"SKIP","floor":27},{"not_picked":["Guardian:Reroute","Guardian:TemporalShield"],"picked":"Guardian:RollAttack","floor":28},{"not_picked":["Guardian:Orbwalk","Guardian:BronzeArmor"],"picked":"Guardian:Gem_Purple","floor":29},{"not_picked":["Guardian:Gem_Green","Guardian:RevengeProtocol","Guardian:SentryBeam"],"picked":"SKIP","floor":30},{"not_picked":["Guardian:Incinerate","Guardian:Gem_Red","Guardian:FloatingOrbs"],"picked":"SKIP","floor":31},{"not_picked":["Guardian:ShieldCharger","Guardian:TemporalShield"],"picked":"Guardian:ArmoredProtocol+1","floor":32}],"player_experience":322289,"relics_obtained":[{"floor":2,"key":"Strawberry"},{"floor":7,"key":"conspire:Flyswatter"},{"floor":13,"key":"Smiling Mask"},{"floor":17,"key":"vexMod:BarristanHead"},{"floor":17,"key":"hubris:DeckOfHolding"},{"floor":17,"key":"vexMod:RetaliationKit"},{"floor":19,"key":"aspiration:StickyExplosives_weak"},{"floor":24,"key":"conspire:GlowingRock"},{"floor":27,"key":"hubris:CuriousFeather"}],"event_choices":[],"is_beta":false,"boss_relics":[{"not_picked":["SacredBark","conspire:RunicOctahedron"],"picked":"Calling Bell"}],"items_purged_floors":[5,31],"is_endless":false,"potions_floor_spawned":[15,16,27,28,29,30,32],"killed_by":"downfall:Watcher","ascension_level":0}}