{"host":"27cnk69rbdk9vsnt","time":1608556237,"event":{"mods":["BaseMod","CatGirl Mod","Ekko","Energized Spire","JesterMod","Mimic Mod","Minty Spire (QoL Compilation)","Shade Mod","Shop Mod","StSLib","The Spell Scribe","Thieving Mod"],"gold_per_floor":[116,128,138,138,148,180,180,206,206,233,233,233,233,250,250,355,355,382,382,362,372,402,429,429,448,524,7,19,19,86,186,186,285,285,324,16,16],"floor_reached":36,"playtime":2337,"items_purged":["ekkoTheBoyWhoShatteredTime:Defend"],"score":489,"play_id":"0377b75f-e89f-4e6c-8032-e93a4c9255fe","local_time":"20201221141037","is_ascension_mode":true,"campfire_choices":[{"data":"ekkoTheBoyWhoShatteredTime:Chronobreak","floor":7.0,"key":"SMITH"},{"data":"ekkoTheBoyWhoShatteredTime:NeedlesslyLargeRod","floor":11.0,"key":"SMITH"},{"data":"ekkoTheBoyWhoShatteredTime:Greed","floor":13.0,"key":"SMITH"},{"data":"ekkoTheBoyWhoShatteredTime:DodgeTraining","floor":15.0,"key":"SMITH"},{"data":"ekkoTheBoyWhoShatteredTime:GrandeFinale","floor":24,"key":"SMITH"},{"floor":32,"key":"REST"}],"circlet_count":0,"master_deck":["ekkoTheBoyWhoShatteredTime:Strike","ekkoTheBoyWhoShatteredTime:Strike","ekkoTheBoyWhoShatteredTime:Strike","ekkoTheBoyWhoShatteredTime:Strike","ekkoTheBoyWhoShatteredTime:Strike","ekkoTheBoyWhoShatteredTime:Defend","ekkoTheBoyWhoShatteredTime:Defend","ekkoTheBoyWhoShatteredTime:TimeMaster","ekkoTheBoyWhoShatteredTime:NaggingBlow","ekkoTheBoyWhoShatteredTime:Greed+1","ekkoTheBoyWhoShatteredTime:DefensiveStance","ekkoTheBoyWhoShatteredTime:DelayedWork","ekkoTheBoyWhoShatteredTime:QuickBreak+1","ekkoTheBoyWhoShatteredTime:Chronobreak+1","ekkoTheBoyWhoShatteredTime:CalmingWaves","ekkoTheBoyWhoShatteredTime:NeedlesslyLargeRod+1","ekkoTheBoyWhoShatteredTime:DodgeTraining+1","ekkoTheBoyWhoShatteredTime:GrandeFinale+1","ekkoTheBoyWhoShatteredTime:TimeRecall+1","ekkoTheBoyWhoShatteredTime:TrickOrTreatTrend","ekkoTheBoyWhoShatteredTime:Vibin+1","ekkoTheBoyWhoShatteredTime:SandstormSympathy","ekkoTheBoyWhoShatteredTime:Overflow+1"],"relics":["ekkoTheBoyWhoShatteredTime:zDriveResonance","Nunchaku","Mummified Hand","Ornamental Fan","Letter Opener","energizedSpire:NeverEndingSparkler","Happy Flower","Kunai","White Beast Statue","Strange Spoon","Akabeko","Darkstone Periapt","SacredBark","Girya"],"acts_visited":["Exordium","TheCity","TheBeyond"],"potions_floor_usage":[27,30,33,33,35,35],"damage_taken":[{"damage":4.0,"enemies":"2 Louse","floor":1.0,"turns":3.0},{"damage":0.0,"enemies":"Cultist","floor":2.0,"turns":3.0},{"damage":6.0,"enemies":"Jaw Worm","floor":3.0,"turns":3.0},{"damage":4.0,"enemies":"Blue Slaver","floor":5.0,"turns":4.0},{"damage":8.0,"enemies":"Lagavulin","floor":6.0,"turns":7.0},{"damage":26.0,"enemies":"3 Sentries","floor":8.0,"turns":11.0},{"damage":9.0,"enemies":"Gremlin Nob","floor":10.0,"turns":4.0},{"damage":3.0,"enemies":"Exordium Thugs","floor":14.0,"turns":3.0},{"damage":22.0,"enemies":"Hexaghost","floor":16.0,"turns":9.0},{"damage":9.0,"enemies":"Spheric Guardian","floor":18.0,"turns":4.0},{"damage":9.0,"enemies":"3 Byrds","floor":21.0,"turns":4.0},{"damage":0.0,"enemies":"Centurion and Healer","floor":22.0,"turns":4.0},{"damage":28.0,"enemies":"Book of Stabbing","floor":23.0,"turns":5.0},{"damage":10,"enemies":"Shelled Parasite and Fungi","floor":25,"turns":3},{"damage":0,"enemies":"Cultist and Chosen","floor":28,"turns":2},{"damage":11,"enemies":"Slavers","floor":30,"turns":4},{"damage":15,"enemies":"Champ","floor":33,"turns":7},{"damage":31,"enemies":"3 Darklings","floor":35,"turns":3}],"seed_played":"1908102175598986399","potions_obtained":[{"floor":2.0,"key":"Regen Potion"},{"floor":5.0,"key":"ekkoTheBoyWhoShatteredTime:ResonatingPotion"},{"floor":6.0,"key":"Regen Potion"},{"floor":8.0,"key":"EssenceOfSteel"},{"floor":20.0,"key":"Fruit Juice"},{"floor":22.0,"key":"PowerPotion"},{"floor":23,"key":"SpeedPotion"},{"floor":25,"key":"PowerPotion"},{"floor":28,"key":"Fire Potion"},{"floor":30,"key":"PowerPotion"},{"floor":33,"key":"GamblersBrew"},{"floor":35,"key":"SkillPotion"}],"is_trial":false,"path_per_floor":["M","M","M","?","M","E","R","E","T","E","R","?","R","M","R","B",null,"M","?","?","M","M","E","R","M","T","$","M","$","E","?","R","B",null,"M","$"],"character_chosen":"EKKO_THE_BOY_WHO_SHATTERED_TIME","items_purchased":["Strange Spoon","ekkoTheBoyWhoShatteredTime:NeedlesslyLargeRod","Akabeko","Fruit Juice","Girya"],"campfire_rested":1,"item_purchase_floors":[27,27,27,27,36],"current_hp_per_floor":[81,81,75,75,71,63,63,80,80,71,71,71,71,68,68,46,85,79,79,84,75,78,50,50,40,40,45,45,25,24,24,52,37,95,69,49,49],"gold":16,"neow_bonus":"TEN_PERCENT_HP_BONUS","is_daily":false,"chose_seed":false,"campfire_upgraded":5,"win_rate":0.0,"timestamp":1608556237,"path_taken":["M","M","M","?","?","E","R","E","T","E","R","?","R","M","R","BOSS","M","?","?","M","M","E","R","M","T","$","M","?","E","?","R","BOSS","M","?"],"items_purchased_type":["Relic","Card","Relic","Potion","Relic"],"build_version":"2020-12-13","purchased_purges":1,"victory":false,"max_hp_per_floor":[85,85,85,85,85,85,85,85,85,85,85,85,85,85,85,85,85,85,85,90,90,90,90,90,90,90,95,95,95,95,95,95,95,95,95,95,95],"card_choices":[{"not_picked":["ekkoTheBoyWhoShatteredTime:SpHit","ekkoTheBoyWhoShatteredTime:Dash"],"picked":"ekkoTheBoyWhoShatteredTime:NaggingBlow","floor":1.0},{"not_picked":["ekkoTheBoyWhoShatteredTime:AfterimageTease","ekkoTheBoyWhoShatteredTime:AfterimageHit"],"picked":"ekkoTheBoyWhoShatteredTime:Greed","floor":2.0},{"not_picked":["ekkoTheBoyWhoShatteredTime:FeelIt","ekkoTheBoyWhoShatteredTime:SneakHit"],"picked":"ekkoTheBoyWhoShatteredTime:DefensiveStance","floor":3.0},{"not_picked":["ekkoTheBoyWhoShatteredTime:Backtrack","ekkoTheBoyWhoShatteredTime:AfterimageTease"],"picked":"ekkoTheBoyWhoShatteredTime:QuickBreak","floor":5.0},{"not_picked":["ekkoTheBoyWhoShatteredTime:WaitForKeyTiming","ekkoTheBoyWhoShatteredTime:Dash"],"picked":"ekkoTheBoyWhoShatteredTime:Chronobreak","floor":6.0},{"not_picked":["ekkoTheBoyWhoShatteredTime:SpHit","ekkoTheBoyWhoShatteredTime:CommittedStrike"],"picked":"ekkoTheBoyWhoShatteredTime:CalmingWaves","floor":8.0},{"not_picked":["ekkoTheBoyWhoShatteredTime:WideSlice","ekkoTheBoyWhoShatteredTime:Process"],"picked":"ekkoTheBoyWhoShatteredTime:NeedlesslyLargeRod","floor":10.0},{"not_picked":["ekkoTheBoyWhoShatteredTime:CalmingWaves","ekkoTheBoyWhoShatteredTime:WideSlice"],"picked":"ekkoTheBoyWhoShatteredTime:DodgeTraining","floor":14.0},{"not_picked":["ekkoTheBoyWhoShatteredTime:OverloadingWeapon","ekkoTheBoyWhoShatteredTime:SandstormSympathy"],"picked":"ekkoTheBoyWhoShatteredTime:GrandeFinale","floor":16.0},{"not_picked":["ekkoTheBoyWhoShatteredTime:IceBreak+1","ekkoTheBoyWhoShatteredTime:FeelIt"],"picked":"ekkoTheBoyWhoShatteredTime:TimeRecall+1","floor":18.0},{"not_picked":["ekkoTheBoyWhoShatteredTime:Leap","ekkoTheBoyWhoShatteredTime:Confident"],"picked":"ekkoTheBoyWhoShatteredTime:TrickOrTreatTrend","floor":21.0},{"not_picked":["ekkoTheBoyWhoShatteredTime:Greed","ekkoTheBoyWhoShatteredTime:Knowledge+1"],"picked":"ekkoTheBoyWhoShatteredTime:AfterimageTease+1","floor":22.0},{"not_picked":["ekkoTheBoyWhoShatteredTime:AfterimageTimeWrap","ekkoTheBoyWhoShatteredTime:WaitForKeyTiming"],"picked":"ekkoTheBoyWhoShatteredTime:WideSlice+1","floor":23},{"not_picked":["ekkoTheBoyWhoShatteredTime:WideSlice","ekkoTheBoyWhoShatteredTime:Greed"],"picked":"ekkoTheBoyWhoShatteredTime:Confident","floor":25},{"not_picked":["ekkoTheBoyWhoShatteredTime:PlayTheBeat","ekkoTheBoyWhoShatteredTime:Leap"],"picked":"ekkoTheBoyWhoShatteredTime:AfterimageBait","floor":28},{"not_picked":["ekkoTheBoyWhoShatteredTime:AfterimageHit","ekkoTheBoyWhoShatteredTime:PlayTheBeat"],"picked":"ekkoTheBoyWhoShatteredTime:Vibin+1","floor":30},{"not_picked":["ekkoTheBoyWhoShatteredTime:Chronobreak","ekkoTheBoyWhoShatteredTime:CatchUpTime"],"picked":"ekkoTheBoyWhoShatteredTime:SandstormSympathy","floor":33},{"not_picked":["ekkoTheBoyWhoShatteredTime:IceBreak+1","ekkoTheBoyWhoShatteredTime:Backtrack+1"],"picked":"ekkoTheBoyWhoShatteredTime:Overflow+1","floor":35}],"player_experience":487943,"relics_obtained":[{"floor":6.0,"key":"Nunchaku"},{"floor":8.0,"key":"Mummified Hand"},{"floor":9.0,"key":"Ornamental Fan"},{"floor":10.0,"key":"Letter Opener"},{"floor":23,"key":"Kunai"},{"floor":26,"key":"White Beast Statue"},{"floor":30,"key":"Darkstone Periapt"}],"event_choices":[{"damage_healed":0.0,"max_hp_gain":0.0,"max_hp_loss":0.0,"gold_gain":0.0,"cards_transformed":["ekkoTheBoyWhoShatteredTime:Defend"],"event_name":"Transmorgrifier","player_choice":"Transformed","floor":4.0,"gold_loss":0.0,"damage_taken":0.0,"cards_obtained":["ekkoTheBoyWhoShatteredTime:DelayedWork"]},{"damage_healed":0.0,"max_hp_gain":0.0,"max_hp_loss":0.0,"gold_gain":0.0,"event_name":"Living Wall","player_choice":"Grow","floor":12.0,"gold_loss":0.0,"damage_taken":0.0,"cards_upgraded":["ekkoTheBoyWhoShatteredTime:QuickBreak"]},{"damage_healed":0.0,"max_hp_gain":0.0,"max_hp_loss":0.0,"gold_gain":0.0,"event_name":"The Mausoleum","player_choice":"Opened","floor":19.0,"gold_loss":0.0,"damage_taken":0.0,"relics_obtained":["Happy Flower"]},{"damage_healed":0.0,"max_hp_gain":0.0,"max_hp_loss":0.0,"gold_gain":0.0,"event_name":"The Woman in Blue","player_choice":"Bought 1 Potion","floor":20.0,"gold_loss":0.0,"damage_taken":0.0},{"damage_healed":0,"gold_gain":100,"player_choice":"Pray","damage_taken":0,"max_hp_gain":0,"max_hp_loss":0,"event_name":"Golden Shrine","floor":31,"gold_loss":0}],"is_beta":false,"boss_relics":[{"not_picked":["Calling Bell","Runic Pyramid"],"picked":"energizedSpire:NeverEndingSparkler"},{"not_picked":["Fusion Hammer","Astrolabe"],"picked":"SacredBark"}],"items_purged_floors":[27],"is_endless":false,"potions_floor_spawned":[2,5,6,8,22,23,25,28,30,33,35],"ascension_level":2}}