{"host":"ds3v42j7tpaaz1mg","time":1608535189,"event":{"mods":["AchievementEnabler","Aspiration","BaseMod","Bestiary","Better Altar","Better Note","Better Sensory Stone","BetterRewards","Block Reminder","Colored Powertips","Conspire","Downfall","Energized Spire","Halation","Hermit","Highlight Path","Hubris","Infinite Spire","Jorbs\u0027s Wanderer Trilogy","Minty Spire (QoL Compilation)","Relic Stats","Replay The Spire","StSLib","The Death Knight","The Elementalist","The Servant 0.9.4","vexMod"],"gold_per_floor":[111,121,51,68,68,68,68,102,148,158,158,176,33,58,58,157,157,142,152,7,7,7,7,25,59,59,59,69,168,168,168],"floor_reached":30,"playtime":1559,"items_purged":["Orbit"],"score":338,"play_id":"ed6236bc-a377-4d18-9cce-e65b4f616aa3","local_time":"20201221021949","is_ascension_mode":false,"campfire_choices":[{"data":"Sadistic Nature","floor":6,"key":"SMITH"},{"floor":11,"key":"REST"},{"floor":15,"key":"REST"},{"floor":23,"key":"REST"},{"floor":27,"key":"REST"}],"circlet_count":0,"master_deck":["Strike_S","Strike_S","Strike_S","Strike_S","Defend_S","Defend_S","Defend_S","Defend_S","KidneyShot","Exchange","Sadistic Nature+1","Defy","Sabotage","Barrier","Pot Of Greed","Pot Of Greed","Spin","DoubleEdge","Initiator","SilverBlades","Reset"],"relics":["Uniform","hubris:Towel","PreservedInsect","Grinning Jar","Cauldron","Pear","halation:HeavySnake","Blood Vial","Bag of Marbles","vexMod:CardConverter"],"acts_visited":["Exordium","TheCity"],"potions_floor_usage":[8,13,14,16,16,24,13024,24,30],"damage_taken":[{"damage":7,"enemies":"Small Slimes","floor":1,"turns":4},{"damage":4,"enemies":"conspire:RoseBush","floor":2,"turns":3},{"damage":0,"enemies":"Cultist","floor":4,"turns":3},{"damage":22,"enemies":"3 Sentries","floor":8,"turns":9},{"damage":4,"enemies":"Exordium Thugs","floor":10,"turns":8},{"damage":8,"enemies":"Large Slime","floor":12,"turns":7},{"damage":0,"enemies":"Gremlin Nob","floor":14,"turns":2},{"damage":0,"enemies":"Fading Forest","floor":16,"turns":11},{"damage":21,"enemies":"2 Thieves","floor":18,"turns":4},{"damage":0,"enemies":"3 Byrds","floor":19,"turns":3},{"damage":32,"enemies":"Centurion and Healer","floor":24,"turns":10},{"damage":32,"enemies":"conspire:MimicChest","floor":25,"turns":8},{"damage":33,"enemies":"Snecko","floor":28,"turns":6},{"damage":5,"enemies":"Nightmare","floor":30,"turns":3}],"seed_played":"3948117507348530258","potions_obtained":[{"floor":1,"key":"SkillPotion"},{"floor":4,"key":"Doom Potion"},{"floor":13,"key":"Fruit Juice"},{"floor":13,"key":"PowerPotion"},{"floor":13,"key":"PowerPotion"},{"floor":13,"key":"LifebloodPotion"},{"floor":19,"key":"Guardian:BlockOnCardUsePotion"},{"floor":28,"key":"SteroidPotion"}],"is_trial":false,"path_per_floor":["M","M","$","M","?","R","?","E","T","M","R","M","$","E","R","B",null,"M","M","$","?","$","R","M","?","T","R","M","?","NM"],"character_chosen":"THE_SERVANT","items_purchased":["Orbit","Cauldron","SilverBlades"],"campfire_rested":4,"item_purchase_floors":[3,13,20],"current_hp_per_floor":[40,36,36,36,36,36,36,14,14,10,29,21,26,36,60,76,80,59,59,59,19,19,43,40,10,10,34,3,3,0,0],"gold":168,"neow_bonus":"RANDOM_COLORLESS_2","is_daily":false,"chose_seed":false,"campfire_upgraded":1,"win_rate":0.0,"timestamp":1608535189,"path_taken":["M","M","$","M","?","R","?","E","T","M","R","?","?","E","R","BOSS","M","?","?","?","$","R","M","?","T","R","?","?","NM"],"items_purchased_type":["Card","Relic","Card"],"build_version":"2020-12-13","purchased_purges":1,"victory":false,"max_hp_per_floor":[65,65,65,65,65,65,65,65,65,65,65,65,70,80,80,80,80,80,80,80,80,80,80,80,80,80,80,80,80,80,80],"relic_stats":{"Blood Vial":8,"counters":[14,81],"PreservedInsect":71,"obtain_stats":[{"Blood Vial":21,"Cauldron":13,"Pear":14,"vexMod:CardConverter":26,"PreservedInsect":8,"Uniform":0,"Bag of Marbles":25,"hubris:Towel":5,"Grinning Jar":9,"halation:HeavySnake":17},{"Blood Vial":10,"Cauldron":6,"Pear":7,"vexMod:CardConverter":12,"PreservedInsect":4,"Uniform":0,"Bag of Marbles":12,"hubris:Towel":3,"Grinning Jar":4,"halation:HeavySnake":8},{"Blood Vial":54,"Cauldron":34,"Pear":36,"vexMod:CardConverter":72,"PreservedInsect":19,"Uniform":0,"Bag of Marbles":72,"hubris:Towel":10,"Grinning Jar":19,"halation:HeavySnake":47}]},"card_choices":[{"not_picked":["ReplayTheSpireMod:Necrogeddon","Thinking Ahead"],"picked":"Sadistic Nature","floor":0},{"not_picked":["Ricochet","BottledTime"],"picked":"Defy","floor":1},{"not_picked":["Foresight","Shuttle","Unruled"],"picked":"SKIP","floor":2},{"not_picked":["Spin","Replace"],"picked":"Sabotage","floor":4},{"not_picked":["FanOfKnives","BottledTime"],"picked":"Barrier","floor":8},{"not_picked":["BottledTime","Moondial"],"picked":"Spin","floor":10},{"not_picked":["BottledTime","Ricochet"],"picked":"DoubleEdge","floor":12},{"not_picked":["Starlight","Replace","Shuttle"],"picked":"SKIP","floor":14},{"not_picked":["PendulumOfEternity","FloweringNight"],"picked":"Initiator","floor":16},{"not_picked":["Read","Manipulate","Starlight+1"],"picked":"SKIP","floor":18},{"not_picked":["Replace","Potential","Rewind"],"picked":"SKIP","floor":19},{"not_picked":["TimeWarp+1","Orbit+1","Revamp"],"picked":"SKIP","floor":24},{"not_picked":["Unruled","Rearm"],"picked":"Reset","floor":25},{"not_picked":["TimeWarp","Replace","SoulSculpture"],"picked":"SKIP","floor":28}],"player_experience":559687,"relics_obtained":[{"floor":8,"key":"PreservedInsect"},{"floor":9,"key":"Grinning Jar"},{"floor":14,"key":"Pear"},{"floor":25,"key":"Bag of Marbles"},{"floor":26,"key":"vexMod:CardConverter"}],"event_choices":[{"damage_healed":0,"gold_gain":0,"player_choice":"Ignored","damage_taken":0,"max_hp_gain":0,"max_hp_loss":0,"event_name":"betterNote:BetterNote","floor":7,"gold_loss":0,"cards_obtained":["infinitespire:UltimateForm"]},{"damage_healed":0,"gold_gain":0,"player_choice":" Potion Vial ","damage_taken":40,"relics_obtained":["Blood Vial"],"max_hp_gain":59,"max_hp_loss":19,"event_name":"betterAltar:BetterAltar","floor":21,"potions_obtained":["betterAltar:AltarPotion"],"relics_lost":[],"gold_loss":0},{"damage_healed":0,"gold_gain":99,"player_choice":"Stole From Cult","damage_taken":0,"max_hp_gain":0,"max_hp_loss":0,"event_name":"Nest","floor":29,"gold_loss":0}],"is_beta":false,"boss_relics":[{"not_picked":["hubris:TerracottaHorce","hubris:CrackedHourglass"],"picked":"halation:HeavySnake"}],"items_purged_floors":[20],"is_endless":false,"potions_floor_spawned":[1,4,19,28],"killed_by":"Nightmare","ascension_level":0}}