{"host":"t75twhtg6c476ygg","time":1608554794,"event":{"mods":["AchievementEnabler","BaseMod","Colored Powertips","Minty Spire (QoL Compilation)","Quick Restart","Relic Stats","StSLib","SuperFastMode"],"gold_per_floor":[144,219,264,14,59,149,194,251,263,275,377,389,491,548,560,872,884,941,953,990,1047,1104,1188,1200,1212,1224,1236,1338,1375,786,831,831,1131,1131,1176,527,827,377,377,467,512,734,734,809,809,809,854,85,85,85],"floor_reached":51,"playtime":1419,"items_purged":["Demon Form","Pain"],"score":1011,"play_id":"2f2fa285-2e18-4dcc-a565-58492f389b10","local_time":"20201221124634","daily_mods":["Shiny","Vintage","Midas"],"is_ascension_mode":false,"campfire_choices":[{"floor":10.0,"key":"REST"},{"floor":15.0,"key":"REST"},{"floor":25,"key":"REST"},{"floor":32,"key":"REST"},{"floor":46,"key":"REST"},{"floor":49,"key":"REST"}],"circlet_count":0,"master_deck":["Double Tap","Bludgeon+1","Feed","Limit Break","Corruption","Barricade","Fiend Fire+1","Berserk","Impervious","Juggernaut","Reaper","Exhume","Offering","Immolate","Impervious","Inflame","Pummel+1","Berserk","Seeing Red","Bloodletting+1","Inflame+1","Offering+1","Heavy Blade+1","Shrug It Off+1","Sword Boomerang+1","Shockwave+1"],"relics":["Burning Blood","Bottled Flame","Pen Nib","Molten Egg 2","Tiny Chest","Singing Bowl","MawBank","StoneCalendar","Anchor","Bag of Preparation","Torii","PreservedInsect","Calling Bell","Bronze Scales","Ornamental Fan","Charon\u0027s Ashes","Juzu Bracelet","MealTicket","Art of War","Paper Frog","Red Mask","Frozen Egg 2","Enchiridion","Toxic Egg 2","Strawberry","Oddly Smooth Stone","Happy Flower","Chemical X","Mummified Hand","Philosopher\u0027s Stone","Regal Pillow","Lee\u0027s Waffle","Bag of Marbles","Turnip","Brimstone","Thread and Needle","Mercury Hourglass","Meat on the Bone","Bottled Lightning","White Beast Statue","WarpedTongs","Omamori","ClockworkSouvenir","Whetstone","HornCleat"],"acts_visited":["Exordium","TheCity","TheBeyond"],"potions_floor_usage":[50],"damage_taken":[{"damage":6.0,"enemies":"Jaw Worm","floor":1.0,"turns":1.0},{"damage":0.0,"enemies":"Cultist","floor":3.0,"turns":4.0},{"damage":0.0,"enemies":"Small Slimes","floor":5.0,"turns":1.0},{"damage":0.0,"enemies":"3 Sentries","floor":6.0,"turns":1.0},{"damage":11.0,"enemies":"Exordium Thugs","floor":7.0,"turns":3.0},{"damage":12.0,"enemies":"Looter","floor":8.0,"turns":2.0},{"damage":48.0,"enemies":"Gremlin Nob","floor":11.0,"turns":4.0},{"damage":12.0,"enemies":"Lagavulin","floor":13.0,"turns":4.0},{"damage":19.0,"enemies":"2 Fungi Beasts","floor":14.0,"turns":3.0},{"damage":12.0,"enemies":"Slime Boss","floor":16.0,"turns":5.0},{"damage":12.0,"enemies":"Shell Parasite","floor":18.0,"turns":2.0},{"damage":6.0,"enemies":"Spheric Guardian","floor":21.0,"turns":1.0},{"damage":8,"enemies":"Snake Plant","floor":22,"turns":3},{"damage":7,"enemies":"Masked Bandits","floor":23,"turns":3},{"damage":37,"enemies":"Book of Stabbing","floor":28,"turns":4},{"damage":9,"enemies":"Centurion and Healer","floor":31,"turns":5},{"damage":7,"enemies":"Champ","floor":33,"turns":7},{"damage":13,"enemies":"3 Darklings","floor":35,"turns":2},{"damage":12,"enemies":"Giant Head","floor":40,"turns":2},{"damage":6,"enemies":"Orb Walker","floor":41,"turns":1},{"damage":20,"enemies":"Spire Growth","floor":47,"turns":1},{"damage":66,"enemies":"Time Eater","floor":50,"turns":5}],"seed_played":"7329645460642280970","potions_obtained":[{"floor":1.0,"key":"Energy Potion"},{"floor":3.0,"key":"FearPotion"},{"floor":8.0,"key":"EssenceOfSteel"}],"is_trial":false,"path_per_floor":["M","?","M","$","M","E","M","M","T","R","E","?","E","M","R","B",null,"M","$","T","M","M","?","?","R","T","?","E","T","$","M","R","B",null,"M","$","?","$","?","E","M","?","T","T","?","R","M","$","R","B",null],"character_chosen":"IRONCLAD","items_purchased":["Molten Egg 2","Oddly Smooth Stone","Happy Flower","Chemical X","Inflame+1","Lee\u0027s Waffle","Bag of Marbles","Turnip","Heavy Blade+1","Brimstone","Thread and Needle","ClockworkSouvenir","Whetstone","HornCleat","Sword Boomerang+1","Shockwave+1"],"campfire_rested":6,"item_purchase_floors":[4,30,30,30,30,36,36,36,36,38,38,48,48,48,48,48],"current_hp_per_floor":[80,72,78,78,83,83,81,86,86,86,52,52,70,76,89,92,92,86,86,86,86,84,94,94,94,94,78,51,58,73,85,104,104,104,104,111,111,111,105,102,102,102,102,102,102,108,94,108,108,108],"gold":85,"neow_bonus":"","is_daily":true,"chose_seed":false,"campfire_upgraded":0,"win_rate":0.0,"timestamp":1608554794,"path_taken":["M","?","?","$","M","E","?","M","T","R","E","?","E","M","R","BOSS","M","?","?","M","M","?","?","R","T","?","E","?","$","M","R","BOSS","M","$","?","$","?","E","M","?","T","?","?","R","M","?","R","BOSS"],"items_purchased_type":["Relic","Relic","Relic","Relic","Card","Relic","Relic","Relic","Card","Relic","Relic","Relic","Relic","Relic","Card","Card"],"build_version":"2020-12-13","purchased_purges":2,"victory":true,"max_hp_per_floor":[80,80,80,80,83,83,83,86,86,86,86,86,86,89,89,92,92,92,92,92,92,92,94,94,94,94,94,94,101,101,104,104,104,104,104,111,111,111,105,108,108,108,108,108,108,108,108,108,108,108],"relic_stats":{"Regal Pillow":0,"Singing Bowl":2,"Torii":11,"StoneCalendar":[0],"Bag of Preparation":[30],"Juzu Bracelet":2,"Whetstone":["Fiend Fire","Bludgeon"],"Burning Blood":98,"Mummified Hand":[57],"Tiny Chest":3,"MealTicket":29,"Chemical X":[1],"Lee\u0027s Waffle":7,"Happy Flower":[7],"counters":[22,64],"Pen Nib":[8],"PreservedInsect":165,"Charon\u0027s Ashes":[253],"MawBank":276,"Mercury Hourglass":[21],"WarpedTongs":[6],"Ornamental Fan":[8],"Bronze Scales":[90],"Turnip":[0],"Art of War":[5],"obtain_stats":[{"Regal Pillow":35,"Singing Bowl":6,"Torii":13,"Enchiridion":27,"StoneCalendar":8,"Bag of Preparation":11,"Juzu Bracelet":18,"Whetstone":48,"Burning Blood":0,"ClockworkSouvenir":48,"HornCleat":48,"Mummified Hand":31,"Strawberry":29,"Tiny Chest":5,"MealTicket":20,"Philosopher\u0027s Stone":34,"Red Mask":23,"Chemical X":30,"Toxic Egg 2":28,"Paper Frog":22,"Lee\u0027s Waffle":36,"Happy Flower":30,"Oddly Smooth Stone":30,"Thread and Needle":38,"Pen Nib":3,"PreservedInsect":14,"Charon\u0027s Ashes":17,"Omamori":47,"Frozen Egg 2":26,"MawBank":7,"White Beast Statue":44,"Mercury Hourglass":40,"WarpedTongs":45,"Calling Bell":17,"Bottled Flame":1,"Anchor":9,"Ornamental Fan":17,"Brimstone":38,"Bronze Scales":17,"Molten Egg 2":4,"Turnip":36,"Art of War":21,"Bag of Marbles":36,"Bottled Lightning":43,"Meat on the Bone":41},{"Regal Pillow":18,"Singing Bowl":4,"Torii":8,"Enchiridion":14,"StoneCalendar":6,"Bag of Preparation":7,"Juzu Bracelet":11,"Whetstone":21,"Burning Blood":0,"ClockworkSouvenir":21,"HornCleat":21,"Mummified Hand":16,"Strawberry":15,"Tiny Chest":3,"MealTicket":11,"Philosopher\u0027s Stone":17,"Red Mask":14,"Chemical X":15,"Toxic Egg 2":15,"Paper Frog":13,"Lee\u0027s Waffle":18,"Happy Flower":15,"Oddly Smooth Stone":15,"Thread and Needle":18,"Pen Nib":2,"PreservedInsect":9,"Charon\u0027s Ashes":10,"Omamori":21,"Frozen Egg 2":14,"MawBank":5,"White Beast Statue":20,"Mercury Hourglass":19,"WarpedTongs":20,"Calling Bell":10,"Bottled Flame":1,"Anchor":6,"Ornamental Fan":10,"Brimstone":18,"Bronze Scales":10,"Molten Egg 2":2,"Turnip":18,"Art of War":12,"Bag of Marbles":18,"Bottled Lightning":20,"Meat on the Bone":20},{"Regal Pillow":55,"Singing Bowl":7,"Torii":20,"Enchiridion":37,"StoneCalendar":12,"Bag of Preparation":16,"Juzu Bracelet":30,"Whetstone":59,"Burning Blood":0,"ClockworkSouvenir":59,"HornCleat":59,"Mummified Hand":46,"Strawberry":41,"Tiny Chest":6,"MealTicket":30,"Philosopher\u0027s Stone":53,"Red Mask":37,"Chemical X":41,"Toxic Egg 2":41,"Paper Frog":34,"Lee\u0027s Waffle":55,"Happy Flower":41,"Oddly Smooth Stone":41,"Thread and Needle":55,"Pen Nib":5,"PreservedInsect":23,"Charon\u0027s Ashes":28,"Omamori":59,"Frozen Egg 2":37,"MawBank":10,"White Beast Statue":58,"Mercury Hourglass":57,"WarpedTongs":58,"Calling Bell":28,"Bottled Flame":1,"Anchor":12,"Ornamental Fan":28,"Brimstone":55,"Bronze Scales":28,"Molten Egg 2":5,"Turnip":55,"Art of War":31,"Bag of Marbles":55,"Bottled Lightning":58,"Meat on the Bone":58}],"Meat on the Bone":0},"card_choices":[{"not_picked":["Armaments","Body Slam+1"],"picked":"Impervious","floor":6.0},{"not_picked":["Wild Strike+1","Sword Boomerang+1"],"picked":"Inflame","floor":11.0},{"not_picked":["Iron Wave+1","Fiend Fire+1"],"picked":"Pummel+1","floor":13.0},{"not_picked":["Fiend Fire+1","Immolate+1"],"picked":"Berserk","floor":16.0},{"not_picked":["Body Slam+1","Reckless Charge+1","Thunderclap+1"],"picked":"Singing Bowl","floor":23},{"not_picked":["Body Slam+1","Cleave+1"],"picked":"Bloodletting+1","floor":28},{"not_picked":["Fiend Fire+1","Immolate+1"],"picked":"Offering+1","floor":33},{"not_picked":["Cleave+1","Battle Trance+1"],"picked":"Shrug It Off+1","floor":40}],"player_experience":184003,"relics_obtained":[{"floor":1.0,"key":"Bottled Flame"},{"floor":3.0,"key":"Pen Nib"},{"floor":5.0,"key":"Tiny Chest"},{"floor":6.0,"key":"Singing Bowl"},{"floor":7.0,"key":"MawBank"},{"floor":8.0,"key":"StoneCalendar"},{"floor":9.0,"key":"Anchor"},{"floor":11.0,"key":"Bag of Preparation"},{"floor":13.0,"key":"Torii"},{"floor":14.0,"key":"PreservedInsect"},{"floor":17.0,"key":"Bronze Scales"},{"floor":17.0,"key":"Ornamental Fan"},{"floor":17.0,"key":"Charon\u0027s Ashes"},{"floor":18.0,"key":"Juzu Bracelet"},{"floor":20.0,"key":"MealTicket"},{"floor":21.0,"key":"Art of War"},{"floor":22,"key":"Paper Frog"},{"floor":23,"key":"Red Mask"},{"floor":26,"key":"Frozen Egg 2"},{"floor":27,"key":"Enchiridion"},{"floor":28,"key":"Toxic Egg 2"},{"floor":29,"key":"Strawberry"},{"floor":31,"key":"Mummified Hand"},{"floor":35,"key":"Regal Pillow"},{"floor":40,"key":"Mercury Hourglass"},{"floor":41,"key":"Meat on the Bone"},{"floor":43,"key":"Bottled Lightning"},{"floor":44,"key":"White Beast Statue"},{"floor":47,"key":"Omamori"}],"event_choices":[{"damage_healed":0.0,"max_hp_gain":0.0,"max_hp_loss":0.0,"gold_gain":75.0,"event_name":"FaceTrader","player_choice":"Touch","floor":2.0,"gold_loss":0.0,"damage_taken":8.0},{"cards_removed":["Brutality"],"damage_healed":0.0,"max_hp_gain":0.0,"max_hp_loss":0.0,"gold_gain":0.0,"event_name":"Purifier","player_choice":"Purged","floor":12.0,"gold_loss":0.0,"damage_taken":0.0},{"damage_healed":0,"gold_gain":0,"player_choice":"Fought Bandits","damage_taken":0,"max_hp_gain":0,"max_hp_loss":0,"event_name":"Masked Bandits","floor":23,"gold_loss":0},{"damage_healed":0,"gold_gain":0,"player_choice":"Read","damage_taken":0,"max_hp_gain":0,"max_hp_loss":0,"event_name":"The Library","floor":24,"gold_loss":0,"cards_obtained":["Seeing Red"]},{"damage_healed":0,"gold_gain":0,"player_choice":"Obtained Book","damage_taken":16,"max_hp_gain":0,"max_hp_loss":0,"event_name":"Cursed Tome","floor":27,"gold_loss":0},{"damage_healed":0,"gold_gain":300,"player_choice":"Gold","damage_taken":0,"max_hp_gain":0,"max_hp_loss":0,"event_name":"Wheel of Change","floor":37,"gold_loss":0},{"damage_healed":0,"gold_gain":0,"player_choice":"Max HP","damage_taken":0,"max_hp_gain":0,"max_hp_loss":6,"event_name":"Winding Halls","floor":39,"gold_loss":0},{"damage_healed":0,"gold_gain":222,"player_choice":"Wore Mask","damage_taken":0,"max_hp_gain":0,"max_hp_loss":0,"event_name":"Tomb of Lord Red Mask","floor":42,"gold_loss":0},{"damage_healed":0,"gold_gain":0,"player_choice":"Rummage","damage_taken":0,"relics_obtained":["WarpedTongs"],"max_hp_gain":0,"max_hp_loss":0,"event_name":"Accursed Blacksmith","floor":45,"gold_loss":0,"cards_obtained":["Pain"]}],"is_beta":false,"boss_relics":[{"not_picked":["Runic Dome","Black Star"],"picked":"Calling Bell"},{"not_picked":["Astrolabe","Runic Pyramid"],"picked":"Philosopher\u0027s Stone"}],"items_purged_floors":[30,48],"is_endless":false,"potions_floor_spawned":[1,3,8,11,13,18,21,28,40,47],"ascension_level":0}}