{"host":"wshh0nphwn6jv7vj","time":1608544073,"event":{"mods":["BaseMod","Bestiary","Minty Spire (QoL Compilation)"],"gold_per_floor":[109,123,123,155,167,179,191,203,215,270,303,365,390,425,437,449,449],"floor_reached":16,"playtime":501,"items_purged":[],"score":179,"play_id":"e19fab5c-dcdd-43a3-98c9-e02e4a799641","local_time":"20201221044753","is_ascension_mode":true,"campfire_choices":[{"data":"Judgement","floor":6,"key":"SMITH"},{"data":"Prostrate","floor":8,"key":"SMITH"},{"data":"Vigilance","floor":15,"key":"SMITH"}],"circlet_count":0,"master_deck":["AscendersBane","Strike_P","Strike_P","Strike_P","Strike_P","Defend_P","Defend_P","Defend_P","Defend_P","Eruption","Vigilance+1","Prostrate+1","FollowUp","Judgement+1","Perseverance","SandsOfTime","SandsOfTime"],"relics":["Coffee Dripper","MawBank","Golden Idol","Juzu Bracelet","Oddly Smooth Stone"],"acts_visited":[],"potions_floor_usage":[11,13],"damage_taken":[{"damage":0,"enemies":"Cultist","floor":1,"turns":4},{"damage":5,"enemies":"Small Slimes","floor":2,"turns":5},{"damage":2,"enemies":"Jaw Worm","floor":4,"turns":6},{"damage":13,"enemies":"3 Sentries","floor":10,"turns":6},{"damage":0,"enemies":"Large Slime","floor":11,"turns":4},{"damage":12,"enemies":"Lots of Slimes","floor":13,"turns":4},{"damage":2,"enemies":"2 Fungi Beasts","floor":14,"turns":3},{"damage":1,"enemies":"Hexaghost","floor":16,"turns":4}],"seed_played":"9118284798919202296","potions_obtained":[{"floor":2,"key":"SpeedPotion"},{"floor":10,"key":"PowerPotion"},{"floor":14,"key":"SpeedPotion"}],"is_trial":false,"path_per_floor":["M","M","?","M","?","R","?","R","T","E","M","?","M","M","R","B"],"character_chosen":"WATCHER","items_purchased":[],"campfire_rested":0,"item_purchase_floors":[],"current_hp_per_floor":[61,56,30,28,28,28,28,28,28,15,15,15,3,1,1,0,0],"gold":449,"neow_bonus":"BOSS_RELIC","is_daily":false,"chose_seed":false,"campfire_upgraded":3,"win_rate":0.0,"timestamp":1608544073,"path_taken":["M","M","?","M","?","R","?","R","T","E","M","?","M","M","R","BOSS"],"items_purchased_type":[],"build_version":"2020-12-13","purchased_purges":0,"victory":false,"max_hp_per_floor":[68,68,68,68,68,68,62,62,62,62,62,62,62,62,62,62,62],"card_choices":[{"not_picked":["JustLucky","Evaluate"],"picked":"Prostrate","floor":1},{"not_picked":["SashWhip","Pray"],"picked":"FollowUp","floor":2},{"not_picked":["JustLucky","Evaluate"],"picked":"Judgement","floor":4},{"not_picked":["FlyingSleeves","Halt"],"picked":"Perseverance","floor":10},{"not_picked":["Evaluate","Blasphemy","EmptyBody"],"picked":"SKIP","floor":11},{"not_picked":["CrushJoints","Fasting2"],"picked":"SandsOfTime","floor":13},{"not_picked":["FollowUp","EmptyFist"],"picked":"SandsOfTime","floor":14}],"player_experience":1460044,"relics_obtained":[{"floor":9,"key":"Juzu Bracelet"},{"floor":10,"key":"Oddly Smooth Stone"}],"event_choices":[{"damage_healed":0,"gold_gain":0,"player_choice":"Success","damage_taken":26,"relics_obtained":["MawBank"],"max_hp_gain":0,"max_hp_loss":0,"event_name":"Scrap Ooze","floor":3,"gold_loss":0},{"damage_healed":0,"gold_gain":0,"player_choice":"Ignored","damage_taken":0,"max_hp_gain":0,"max_hp_loss":0,"event_name":"Liars Game","floor":5,"gold_loss":0},{"damage_healed":0,"gold_gain":0,"player_choice":"Lose Max HP","damage_taken":0,"relics_obtained":["Golden Idol"],"max_hp_gain":0,"max_hp_loss":6,"event_name":"Golden Idol","floor":7,"gold_loss":0},{"damage_healed":0,"gold_gain":50,"player_choice":"Pray","damage_taken":0,"max_hp_gain":0,"max_hp_loss":0,"event_name":"Golden Shrine","floor":12,"gold_loss":0}],"is_beta":false,"boss_relics":[],"items_purged_floors":[],"is_endless":false,"potions_floor_spawned":[2,10,14],"killed_by":"Hexaghost","ascension_level":15}}