{"host":"fne7yx97fnz7kq05","time":1608580370,"event":{"mods":["BaseMod","Colored Map","Colored Powertips","Highlight Path","Minty Spire (QoL Compilation)","Relic Stats"],"gold_per_floor":[18,18,32,42,59,59,90,90,90,90,121,140,140,175,175,250,250,270,270,283,296,296,321,321,83,83,113,113,19,19,33,33,107,107,127,127,127,146,146,146,146,146,146,146,158,172,172,172],"floor_reached":47,"playtime":2598,"items_purged":["Wild Strike"],"score":1035,"play_id":"3e5b45a7-3820-411c-ae72-0857abf5a3a0","local_time":"20201221135250","is_ascension_mode":true,"campfire_choices":[{"data":"Mayhem","floor":6.0,"key":"SMITH"},{"floor":10.0,"key":"REST"},{"data":"Uppercut","floor":13.0,"key":"SMITH"},{"floor":15.0,"key":"REST"},{"data":"Ghostly","floor":24.0,"key":"SMITH"},{"floor":28.0,"key":"REST"},{"data":"Ghostly","floor":30.0,"key":"SMITH"},{"data":"Heavy Blade","floor":32.0,"key":"SMITH"},{"floor":40,"key":"RECALL"},{"data":"Demon Form","floor":42,"key":"SMITH"},{"data":"Impervious","floor":44,"key":"SMITH"}],"circlet_count":0,"master_deck":["AscendersBane","Bash","Mayhem+1","Cleave","Clumsy","Shrug It Off","Flame Barrier","Hemokinesis","Uppercut+1","Twin Strike","Impervious+1","Pommel Strike","Warcry","Immolate","Blood for Blood","Ghostly Armor","Offering","True Grit+1","Ghostly+1","Ghostly+1","Ghostly+1","Demon Form+1","Blood for Blood","Heavy Blade+1","Offering","Shockwave+1","Disarm+1"],"relics":["Burning Blood","Juzu Bracelet","Bronze Scales","Darkstone Periapt","Omamori","Pandora\u0027s Box","Pen Nib","White Beast Statue","Ancient Tea Set","Snecko Eye"],"acts_visited":["Exordium","TheCity","TheBeyond"],"potions_floor_usage":[33,38,46,47,47],"damage_taken":[{"damage":11.0,"enemies":"Jaw Worm","floor":1.0,"turns":5.0},{"damage":6.0,"enemies":"Cultist","floor":3.0,"turns":4.0},{"damage":16.0,"enemies":"2 Louse","floor":4.0,"turns":2.0},{"damage":26.0,"enemies":"Exordium Thugs","floor":5.0,"turns":5.0},{"damage":23.0,"enemies":"3 Sentries","floor":7.0,"turns":11.0},{"damage":19.0,"enemies":"Gremlin Nob","floor":11.0,"turns":4.0},{"damage":3.0,"enemies":"Blue Slaver","floor":12.0,"turns":3.0},{"damage":24.0,"enemies":"3 Sentries","floor":14.0,"turns":8.0},{"damage":35.0,"enemies":"Hexaghost","floor":16.0,"turns":8.0},{"damage":22.0,"enemies":"Spheric Guardian","floor":18.0,"turns":4.0},{"damage":0.0,"enemies":"3 Byrds","floor":20.0,"turns":1.0},{"damage":22.0,"enemies":"3 Cultists","floor":21.0,"turns":4.0},{"damage":8.0,"enemies":"Slavers","floor":23.0,"turns":5.0},{"damage":28.0,"enemies":"Book of Stabbing","floor":27.0,"turns":6.0},{"damage":8.0,"enemies":"Snecko","floor":31.0,"turns":2.0},{"damage":19,"enemies":"Automaton","floor":33,"turns":6},{"damage":10,"enemies":"Orb Walker","floor":35,"turns":2},{"damage":10,"enemies":"3 Shapes","floor":38,"turns":3},{"damage":9,"enemies":"Writhing Mass","floor":45,"turns":4},{"damage":41,"enemies":"Spire Growth","floor":46,"turns":5},{"damage":13,"enemies":"Reptomancer","floor":47,"turns":5}],"seed_played":"3989125805667665575","potions_obtained":[{"floor":1.0,"key":"Fruit Juice"},{"floor":3.0,"key":"SpeedPotion"},{"floor":4.0,"key":"Weak Potion"},{"floor":12.0,"key":"LiquidBronze"},{"floor":20.0,"key":"DuplicationPotion"},{"floor":23.0,"key":"Block Potion"},{"floor":27.0,"key":"Regen Potion"},{"floor":31.0,"key":"CultistPotion"},{"floor":33,"key":"GamblersBrew"},{"floor":35,"key":"BloodPotion"},{"floor":38,"key":"Strength Potion"},{"floor":45,"key":"Explosive Potion"},{"floor":46,"key":"SkillPotion"}],"is_trial":false,"path_per_floor":["M","?","M","M","M","R","E","?","T","R","E","M","R","E","R","B",null,"M","?","M","M","?","E","R","$","T","E","R","$","R","M","R","B",null,"M","?","?","M","?","R","?","R","T","R","M","M","E"],"character_chosen":"IRONCLAD","items_purchased":["Demon Form","Block Potion","Blood for Blood"],"campfire_rested":3,"item_purchase_floors":[25,29,29],"current_hp_per_floor":[63,63,63,58,38,38,21,21,21,45,32,35,35,17,41,12,63,47,47,53,37,37,35,35,35,35,13,25,25,25,23,23,10,33,29,29,29,25,25,25,40,40,40,40,37,10,0,0],"gold":172,"neow_bonus":"RANDOM_COLORLESS_2","is_daily":false,"chose_seed":false,"campfire_upgraded":7,"win_rate":0.0,"timestamp":1608580370,"path_taken":["M","?","M","M","?","R","E","?","T","R","E","M","R","E","R","BOSS","M","?","M","M","?","E","R","$","T","E","R","?","R","M","R","BOSS","M","?","?","M","?","R","?","R","T","R","M","M","E"],"items_purchased_type":["Card","Potion","Card"],"build_version":"2020-12-13","purchased_purges":1,"victory":false,"max_hp_per_floor":[75,75,75,80,80,80,80,80,80,80,80,80,80,80,80,80,80,80,80,80,80,40,40,40,40,40,40,40,40,40,40,40,40,40,40,40,40,40,40,40,40,40,40,40,40,40,40,40],"relic_stats":{"Darkstone Periapt":0,"counters":[21,97],"Bronze Scales":[270],"Snecko Eye":[30,38,39,31],"Pandora\u0027s Box":["Pommel Strike","Warcry","Dual Wield","Immolate","Wild Strike","Blood for Blood","Ghostly Armor","Offering"],"Pen Nib":[5],"Juzu Bracelet":1,"obtain_stats":[{"Darkstone Periapt":11,"Bronze Scales":9,"Snecko Eye":34,"Pandora\u0027s Box":17,"Pen Nib":23,"Juzu Bracelet":7,"Omamori":14,"Ancient Tea Set":27,"Burning Blood":0,"White Beast Statue":26},{"Darkstone Periapt":6,"Bronze Scales":5,"Snecko Eye":16,"Pandora\u0027s Box":9,"Pen Nib":13,"Juzu Bracelet":5,"Omamori":8,"Ancient Tea Set":14,"Burning Blood":0,"White Beast Statue":13},{"Darkstone Periapt":31,"Bronze Scales":27,"Snecko Eye":78,"Pandora\u0027s Box":50,"Pen Nib":64,"Juzu Bracelet":27,"Omamori":42,"Ancient Tea Set":70,"Burning Blood":0,"White Beast Statue":64}],"Burning Blood":120},"card_choices":[{"not_picked":["Secret Technique","Transmutation"],"picked":"Mayhem","floor":0.0},{"not_picked":["Sentinel","Second Wind"],"picked":"Cleave","floor":1.0},{"not_picked":["Bloodletting","Armaments","Perfected Strike"],"picked":"SKIP","floor":3.0},{"not_picked":["Armaments","Dark Embrace","Searing Blow"],"picked":"SKIP","floor":4.0},{"not_picked":["Body Slam","Armaments"],"picked":"Flame Barrier","floor":5.0},{"not_picked":["Wild Strike","Armaments","Double Tap"],"picked":"SKIP","floor":7.0},{"not_picked":["True Grit","Anger"],"picked":"Uppercut","floor":11.0},{"not_picked":["Iron Wave","Rampage"],"picked":"Twin Strike","floor":12.0},{"not_picked":["Berserk","Sword Boomerang","Perfected Strike"],"picked":"SKIP","floor":14.0},{"not_picked":["Reaper","Limit Break"],"picked":"Impervious","floor":16.0},{"not_picked":["Infernal Blade","Anger"],"picked":"True Grit+1","floor":18.0},{"not_picked":["Clash","Heavy Blade","Anger"],"picked":"SKIP","floor":20.0},{"not_picked":["Ghostly Armor","Pommel Strike","Heavy Blade"],"picked":"SKIP","floor":21.0},{"not_picked":["Armaments","Clash","Wild Strike"],"picked":"SKIP","floor":23.0},{"not_picked":["Wild Strike","Sentinel","Ghostly Armor"],"picked":"SKIP","floor":27.0},{"not_picked":["Searing Blow","Headbutt"],"picked":"Heavy Blade","floor":31.0},{"not_picked":["Barricade","Exhume"],"picked":"Offering","floor":33},{"not_picked":["Headbutt","Hemokinesis","Second Wind"],"picked":"SKIP","floor":35},{"not_picked":["Whirlwind+1","Ghostly Armor"],"picked":"Shockwave+1","floor":38},{"not_picked":["Cleave","Sword Boomerang","Searing Blow+1"],"picked":"SKIP","floor":45},{"not_picked":["Anger","Perfected Strike"],"picked":"Disarm+1","floor":46}],"player_experience":127260,"relics_obtained":[{"floor":7.0,"key":"Juzu Bracelet"},{"floor":9.0,"key":"Bronze Scales"},{"floor":11.0,"key":"Darkstone Periapt"},{"floor":14.0,"key":"Omamori"},{"floor":23.0,"key":"Pen Nib"},{"floor":26.0,"key":"White Beast Statue"},{"floor":27.0,"key":"Ancient Tea Set"}],"event_choices":[{"damage_healed":0.0,"max_hp_gain":0.0,"max_hp_loss":0.0,"gold_gain":0.0,"event_name":"Match and Keep!","player_choice":"2 cards matched","floor":2.0,"gold_loss":0.0,"damage_taken":0.0,"cards_obtained":["Clumsy","Shrug It Off"]},{"damage_healed":0.0,"max_hp_gain":0.0,"max_hp_loss":0.0,"gold_gain":0.0,"cards_transformed":["Strike_R"],"event_name":"Transmorgrifier","player_choice":"Transformed","floor":8.0,"gold_loss":0.0,"damage_taken":0.0,"cards_obtained":["Hemokinesis"]},{"damage_healed":0.0,"max_hp_gain":0.0,"max_hp_loss":0.0,"gold_gain":0.0,"event_name":"The Mausoleum","player_choice":"Ignored","floor":19.0,"gold_loss":0.0,"damage_taken":0.0},{"damage_healed":0.0,"max_hp_gain":0.0,"max_hp_loss":40.0,"gold_gain":0.0,"event_name":"Ghosts","player_choice":"Became a Ghost","floor":22.0,"gold_loss":0.0,"damage_taken":0.0,"cards_obtained":["Ghostly","Ghostly","Ghostly"]},{"damage_healed":0,"gold_gain":0,"player_choice":"Forge","damage_taken":0,"max_hp_gain":0,"max_hp_loss":0,"event_name":"Accursed Blacksmith","floor":36,"gold_loss":0,"cards_upgraded":["Ghostly"]},{"damage_healed":0,"gold_gain":0,"player_choice":"Ignored","damage_taken":0,"max_hp_gain":0,"max_hp_loss":0,"event_name":"Tomb of Lord Red Mask","floor":37,"gold_loss":0},{"damage_healed":0,"gold_gain":0,"player_choice":"Ignored","damage_taken":0,"max_hp_gain":0,"max_hp_loss":0,"event_name":"Mysterious Sphere","floor":39,"gold_loss":0},{"cards_removed":["Dual Wield"],"damage_healed":15,"gold_gain":0,"player_choice":"Offered Uncommon","damage_taken":0,"max_hp_gain":0,"max_hp_loss":0,"event_name":"Bonfire Elementals","floor":41,"gold_loss":0}],"is_beta":false,"boss_relics":[{"not_picked":["Philosopher\u0027s Stone","Astrolabe"],"picked":"Pandora\u0027s Box"},{"not_picked":["SlaversCollar","Black Blood"],"picked":"Snecko Eye"}],"items_purged_floors":[25],"is_endless":false,"potions_floor_spawned":[1,3,4,12,20,23,27,31,33,35,38,45,46],"killed_by":"Reptomancer","ascension_level":19}}