{"host":"f0gpob8hq9vgebej","time":1608533297,"event":{"mods":["AchievementEnabler","BaseMod","Googly Eyes","Minty Spire (QoL Compilation)","Quick Restart","SuperFastMode"],"gold_per_floor":[114,126,146,156,231,231,38,66,66,79,91,91,106,120,120,217,267,279,290,309,64,64,64,89,89,89,101,117,117,147,166,166,266,266,281,281,301,301,176,176,209,209,232,232,232],"floor_reached":44,"playtime":1012,"items_purged":["Strike_G","Defend_G","Strike_G"],"score":796,"play_id":"44f2de52-cbda-406c-b0c8-ea68703a5409","local_time":"20201221154817","is_ascension_mode":true,"campfire_choices":[{"data":"Cloak And Dagger","floor":6.0,"key":"SMITH"},{"data":"Prepared","floor":12.0,"key":"SMITH"},{"data":"Accuracy","floor":15.0,"key":"SMITH"},{"data":"Phantasmal Killer","floor":23.0,"key":"SMITH"},{"floor":25.0,"key":"REST"},{"floor":32.0,"key":"REST"},{"data":"Concentrate","floor":40,"key":"SMITH"}],"circlet_count":0,"master_deck":["AscendersBane","Strike_G","Strike_G","Strike_G","Defend_G","Defend_G","Defend_G","Defend_G","Survivor","Neutralize","Prepared+1","Cloak And Dagger+1","Escape Plan","Accuracy+1","Cloak And Dagger","Die Die Die+1","Blade Dance","Backflip","Phantasmal Killer+1","Reflex","Acrobatics","Adrenaline","Escape Plan+1","Acrobatics","Concentrate+1","Reflex"],"relics":["Ring of the Snake","NeowsBlessing","Pear","White Beast Statue","Tiny House","ClockworkSouvenir","Regal Pillow","Kunai","MutagenicStrength","Pantograph","Runic Pyramid","Anchor","Pocketwatch","Dead Branch","Happy Flower"],"acts_visited":["Exordium","TheCity","TheBeyond"],"potions_floor_usage":[],"damage_taken":[{"damage":0.0,"enemies":"Small Slimes","floor":1.0,"turns":1.0},{"damage":0.0,"enemies":"Jaw Worm","floor":2.0,"turns":1.0},{"damage":0.0,"enemies":"Cultist","floor":3.0,"turns":1.0},{"damage":9.0,"enemies":"Exordium Wildlife","floor":4.0,"turns":5.0},{"damage":13.0,"enemies":"3 Sentries","floor":8.0,"turns":10.0},{"damage":0.0,"enemies":"Looter","floor":10.0,"turns":3.0},{"damage":6.0,"enemies":"Lots of Slimes","floor":11.0,"turns":3.0},{"damage":1.0,"enemies":"2 Fungi Beasts","floor":13.0,"turns":3.0},{"damage":0.0,"enemies":"Looter","floor":14.0,"turns":2.0},{"damage":17.0,"enemies":"Slime Boss","floor":16.0,"turns":8.0},{"damage":4.0,"enemies":"Shell Parasite","floor":18.0,"turns":5.0},{"damage":13.0,"enemies":"2 Thieves","floor":19.0,"turns":4.0},{"damage":12.0,"enemies":"3 Cultists","floor":20.0,"turns":3.0},{"damage":32.0,"enemies":"Slavers","floor":24.0,"turns":4.0},{"damage":6.0,"enemies":"Cultist and Chosen","floor":27.0,"turns":4.0},{"damage":0.0,"enemies":"Shelled Parasite and Fungi","floor":28.0,"turns":2.0},{"damage":12.0,"enemies":"Gremlin Leader","floor":30.0,"turns":4.0},{"damage":12.0,"enemies":"Snake Plant","floor":31.0,"turns":4.0},{"damage":39,"enemies":"Automaton","floor":33,"turns":7},{"damage":9,"enemies":"3 Darklings","floor":35,"turns":3},{"damage":1,"enemies":"3 Shapes","floor":37,"turns":5},{"damage":19,"enemies":"Reptomancer","floor":41,"turns":4},{"damage":0,"enemies":"Maw","floor":44,"turns":1}],"seed_played":"6169788217436345480","potions_obtained":[{"floor":2.0,"key":"DistilledChaos"},{"floor":4.0,"key":"ColorlessPotion"},{"floor":10.0,"key":"PowerPotion"},{"floor":11.0,"key":"GhostInAJar"},{"floor":13.0,"key":"FairyPotion"},{"floor":16.0,"key":"PowerPotion"},{"floor":18.0,"key":"EssenceOfSteel"},{"floor":19.0,"key":"Energy Potion"},{"floor":20.0,"key":"Energy Potion"},{"floor":24.0,"key":"FearPotion"},{"floor":41,"key":"Energy Potion"}],"is_trial":false,"path_per_floor":["M","M","M","M","?","R","$","E","T","M","M","R","M","M","R","B",null,"M","M","M","$","?","R","E","R","T","M","M","?","E","M","R","B",null,"M","T","M","?","$","R","E","?","T","M"],"character_chosen":"THE_SILENT","items_purchased":["Accuracy","Cloak And Dagger","ClockworkSouvenir"],"campfire_rested":2,"item_purchase_floors":[7,7,21],"current_hp_per_floor":[63,63,63,54,43,43,43,40,40,40,34,34,33,33,33,16,69,65,52,40,40,40,40,8,48,48,42,42,42,30,18,58,44,75,66,66,65,65,65,65,46,46,46,46,46],"gold":232,"neow_bonus":"THREE_ENEMY_KILL","is_daily":false,"chose_seed":false,"campfire_upgraded":5,"win_rate":0.0,"timestamp":1608533297,"path_taken":["M","M","M","M","?","R","$","E","T","M","M","R","M","M","R","BOSS","M","M","M","$","?","R","E","R","T","M","M","?","E","?","R","BOSS","M","?","M","?","$","R","E","?","T","?"],"items_purchased_type":["Card","Card","Relic"],"build_version":"2020-12-13","purchased_purges":3,"victory":false,"max_hp_per_floor":[70,70,70,70,70,70,70,80,80,80,80,80,80,80,80,80,85,85,85,85,85,85,85,85,85,85,85,85,85,85,85,85,85,85,85,85,85,85,85,85,85,85,85,85,85],"card_choices":[{"not_picked":["Flying Knee","Endless Agony"],"picked":"Prepared","floor":1.0},{"not_picked":["Acrobatics","Deflect"],"picked":"Cloak And Dagger","floor":2.0},{"not_picked":["Terror","Slice","Eviscerate"],"picked":"SKIP","floor":3.0},{"not_picked":["Poisoned Stab","Sucker Punch"],"picked":"Escape Plan","floor":4.0},{"not_picked":["Die Die Die","Quick Slash","Sucker Punch"],"picked":"SKIP","floor":8.0},{"not_picked":["Quick Slash","Sucker Punch"],"picked":"Die Die Die","floor":8.0},{"not_picked":["Backflip","Reflex"],"picked":"Blade Dance","floor":10.0},{"not_picked":["Prepared","Skewer","Crippling Poison"],"picked":"SKIP","floor":11.0},{"not_picked":["Dodge and Roll","Slice"],"picked":"Backflip","floor":13.0},{"not_picked":["Eviscerate","Deadly Poison","Distraction"],"picked":"SKIP","floor":14.0},{"not_picked":["Doppelganger","After Image"],"picked":"Phantasmal Killer","floor":16.0},{"not_picked":["Cloak And Dagger","Outmaneuver"],"picked":"Reflex","floor":17.0},{"not_picked":["Dagger Spray","Bane+1","Poisoned Stab"],"picked":"SKIP","floor":18.0},{"not_picked":["Prepared","Flying Knee"],"picked":"Acrobatics","floor":19.0},{"not_picked":["Backflip+1","Blur+1"],"picked":"Adrenaline","floor":20.0},{"not_picked":["Outmaneuver","PiercingWail"],"picked":"Escape Plan+1","floor":24.0},{"not_picked":["Dodge and Roll","Poisoned Stab","Backstab+1"],"picked":"SKIP","floor":27.0},{"not_picked":["Quick Slash","Storm of Steel"],"picked":"Acrobatics","floor":28.0},{"not_picked":["Slice","Acrobatics","Dodge and Roll"],"picked":"SKIP","floor":30.0},{"not_picked":["Noxious Fumes","Outmaneuver","Deflect"],"picked":"SKIP","floor":31.0},{"not_picked":["Catalyst","Acrobatics+1"],"picked":"Concentrate","floor":35},{"not_picked":["Bouncing Flask","Leg Sweep","Bane+1"],"picked":"SKIP","floor":37},{"not_picked":["Backflip","Flechettes"],"picked":"Reflex","floor":41}],"player_experience":180596,"relics_obtained":[{"floor":8.0,"key":"Pear"},{"floor":9.0,"key":"White Beast Statue"},{"floor":24.0,"key":"Regal Pillow"},{"floor":26.0,"key":"Kunai"},{"floor":30.0,"key":"Pantograph"},{"floor":36,"key":"Anchor"},{"floor":41,"key":"Pocketwatch"},{"floor":43,"key":"Happy Flower"}],"event_choices":[{"damage_healed":0.0,"max_hp_gain":0.0,"max_hp_loss":0.0,"gold_gain":75.0,"event_name":"World of Goop","player_choice":"Gather Gold","floor":5.0,"gold_loss":0.0,"damage_taken":11.0},{"damage_healed":0.0,"max_hp_gain":0.0,"max_hp_loss":0.0,"gold_gain":0.0,"event_name":"Drug Dealer","player_choice":"Inject Mutagens","floor":29.0,"gold_loss":0.0,"damage_taken":0.0,"relics_obtained":["MutagenicStrength"]},{"damage_healed":0,"gold_gain":0,"player_choice":"Ignored","damage_taken":0,"max_hp_gain":0,"max_hp_loss":0,"event_name":"Tomb of Lord Red Mask","floor":38,"gold_loss":0},{"damage_healed":0,"gold_gain":0,"player_choice":"Gave Potion","damage_taken":0,"relics_obtained":["Dead Branch"],"max_hp_gain":0,"max_hp_loss":0,"event_name":"WeMeetAgain","floor":42,"gold_loss":0}],"is_beta":false,"boss_relics":[{"not_picked":["Busted Crown","Philosopher\u0027s Stone"],"picked":"Tiny House"},{"not_picked":["Velvet Choker","SlaversCollar"],"picked":"Runic Pyramid"}],"items_purged_floors":[7,21,39],"is_endless":false,"potions_floor_spawned":[2,4,10,11,13,14,16,18,19,20,24,27,28,30,31,33,35,37,41],"killed_by":"Maw","ascension_level":12}}