{"host":"90zqt1bguv21qa18","time":1608509275,"event":{"mods":["2.2 Compatiblity","A Magickal Journey","AchievementEnabler","Act Like it!","Aspiration","Bartender","BaseMod","Beaked The Cultist","Better Note","Colored Map","Conspire","Current Relic Mod","Dota2Spire","Downfall","Duelist Mod","Energized Spire","Fiend Mod","FutureSeer","Gensokyo","Glutton Mod","GungeonMod","Halation","Hallownest","Hero for Fun","Hubris","Infinite Spire","Ironclad Rager","JesterMod","Jorbs\u0027s Wanderer Trilogy","LagranYue(???·?)","Lobotomy","Mad Scientist","Magitek Elite","Marisa????????","Melee Mod","Mimic Mod","Minty Spire (QoL Compilation)","Rare Cards Sparkle","Reimu??????","Relic Sorter","Remilia??????","Robot Space Explorer","Shade Mod","Shop Mod","Small Relic Pack","StSLib","The Animator","The Blue Laboratory","The Bug Knight","The Exalted","The Forsaken","The Jungle","The Marked","The Mystic","The Necromancer","The Valiant","The Wild Card","The Witch","vexMod"],"gold_per_floor":[213,72,82,47,66,66,80,95,120,150,150,120,150,169,169,271,271,282,316,316,98,120,155,155,172,199,199,226,240,256,282,282,385,385,410,429,26,26,42,66,66,66,111,119,119],"floor_reached":44,"playtime":3898,"items_purged":["jesterMod:Defend","jesterMod:Strike","jesterMod:Strike"],"score":532,"play_id":"328946f4-ae09-4930-91a6-f80c0472d01c","local_time":"20201220180755","is_ascension_mode":false,"campfire_choices":[{"data":"jesterMod:Contradiction","floor":6,"key":"SMITH"},{"floor":15,"key":"REST"},{"floor":24,"key":"REST"},{"data":"jesterMod:Contradiction","floor":32,"key":"SMITH"}],"circlet_count":0,"master_deck":["jesterMod:Strike","jesterMod:Strike","jesterMod:Sickle","jesterMod:Defend","jesterMod:Defend","jesterMod:Defend","jesterMod:Dodge","jesterMod:Contradiction+1","jesterMod:Hide+1","jesterMod:TrickyDodge","jesterMod:BouncingKnife","jesterMod:TrickyDodge","jesterMod:Prankster","jesterMod:JugglerBlade","jesterMod:Illness","jesterMod:Trance","jesterMod:Precipitation","jesterMod:HedgehogForm","jesterMod:TrickyDodge","jesterMod:Patience+1","jesterMod:Contradiction+1","jesterMod:Mending+1","jesterMod:Mending","jesterMod:Prankster+1","jesterMod:Exasperation+1","jesterMod:JackInTheBox","jesterMod:Dilapidation+1"],"relics":["jesterMod:JesterCap","Dota2Spire:DrumOfEndurance","Dota2Spire:LinkenSphere","LagranYue:RandomDrawCardRelic","Dota2Spire:PowerTreads","Oddly Smooth Stone","halation:PrussianBluePaint","energizedSpire:MagnifyingGlass","infinitespire:Midas Blood","Ancient Tea Set","Huge Egg","vexMod:FocusSash","DemoMod:GundromedaStrain","Mercury Hourglass","Gem_Box","Bromod:ArcaneConsequence","theForsaken:Gavel","DemoMod:Metronome","Dota2Spire:UrnOfShadows"],"acts_visited":["Exordium","TheCity","TheBeyond"],"potions_floor_usage":[5,16,16,19,20,30,36,40,44],"damage_taken":[{"damage":0,"enemies":"Jaw Worm","floor":1,"turns":4},{"damage":12,"enemies":"infinitespire:Voidling","floor":3,"turns":6},{"damage":0,"enemies":"2 Louse","floor":5,"turns":4},{"damage":0,"enemies":"Looter","floor":7,"turns":4},{"damage":4,"enemies":"Lots of Slimes","floor":8,"turns":8},{"damage":13,"enemies":"Gremlin Nob","floor":10,"turns":6},{"damage":0,"enemies":"HollowMod:MossKnight","floor":13,"turns":11},{"damage":2,"enemies":"2 Fungi Beasts","floor":14,"turns":7},{"damage":19,"enemies":"Hexaghost","floor":16,"turns":16},{"damage":3,"enemies":"3 Byrds","floor":18,"turns":9},{"damage":0,"enemies":"2 Thieves","floor":19,"turns":10},{"damage":0,"enemies":"2 Thieves","floor":20,"turns":1},{"damage":3,"enemies":"Snake Plant","floor":22,"turns":7},{"damage":13,"enemies":"Nightmare","floor":23,"turns":10},{"damage":5,"enemies":"Snecko","floor":25,"turns":6},{"damage":3,"enemies":"theDuelist:KaibaA2","floor":28,"turns":7},{"damage":2,"enemies":"Centurion and Healer","floor":29,"turns":8},{"damage":0,"enemies":"conspire:HollyBat","floor":30,"turns":7},{"damage":0,"enemies":"HollowMod:Nosk","floor":31,"turns":8},{"damage":35,"enemies":"Collector","floor":33,"turns":8},{"damage":31,"enemies":"3 Shapes","floor":35,"turns":6},{"damage":14,"enemies":"3 Darklings","floor":36,"turns":5},{"damage":12,"enemies":"4 Shapes","floor":39,"turns":6},{"damage":31,"enemies":"Jaw Worm Horde","floor":40,"turns":5},{"damage":51,"enemies":"Spire Growth","floor":44,"turns":3}],"seed_played":"-3484488803206520392","potions_obtained":[{"floor":3,"key":"blueLaboratory:BubblePotion"},{"floor":12,"key":"SmokeBomb"},{"floor":12,"key":"Fire Potion"},{"floor":13,"key":"Dota2Spire:HealingSalve"},{"floor":16,"key":"Slimebound:ThreeZeroPotion"},{"floor":28,"key":"blueLaboratory:HeartbeatPotion"},{"floor":29,"key":"Dota2Spire:HealingSalve"},{"floor":33,"key":"champ:CounterPotion"},{"floor":35,"key":"blueLaboratory:BottleOfRum"},{"floor":36,"key":"Energy Potion"}],"is_trial":false,"path_per_floor":["M","?","M","?","M","R","M","M","T","E","?","?","E","M","R","B",null,"M","MIM","M","$","M","NM","R","M","T","T","E","M","M","E","R","B",null,"M","M","$","?","M","M","?","AVR","T","M"],"character_chosen":"THE_JESTER","items_purchased":["Ancient Tea Set","Bromod:ArcaneConsequence","theForsaken:Gavel"],"campfire_rested":2,"item_purchase_floors":[21,37,37],"current_hp_per_floor":[70,70,62,70,70,70,70,66,66,53,53,53,53,51,70,60,70,67,67,67,67,64,51,70,65,65,65,62,60,70,70,70,35,70,39,25,25,80,68,37,37,37,37,0,0],"gold":119,"neow_bonus":"HUNDRED_GOLD","is_daily":false,"chose_seed":false,"campfire_upgraded":2,"win_rate":0.0,"timestamp":1608509275,"path_taken":["M","?","?","?","M","R","M","M","T","E","?","?","E","?","R","BOSS","M","?","M","$","M","NM","R","M","T","?","E","?","M","E","R","BOSS","M","M","$","?","?","M","?","AVR","T","?"],"items_purchased_type":["Relic","Relic","Relic"],"build_version":"2020-12-13","purchased_purges":3,"victory":false,"max_hp_per_floor":[70,70,70,70,70,70,70,70,70,70,70,70,70,70,70,70,70,70,70,70,70,70,70,70,70,70,70,70,70,70,70,70,70,70,70,70,70,80,80,80,80,80,80,80,80],"card_choices":[{"not_picked":["jesterMod:Loot","jesterMod:JackInTheBox"],"picked":"jesterMod:Contradiction","floor":1},{"not_picked":["jesterMod:Talion","jesterMod:Anticipation"],"picked":"jesterMod:Hide","floor":3},{"not_picked":["jesterMod:DancingMad","jesterMod:Rebuff"],"picked":"jesterMod:TrickyDodge","floor":5},{"not_picked":["jesterMod:Arrythmia","jesterMod:HitAndRun"],"picked":"jesterMod:BouncingKnife","floor":7},{"not_picked":["jesterMod:OblivionStrike","jesterMod:ButterKnife"],"picked":"jesterMod:TrickyDodge","floor":8},{"not_picked":["jesterMod:Inspiration","jesterMod:Flee"],"picked":"jesterMod:Prankster","floor":10},{"not_picked":["jesterMod:Leeches","jesterMod:SwiftDodge"],"picked":"jesterMod:JugglerBlade","floor":13},{"not_picked":["jesterMod:Rebuff","jesterMod:Loot"],"picked":"jesterMod:Illness","floor":14},{"not_picked":["jesterMod:Finale","jesterMod:Encore"],"picked":"jesterMod:Trance","floor":16},{"not_picked":["jesterMod:SelfMockery","jesterMod:JackInTheBox+1"],"picked":"jesterMod:Precipitation","floor":18},{"not_picked":["jesterMod:Procrastination","jesterMod:OblivionStrike"],"picked":"jesterMod:HedgehogForm","floor":19},{"not_picked":["jesterMod:RecklessStrike","jesterMod:Illness"],"picked":"jesterMod:TrickyDodge","floor":22},{"not_picked":["jesterMod:Anticipation","jesterMod:Flee"],"picked":"jesterMod:Patience","floor":23},{"not_picked":["jesterMod:OblivionStrike","jesterMod:Twirl+1","jesterMod:DesperateStrike+1"],"picked":"SKIP","floor":25},{"not_picked":["jesterMod:Patience","jesterMod:OblivionStrike","jesterMod:Anticipation+1"],"picked":"SKIP","floor":28},{"not_picked":["jesterMod:Rebuff+1","jesterMod:Exasperation"],"picked":"jesterMod:Contradiction","floor":29},{"not_picked":["jesterMod:Talion","jesterMod:Rebuff"],"picked":"jesterMod:Mending","floor":30},{"not_picked":["jesterMod:Taunt+1","jesterMod:OblivionStrike+1"],"picked":"jesterMod:Mending","floor":31},{"not_picked":["jesterMod:Finale","jesterMod:BoilDown"],"picked":"jesterMod:Frustration","floor":33},{"not_picked":["jesterMod:Disposophobia+1","jesterMod:Discretion"],"picked":"jesterMod:Prankster+1","floor":35},{"not_picked":["jesterMod:Schizophrenia+1","jesterMod:Flee"],"picked":"jesterMod:Exasperation+1","floor":36},{"not_picked":["jesterMod:JugglerBlade","jesterMod:Hide+1"],"picked":"jesterMod:JackInTheBox","floor":39},{"not_picked":["jesterMod:RecklessStrike+1","jesterMod:Procrastination+1"],"picked":"jesterMod:Dilapidation+1","floor":40}],"player_experience":584780,"relics_obtained":[{"floor":9,"key":"Dota2Spire:PowerTreads"},{"floor":10,"key":"Oddly Smooth Stone"},{"floor":13,"key":"halation:PrussianBluePaint"},{"floor":19,"key":"infinitespire:Midas Blood"},{"floor":23,"key":"Huge Egg"},{"floor":26,"key":"vexMod:FocusSash"},{"floor":27,"key":"Dota2Spire:LinkenSphere"},{"floor":28,"key":"DemoMod:GundromedaStrain"},{"floor":31,"key":"Mercury Hourglass"},{"floor":43,"key":"Dota2Spire:UrnOfShadows"}],"event_choices":[{"damage_healed":0,"gold_gain":0,"player_choice":"Paid Gold","damage_taken":0,"relics_obtained":["Dota2Spire:DrumOfEndurance"],"max_hp_gain":0,"max_hp_loss":0,"event_name":"WeMeetAgain","floor":2,"gold_loss":141},{"damage_healed":17,"gold_gain":0,"player_choice":"Healed","damage_taken":0,"max_hp_gain":0,"max_hp_loss":0,"event_name":"The Cleric","floor":4,"gold_loss":35},{"damage_healed":0,"gold_gain":0,"player_choice":"Bought 2 Potions","damage_taken":0,"max_hp_gain":0,"max_hp_loss":0,"event_name":"The Woman in Blue","floor":12,"gold_loss":0},{"cards_removed":["jesterMod:Frustration"],"damage_healed":45,"gold_gain":0,"player_choice":"Offered Rare","damage_taken":0,"max_hp_gain":10,"max_hp_loss":0,"event_name":"Bonfire Elementals","floor":38,"gold_loss":0},{"damage_healed":0,"gold_gain":0,"player_choice":"Upgraded","damage_taken":0,"max_hp_gain":0,"max_hp_loss":0,"event_name":"Upgrade Shrine","floor":41,"gold_loss":0,"cards_upgraded":["jesterMod:Mending"]}],"is_beta":false,"boss_relics":[{"not_picked":["halation:CatFaceCupcake","hubris:RunicObelisk"],"picked":"energizedSpire:MagnifyingGlass"},{"not_picked":["hubris:GrandSneckoEye","Coffee Dripper"],"picked":"Gem_Box"}],"items_purged_floors":[21,37,42],"is_endless":true,"potions_floor_spawned":[3,13,16,20,28,29,33,35,36],"killed_by":"Spire Growth","ascension_level":0}}