{"host":"vumwfieg2b2mnrfl","time":1608588088,"event":{"mods":["AchievementEnabler","BaseMod","Minty Spire (QoL Compilation)","Rare Cards Sparkle","Relic Stats"],"gold_per_floor":[14,14,29,43,62,93,106,106,106],"floor_reached":8,"playtime":408,"items_purged":[],"score":115,"play_id":"c8d1fd41-a105-49be-8945-7efa906a97aa","local_time":"20201221160128","is_ascension_mode":true,"campfire_choices":[],"circlet_count":0,"master_deck":["AscendersBane","Strike_R","Strike_R","Strike_R","Strike_R","Strike_R","Defend_R","Defend_R","Defend_R","Defend_R","Bash+1","Iron Wave","Ghostly Armor","Clothesline","Shockwave","Twin Strike","Headbutt"],"relics":["Burning Blood","Blood Vial"],"acts_visited":["Exordium"],"potions_floor_usage":[6,7,8,8],"damage_taken":[{"damage":7,"enemies":"Small Slimes","floor":1,"turns":4},{"damage":1,"enemies":"Cultist","floor":3,"turns":3},{"damage":18,"enemies":"Jaw Worm","floor":4,"turns":5},{"damage":17,"enemies":"Exordium Wildlife","floor":5,"turns":5},{"damage":36,"enemies":"Gremlin Nob","floor":6,"turns":5},{"damage":23,"enemies":"Gremlin Gang","floor":7,"turns":7},{"damage":30,"enemies":"3 Sentries","floor":8,"turns":10}],"seed_played":"7609719402388375248","potions_obtained":[{"floor":3,"key":"Ancient Potion"},{"floor":5,"key":"Swift Potion"},{"floor":6,"key":"SkillPotion"},{"floor":7,"key":"LiquidMemories"}],"is_trial":false,"path_per_floor":["M","?","M","M","M","E","M","E"],"character_chosen":"IRONCLAD","items_purchased":[],"campfire_rested":0,"item_purchase_floors":[],"current_hp_per_floor":[87,87,92,80,69,39,24,0,0],"gold":106,"neow_bonus":"TWENTY_PERCENT_HP_BONUS","is_daily":false,"chose_seed":false,"campfire_upgraded":0,"win_rate":0.0,"timestamp":1608588088,"path_taken":["M","?","M","?","M","E","M","E"],"items_purchased_type":[],"build_version":"2020-12-13","purchased_purges":0,"victory":false,"max_hp_per_floor":[96,96,96,96,96,96,96,96,96],"relic_stats":{"Blood Vial":4,"counters":[7,39],"obtain_stats":[{"Blood Vial":6,"Burning Blood":0},{"Blood Vial":5,"Burning Blood":0},{"Blood Vial":22,"Burning Blood":0}],"Burning Blood":36},"card_choices":[{"not_picked":["Thunderclap","Clash"],"picked":"Iron Wave","floor":1},{"not_picked":["Clash","Seeing Red"],"picked":"Ghostly Armor","floor":3},{"not_picked":["Heavy Blade","Thunderclap"],"picked":"Clothesline","floor":4},{"not_picked":["Pommel Strike","Iron Wave"],"picked":"Shockwave","floor":5},{"not_picked":["Dark Embrace","Flex"],"picked":"Twin Strike","floor":6},{"not_picked":["Infernal Blade","Carnage"],"picked":"Headbutt","floor":7}],"player_experience":277580,"relics_obtained":[{"floor":6,"key":"Blood Vial"}],"event_choices":[{"damage_healed":0,"gold_gain":0,"player_choice":"Upgraded","damage_taken":0,"max_hp_gain":0,"max_hp_loss":0,"event_name":"Upgrade Shrine","floor":2,"gold_loss":0,"cards_upgraded":["Bash"]}],"is_beta":false,"boss_relics":[],"items_purged_floors":[],"is_endless":false,"potions_floor_spawned":[3,5,6,7],"killed_by":"3 Sentries","ascension_level":10}}