{"host":"ue7jlgf7uv134an9","time":1608560276,"event":{"mods":["BaseMod","Better Third Choice","Defuse TimeMaze Blight","Minty Spire (QoL Compilation)","Quick Restart","Rare Cards Sparkle","Relic Stats","StSLib","UnlockEverythingMod"],"gold_per_floor":[18,36,49,69,85,85,119,119,119,119,119,119,154,154,154,154,154],"floor_reached":16,"playtime":480,"items_purged":[],"score":220,"play_id":"4d635c4b-45d9-4a5c-a156-5b1d86c051db","local_time":"20201221091756","is_ascension_mode":true,"campfire_choices":[{"data":"Poisoned Stab","floor":6,"key":"SMITH"},{"floor":8,"key":"REST"},{"floor":10,"key":"REST"},{"floor":15,"key":"REST"}],"circlet_count":0,"master_deck":["AscendersBane","Strike_G","Strike_G","Strike_G","Defend_G+1","Defend_G","Defend_G","Defend_G","Survivor","Neutralize","Accuracy","Night Terror+1","Sucker Punch","Skewer","All Out Attack","Poisoned Stab+1","After Image","After Image","Predator+1"],"relics":["Ring of the Snake","Question Card","Mercury Hourglass","Golden Idol","Molten Egg 2","War Paint"],"acts_visited":["Exordium"],"potions_floor_usage":[7,13,16],"damage_taken":[{"damage":4,"enemies":"Small Slimes","floor":1,"turns":4},{"damage":4,"enemies":"Jaw Worm","floor":2,"turns":5},{"damage":4,"enemies":"2 Louse","floor":3,"turns":4},{"damage":7,"enemies":"Looter","floor":4,"turns":4},{"damage":2,"enemies":"Gremlin Gang","floor":5,"turns":3},{"damage":34,"enemies":"3 Sentries","floor":7,"turns":8},{"damage":15,"enemies":"Gremlin Nob","floor":13,"turns":4},{"damage":35,"enemies":"Slime Boss","floor":16,"turns":8}],"seed_played":"-2552028224437150265","potions_obtained":[{"floor":1,"key":"Weak Potion"},{"floor":5,"key":"Fire Potion"},{"floor":7,"key":"FearPotion"},{"floor":13,"key":"Ancient Potion"}],"is_trial":false,"path_per_floor":["M","M","M","M","M","R","E","R","T","R","?","?","E","?","R","B"],"character_chosen":"THE_SILENT","items_purchased":[],"campfire_rested":3,"item_purchase_floors":[],"current_hp_per_floor":[55,51,47,40,38,38,4,23,23,42,42,42,27,16,34,0,0],"gold":154,"neow_bonus":"TRANSFORM_TWO_CARDS","is_daily":false,"chose_seed":false,"campfire_upgraded":1,"win_rate":0.0,"timestamp":1608560276,"path_taken":["M","M","M","M","M","R","E","R","T","R","?","?","E","?","R","BOSS"],"items_purchased_type":[],"build_version":"2020-12-13","purchased_purges":0,"victory":false,"max_hp_per_floor":[66,66,66,66,66,66,66,66,66,66,60,60,60,60,60,60,60],"relic_stats":{"counters":[8,40],"Golden Idol":7,"War Paint":["Defend_G","Night Terror"],"Question Card":1,"obtain_stats":[{"Golden Idol":11,"Molten Egg 2":13,"War Paint":14,"Question Card":7,"Ring of the Snake":0,"Mercury Hourglass":9},{"Golden Idol":6,"Molten Egg 2":7,"War Paint":7,"Question Card":6,"Ring of the Snake":0,"Mercury Hourglass":6},{"Golden Idol":28,"Molten Egg 2":32,"War Paint":32,"Question Card":28,"Ring of the Snake":0,"Mercury Hourglass":28}],"Ring of the Snake":[16],"Mercury Hourglass":[51]},"card_choices":[{"not_picked":["Riddle With Holes","Deadly Poison"],"picked":"Sucker Punch","floor":1},{"not_picked":["Flechettes","Quick Slash"],"picked":"Skewer","floor":2},{"not_picked":["Deadly Poison","Sucker Punch"],"picked":"All Out Attack","floor":3},{"not_picked":["Outmaneuver","Quick Slash","Underhanded Strike"],"picked":"SKIP","floor":4},{"not_picked":["Dagger Throw","Bane"],"picked":"Poisoned Stab","floor":5},{"not_picked":["Underhanded Strike","Endless Agony"],"picked":"After Image","floor":7},{"not_picked":["Quick Slash+1","Endless Agony+1","Dodge and Roll"],"picked":"Predator+1","floor":13}],"player_experience":17437,"relics_obtained":[{"floor":7,"key":"Question Card"},{"floor":9,"key":"Mercury Hourglass"},{"floor":13,"key":"Molten Egg 2"}],"event_choices":[{"damage_healed":0,"gold_gain":0,"player_choice":"Lose Max HP","damage_taken":0,"relics_obtained":["Golden Idol"],"max_hp_gain":0,"max_hp_loss":6,"event_name":"Golden Idol","floor":11,"gold_loss":0},{"damage_healed":0,"gold_gain":0,"cards_transformed":["Strike_G"],"player_choice":"Change","damage_taken":0,"max_hp_gain":0,"max_hp_loss":0,"event_name":"Living Wall","floor":12,"gold_loss":0,"cards_obtained":["After Image"]},{"damage_healed":0,"gold_gain":0,"player_choice":"Relic ","damage_taken":11,"max_hp_gain":0,"max_hp_loss":0,"event_name":"betterThird:BetterScrap","floor":14,"gold_loss":0,"cards_obtained":["Shockwave"]}],"is_beta":false,"boss_relics":[],"items_purged_floors":[],"is_endless":false,"potions_floor_spawned":[1,5,7,13],"killed_by":"Slime Boss","ascension_level":20}}