{"host":"sav7uxregyirlf69","time":1608562134,"event":{"mods":["AchievementEnabler","BaseMod","Colored Map","DeckTracker","Keyboard Shortcuts","Minty Spire (QoL Compilation)","READ ME - Guardian Mod","StSLib","SuperFastMode"],"gold_per_floor":[115,115,115,67,142,142,142,142,142,156,169,169,45,64,64,64,64],"floor_reached":16,"playtime":165,"items_purged":["Strike_R"],"score":88,"play_id":"ad9acd26-fc4d-44ec-bae7-68218bd2c074","local_time":"20201221234854","is_ascension_mode":false,"campfire_choices":[{"data":"Anger","floor":6.0,"key":"SMITH"},{"data":"Bash","floor":8.0,"key":"SMITH"},{"data":"Dark Embrace","floor":12.0,"key":"SMITH"},{"data":"Rampage","floor":15.0,"key":"SMITH"}],"circlet_count":0,"master_deck":["Strike_R","Strike_R","Strike_R","Strike_R","Defend_R","Defend_R","Defend_R","Defend_R","Bash+1","Corruption+1","Wild Strike+1","Anger+1","Dark Embrace+1","Rampage+1","Shrug It Off"],"relics":["Burning Blood"],"acts_visited":["Exordium"],"potions_floor_usage":[16],"damage_taken":[{"damage":5.0,"enemies":"Jaw Worm","floor":1.0,"turns":4.0},{"damage":8.0,"enemies":"2 Louse","floor":10.0,"turns":3.0},{"damage":2.0,"enemies":"Small Slimes","floor":11.0,"turns":3.0},{"damage":5.0,"enemies":"Looter","floor":14.0,"turns":3.0},{"damage":51,"enemies":"The Guardian","floor":16,"turns":8}],"seed_played":"-9042133691424220097","potions_obtained":[{"floor":1.0,"key":"Explosive Potion"},{"floor":11.0,"key":"SmokeBomb"}],"is_trial":false,"path_per_floor":["M","?","T","$","?","R","?","R","T","M","M","R","$","M","R","B"],"character_chosen":"IRONCLAD","items_purchased":["Anger","Shrug It Off"],"campfire_rested":0,"item_purchase_floors":[4,13],"current_hp_per_floor":[72,58,58,58,47,47,47,47,47,45,49,49,49,50,50,0,0],"gold":64,"neow_bonus":"THREE_RARE_CARDS","is_daily":false,"chose_seed":false,"campfire_upgraded":4,"win_rate":0.0,"timestamp":1608562134,"path_taken":["M","?","?","$","?","R","?","R","T","M","M","R","?","M","R","BOSS"],"items_purchased_type":["Card","Card"],"build_version":"2020-12-13","purchased_purges":1,"victory":false,"max_hp_per_floor":[72,72,72,72,72,72,72,72,72,72,72,72,72,72,72,72,72],"card_choices":[{"not_picked":["Exhume","Limit Break"],"picked":"Corruption","floor":0.0},{"not_picked":["Disarm","Cleave"],"picked":"Wild Strike","floor":1.0},{"not_picked":["Infernal Blade","Entrench"],"picked":"Dark Embrace","floor":10.0},{"not_picked":["Second Wind","Intimidate"],"picked":"Rampage","floor":11.0},{"not_picked":["Ghostly Armor","Twin Strike","Heavy Blade"],"picked":"SKIP","floor":14.0}],"player_experience":985603,"relics_obtained":[],"event_choices":[{"damage_healed":0.0,"max_hp_gain":0.0,"max_hp_loss":0.0,"gold_gain":0.0,"event_name":"Shining Light","player_choice":"Entered Light","floor":2.0,"gold_loss":0.0,"damage_taken":14.0,"cards_upgraded":["Wild Strike","Corruption"]},{"damage_healed":0.0,"max_hp_gain":0.0,"max_hp_loss":0.0,"gold_gain":75.0,"event_name":"World of Goop","player_choice":"Gather Gold","floor":5.0,"gold_loss":0.0,"damage_taken":11.0},{"damage_healed":0.0,"max_hp_gain":0.0,"max_hp_loss":0.0,"gold_gain":0.0,"event_name":"Liars Game","player_choice":"Ignored","floor":7.0,"gold_loss":0.0,"damage_taken":0.0}],"is_beta":false,"boss_relics":[],"items_purged_floors":[13],"is_endless":false,"potions_floor_spawned":[1,11],"killed_by":"The Guardian","ascension_level":0}}