{"host":"yo9wwslrag05lh37","time":1608531319,"event":{"mods":["AchievementEnabler","BaseMod","Block Reminder","Colored Map","Colored Powertips","GifTheSpireLib","HexUI Lib","Highlight Path","Minty Spire (QoL Compilation)","Rare Cards Sparkle","Relic Stats","StSLib","everything is the same but u backflip on backflip"],"gold_per_floor":[19,19,19,39,57,93,93,124,124,147,168,168,183,223,223,319,319,332,356,68,86,100,134,134,173,173,298,56,72,103,103,103,202,202,221,221,244,259,259,294,60,393,418,446,446,474,474,486,486,486,486,486,486,28,61,61,61],"floor_reached":56,"playtime":2481,"items_purged":["Strike_B","Strike_B","Strike_B","Defend_B"],"score":2305,"play_id":"7997458b-6885-4a38-9e7c-ce5c0fa8b567","local_time":"20201221071519","is_ascension_mode":true,"campfire_choices":[{"data":"Electrodynamics","floor":7.0,"key":"SMITH"},{"data":"Biased Cognition","floor":12.0,"key":"SMITH"},{"data":"Undo","floor":15.0,"key":"SMITH"},{"floor":24.0,"key":"REST"},{"data":"Biased Cognition","floor":32.0,"key":"SMITH"},{"floor":45.0,"key":"RECALL"},{"data":"Defragment","floor":49.0,"key":"SMITH"},{"data":"Tempest","floor":53.0,"key":"SMITH"}],"circlet_count":0,"master_deck":["AscendersBane","Defend_B","Zap+1","Dualcast","Sweeping Beam","Biased Cognition+1","Electrodynamics+1","Undo+1","Lockon+1","Glacier","Biased Cognition+1","Ball Lightning+1","Defragment+1","Ball Lightning+1","Genetic Algorithm","Lockon+1","Capacitor+1","Conserve Battery+1","Tempest+1","Stack","Electrodynamics+1","Compile Driver+1","Static Discharge+1","Buffer+1","Doom and Gloom+1","Self Repair+1","Static Discharge+1","Defragment+1","Storm+1","Cold Snap+1","Consume"],"relics":["Cracked Core","Emotion Chip","Molten Egg 2","Blue Candle","Cursed Key","Omamori","Mercury Hourglass","White Beast Statue","The Courier","FossilizedHelix","Frozen Egg 2","Bag of Preparation","Anchor","Inserter","Art of War","ClockworkSouvenir","Bronze Scales","Lantern","Dead Branch","InkBottle"],"acts_visited":["Exordium","TheCity","TheBeyond","TheEnding"],"potions_floor_usage":[56,56],"damage_taken":[{"damage":2.0,"enemies":"Jaw Worm","floor":1.0,"turns":3.0},{"damage":1.0,"enemies":"Cultist","floor":4.0,"turns":3.0},{"damage":6.0,"enemies":"2 Louse","floor":5.0,"turns":2.0},{"damage":25.0,"enemies":"Lagavulin","floor":6.0,"turns":7.0},{"damage":11.0,"enemies":"Gremlin Nob","floor":8.0,"turns":3.0},{"damage":7.0,"enemies":"Lots of Slimes","floor":10.0,"turns":2.0},{"damage":1.0,"enemies":"Looter","floor":11.0,"turns":3.0},{"damage":9.0,"enemies":"Exordium Wildlife","floor":13.0,"turns":2.0},{"damage":2.0,"enemies":"Lagavulin","floor":14.0,"turns":5.0},{"damage":8.0,"enemies":"Hexaghost","floor":16.0,"turns":7.0},{"damage":0.0,"enemies":"3 Byrds","floor":18.0,"turns":2.0},{"damage":0.0,"enemies":"Chosen","floor":19.0,"turns":3.0},{"damage":0.0,"enemies":"Centurion and Healer","floor":21.0,"turns":3.0},{"damage":3.0,"enemies":"Snake Plant","floor":22.0,"turns":3.0},{"damage":11.0,"enemies":"Book of Stabbing","floor":23.0,"turns":4.0},{"damage":2.0,"enemies":"Slavers","floor":25.0,"turns":2.0},{"damage":13.0,"enemies":"Colosseum Slavers","floor":27.0,"turns":3.0},{"damage":0.0,"enemies":"Colosseum Nobs","floor":27.0,"turns":2.0},{"damage":0.0,"enemies":"Cultist and Chosen","floor":29.0,"turns":2.0},{"damage":7.0,"enemies":"Book of Stabbing","floor":30.0,"turns":3.0},{"damage":0.0,"enemies":"Champ","floor":33.0,"turns":5.0},{"damage":0.0,"enemies":"3 Darklings","floor":35.0,"turns":2.0},{"damage":0.0,"enemies":"3 Shapes","floor":37.0,"turns":3.0},{"damage":0.0,"enemies":"Sphere and 2 Shapes","floor":38.0,"turns":3.0},{"damage":0.0,"enemies":"Nemesis","floor":40.0,"turns":5.0},{"damage":1.0,"enemies":"Reptomancer","floor":44.0,"turns":4.0},{"damage":0.0,"enemies":"Nemesis","floor":46.0,"turns":5.0},{"damage":0.0,"enemies":"Spire Growth","floor":48.0,"turns":4.0},{"damage":30.0,"enemies":"Donu and Deca","floor":50.0,"turns":5.0},{"damage":0.0,"enemies":"Time Eater","floor":51.0,"turns":6.0},{"damage":30.0,"enemies":"Shield and Spear","floor":55.0,"turns":3.0},{"damage":71,"enemies":"The Heart","floor":56,"turns":3}],"seed_played":"-6523237608496258297","potions_obtained":[{"floor":1.0,"key":"Dexterity Potion"},{"floor":10.0,"key":"DuplicationPotion"},{"floor":16.0,"key":"Fire Potion"},{"floor":25.0,"key":"DuplicationPotion"},{"floor":27.0,"key":"Ancient Potion"},{"floor":29.0,"key":"EntropicBrew"},{"floor":33.0,"key":"ColorlessPotion"},{"floor":35.0,"key":"Swift Potion"},{"floor":44.0,"key":"DuplicationPotion"},{"floor":55.0,"key":"PotionOfCapacity"}],"is_trial":false,"path_per_floor":["M","?","?","M","M","E","R","E","T","M","M","R","M","E","R","B",null,"M","M","$","M","M","E","R","E","T","?","$","M","E","?","R","B",null,"M","?","M","M","?","E","$","?","T","E","R","E","?","M","R","B","B",null,"R","$","E","B"],"character_chosen":"DEFECT","items_purchased":["Omamori","Defragment","Capacitor+1","Bag of Preparation","ClockworkSouvenir","Static Discharge+1","Defragment+1","Storm+1","DuplicationPotion","AttackPotion","Cold Snap+1"],"campfire_rested":1,"item_purchase_floors":[20,20,28,28,41,54,54,54,54,54,54],"current_hp_per_floor":[76,76,76,75,69,44,44,33,33,26,25,25,16,14,14,6,59,59,59,59,59,56,45,68,66,66,53,53,53,46,46,46,46,69,69,69,69,69,64,64,64,64,64,63,63,63,63,63,63,53,63,71,71,71,41,0,0],"gold":61,"neow_bonus":"TWENTY_PERCENT_HP_BONUS","is_daily":false,"chose_seed":false,"campfire_upgraded":6,"win_rate":0.0,"timestamp":1608531319,"path_taken":["M","?","?","M","M","E","R","E","T","M","M","R","?","E","R","BOSS","M","M","$","M","M","E","R","E","T","?","$","M","E","?","R","BOSS","M","?","?","M","?","E","$","?","T","E","R","E","?","M","R","BOSS","BOSS","R","$","E","BOSS"],"items_purchased_type":["Relic","Card","Card","Relic","Relic","Card","Card","Card","Potion","Potion","Card"],"build_version":"2020-12-13","purchased_purges":4,"victory":false,"max_hp_per_floor":[85,77,77,77,77,77,77,77,77,77,77,77,77,77,77,77,77,77,77,77,77,77,77,77,77,77,77,77,77,77,77,77,77,77,77,77,77,77,77,77,77,77,77,77,77,77,73,73,73,73,73,73,73,73,73,73,73],"relic_stats":{"Emotion Chip":[50,44,5,1,0],"Inserter":[21],"counters":[32,111],"Blue Candle":[0],"Bronze Scales":[102],"Dead Branch":[12],"Bag of Preparation":[28],"Art of War":[7],"Cursed Key":2,"obtain_stats":[{"Lantern":44,"Inserter":34,"Golden Idol":2,"Blue Candle":14,"Dead Branch":46,"The Courier":26,"Omamori":20,"Bag of Preparation":28,"Frozen Egg 2":27,"Cursed Key":17,"White Beast Statue":25,"Mercury Hourglass":23,"ClockworkSouvenir":41,"Emotion Chip":6,"Anchor":30,"Bronze Scales":43,"Molten Egg 2":8,"Art of War":40,"Cracked Core":0,"FossilizedHelix":27,"InkBottle":55},{"Lantern":26,"Inserter":21,"Golden Idol":1,"Blue Candle":9,"Dead Branch":27,"The Courier":16,"Omamori":12,"Bag of Preparation":18,"Frozen Egg 2":18,"Cursed Key":10,"White Beast Statue":16,"Mercury Hourglass":15,"ClockworkSouvenir":25,"Emotion Chip":4,"Anchor":20,"Bronze Scales":25,"Molten Egg 2":5,"Art of War":25,"Cracked Core":0,"FossilizedHelix":18,"InkBottle":31},{"Lantern":85,"Inserter":68,"Golden Idol":3,"Blue Candle":30,"Dead Branch":90,"The Courier":53,"Omamori":42,"Bag of Preparation":58,"Frozen Egg 2":58,"Cursed Key":37,"White Beast Statue":53,"Mercury Hourglass":52,"ClockworkSouvenir":81,"Emotion Chip":15,"Anchor":63,"Bronze Scales":81,"Molten Egg 2":18,"Art of War":81,"Cracked Core":0,"FossilizedHelix":58,"InkBottle":108}],"InkBottle":[1],"Mercury Hourglass":[226]},"card_choices":[{"not_picked":["BootSequence","Barrage"],"picked":"Sweeping Beam","floor":1.0},{"not_picked":["Beam Cell","BootSequence","Gash"],"picked":"SKIP","floor":4.0},{"not_picked":["Steam","Turbo"],"picked":"Biased Cognition","floor":5.0},{"not_picked":["Skim","Amplify"],"picked":"Electrodynamics","floor":6.0},{"not_picked":["Redo","Blizzard+1"],"picked":"Undo","floor":8.0},{"not_picked":["Steam Power","Hologram","Beam Cell+1"],"picked":"SKIP","floor":10.0},{"not_picked":["Steam","Gash+1"],"picked":"Lockon+1","floor":11.0},{"not_picked":["Rebound+1","Hologram","Barrage+1"],"picked":"SKIP","floor":13.0},{"not_picked":["Blizzard+1","Leap"],"picked":"Glacier","floor":14.0},{"not_picked":["Reboot","Hyperbeam+1"],"picked":"Biased Cognition","floor":16.0},{"not_picked":["Hello World","Heatsinks"],"picked":"Ball Lightning+1","floor":18.0},{"not_picked":["Hologram","Aggregate","Beam Cell+1"],"picked":"SKIP","floor":19.0},{"not_picked":["Coolheaded","Double Energy"],"picked":"Ball Lightning+1","floor":21.0},{"not_picked":["Turbo","Scrape+1"],"picked":"Genetic Algorithm","floor":22.0},{"not_picked":["Blizzard+1","Cold Snap+1"],"picked":"Lockon+1","floor":23.0},{"not_picked":["Barrage+1","Stack","Aggregate"],"picked":"SKIP","floor":25.0},{"not_picked":["Steam","Reprogram"],"picked":"Conserve Battery+1","floor":29.0},{"not_picked":["Redo","Stack","Leap"],"picked":"SKIP","floor":30.0},{"not_picked":["Multi-Cast","Meteor Strike+1"],"picked":"Electrodynamics+1","floor":33.0},{"not_picked":["Cold Snap+1","Redo"],"picked":"Compile Driver+1","floor":35.0},{"not_picked":["Streamline+1","Go for the Eyes+1","Stack+1"],"picked":"SKIP","floor":37.0},{"not_picked":["Meteor Strike+1","Conserve Battery","Gash+1"],"picked":"SKIP","floor":38.0},{"not_picked":["Streamline+1","Meteor Strike+1"],"picked":"Static Discharge+1","floor":40.0},{"not_picked":["Conserve Battery","Rebound+1"],"picked":"Buffer+1","floor":44.0},{"not_picked":["Self Repair+1","Streamline+1"],"picked":"Doom and Gloom+1","floor":46.0},{"not_picked":["Beam Cell+1","Chaos"],"picked":"Self Repair+1","floor":48.0},{"not_picked":["Reinforced Body","Thunder Strike+1"],"picked":"Consume","floor":55.0}],"player_experience":1371124,"relics_obtained":[{"floor":6.0,"key":"Emotion Chip"},{"floor":8.0,"key":"Molten Egg 2"},{"floor":14.0,"key":"Blue Candle"},{"floor":23.0,"key":"Mercury Hourglass"},{"floor":25.0,"key":"White Beast Statue"},{"floor":26.0,"key":"The Courier"},{"floor":27.0,"key":"FossilizedHelix"},{"floor":27.0,"key":"Frozen Egg 2"},{"floor":30.0,"key":"Anchor"},{"floor":40.0,"key":"Art of War"},{"floor":43.0,"key":"Bronze Scales"},{"floor":44.0,"key":"Lantern"},{"floor":46.0,"key":"Dead Branch"},{"floor":55.0,"key":"InkBottle"}],"event_choices":[{"damage_healed":0.0,"max_hp_gain":0.0,"max_hp_loss":8.0,"gold_gain":0.0,"event_name":"Golden Idol","player_choice":"Lose Max HP","floor":2.0,"gold_loss":0.0,"damage_taken":0.0,"relics_obtained":["Golden Idol"]},{"damage_healed":0.0,"max_hp_gain":0.0,"max_hp_loss":0.0,"gold_gain":0.0,"event_name":"Upgrade Shrine","player_choice":"Upgraded","floor":3.0,"gold_loss":0.0,"damage_taken":0.0,"cards_upgraded":["Zap"]},{"damage_healed":0.0,"max_hp_gain":0.0,"max_hp_loss":0.0,"gold_gain":0.0,"event_name":"Colosseum","player_choice":"Fight","floor":27.0,"gold_loss":0.0,"damage_taken":0.0},{"damage_healed":0.0,"max_hp_gain":0.0,"max_hp_loss":0.0,"gold_gain":0.0,"event_name":"Colosseum","player_choice":"Fought Nobs","floor":27.0,"gold_loss":0.0,"damage_taken":0.0},{"damage_healed":0.0,"max_hp_gain":0.0,"max_hp_loss":0.0,"gold_gain":0.0,"cards_transformed":["Defend_B","Strike_B"],"event_name":"Drug Dealer","player_choice":"Became Test Subject","floor":31.0,"gold_loss":0.0,"damage_taken":0.0,"cards_obtained":["Tempest","Stack"]},{"cards_removed":["Defend_B"],"damage_healed":0.0,"max_hp_gain":0.0,"max_hp_loss":0.0,"gold_gain":0.0,"event_name":"Bonfire Elementals","player_choice":"Offered Basic","floor":36.0,"gold_loss":0.0,"damage_taken":0.0},{"damage_healed":0.0,"max_hp_gain":0.0,"max_hp_loss":0.0,"gold_gain":0.0,"event_name":"SensoryStone","player_choice":"Memory 2","floor":39.0,"gold_loss":0.0,"damage_taken":5.0},{"damage_healed":0.0,"max_hp_gain":0.0,"max_hp_loss":0.0,"gold_gain":333.0,"event_name":"The Moai Head","player_choice":"Gave Idol","floor":42.0,"relics_lost":["Golden Idol"],"gold_loss":0.0,"damage_taken":0.0},{"damage_healed":0.0,"max_hp_gain":0.0,"max_hp_loss":4.0,"gold_gain":0.0,"event_name":"Winding Halls","player_choice":"Max HP","floor":47.0,"gold_loss":0.0,"damage_taken":0.0}],"is_beta":false,"boss_relics":[{"not_picked":["Snecko Eye","SlaversCollar"],"picked":"Cursed Key"},{"not_picked":["Philosopher\u0027s Stone","Calling Bell"],"picked":"Inserter"}],"items_purged_floors":[20,28,41,54],"is_endless":false,"potions_floor_spawned":[1,10,11,16,21,25,27,27,29,30,33,35,37,38,40,44,46,48,55],"killed_by":"The Heart","ascension_level":20}}