{"host":"8g24zuco0epbjwbo","time":1608543460,"event":{"mods":["BaseMod","Downfall","Minty Spire (QoL Compilation)","Relic Stats","StSLib"],"gold_per_floor":[99,99,99,24,24,24,47,60,60,90,100,118,24,124,138,239,239,239,239,239,239,224,243,243,253,253,291,310,310,169,178,188,188,188,188],"floor_reached":33,"playtime":1365,"items_purged":[],"score":261,"play_id":"291d5ec5-6538-4174-b374-fd9043a1dbd9","local_time":"20201221043740","is_ascension_mode":false,"campfire_choices":[{"floor":1,"key":"RECALL"},{"data":"champ:Balance","floor":4,"key":"SMITH"},{"data":"champ:PreciseThrust","floor":9,"key":"SMITH"},{"data":"champ:CheapShot","floor":18,"key":"SMITH"},{"data":"champ:ShieldWall","floor":21,"key":"SMITH"},{"data":"champ:CalledShot","floor":26,"key":"SMITH"}],"circlet_count":0,"master_deck":["champ:Strike","champ:Strike","champ:Strike","champ:Defend","champ:Defend","champ:Defend","champ:Defend","champ:Execute","champ:Taunt","champ:Balance+1","champ:FlashCut","champ:FocusedGladiator","champ:PreciseThrust+1","champ:CalledShot+1","champ:CrookedStrike","champ:Backstep","champ:RecklessLeap","champ:ShieldWall+1","champ:CheapShot","champ:CheapShot+1","champ:DefensiveStyle","champ:ShieldWall","champ:GutPunch","Ghostly","Shame"],"relics":["champ:ChampionCrown","downfall:HeartsMalice","downfall:HeartBlessingRed","champ:GladiatorsBookOfMartialProwess","Black Star","downfall:RedIOU","TungstenRod","champ:DefensiveTrainingManual","CeramicFish","Letter Opener","Molten Egg 2"],"acts_visited":["Exordium","TheCity"],"potions_floor_usage":[13,28,33],"damage_taken":[{"damage":0,"enemies":"Small Slimes","floor":2,"turns":1},{"damage":0,"enemies":"Cultist","floor":3,"turns":1},{"damage":0,"enemies":"Jaw Worm","floor":6,"turns":1},{"damage":5,"enemies":"3 Louse","floor":8,"turns":3},{"damage":24,"enemies":"3 Sentries","floor":10,"turns":9},{"damage":15,"enemies":"Exordium Thugs","floor":11,"turns":4},{"damage":26,"enemies":"Large Slime","floor":12,"turns":5},{"damage":5,"enemies":"downfall:FleeingMerchant","floor":13,"turns":4},{"damage":15,"enemies":"2 Fungi Beasts","floor":15,"turns":3},{"damage":35,"enemies":"downfall:Watcher","floor":16,"turns":8},{"damage":21,"enemies":"downfall:FleeingMerchant","floor":22,"turns":6},{"damage":15,"enemies":"Chosen","floor":23,"turns":6},{"damage":50,"enemies":"Sentry and Sphere","floor":25,"turns":10},{"damage":32,"enemies":"Gremlin Leader","floor":27,"turns":7},{"damage":26,"enemies":"Snake Plant","floor":28,"turns":5},{"damage":27,"enemies":"Snecko","floor":32,"turns":7},{"damage":52,"enemies":"downfall:Defect","floor":33,"turns":10}],"seed_played":"-5537043170739920855","potions_obtained":[{"floor":10,"key":"hexamod:EctoCoolerPotion"},{"floor":11,"key":"Fire Potion"},{"floor":15,"key":"DistilledChaos"},{"floor":16,"key":"Fire Potion"},{"floor":23,"key":"PowerPotion"}],"is_trial":false,"path_per_floor":["R","M","M","R","?","M","T","M","R","E","M","M","$","?","M","B",null,"R","?","?","R","$","M","T","M","R","E","M","?","?","?","M","B"],"character_chosen":"THE_CHAMP","items_purchased":["champ:ShieldWall"],"campfire_rested":0,"item_purchase_floors":[13],"current_hp_per_floor":[90,90,90,90,90,90,90,90,90,71,66,60,60,60,60,40,90,90,90,90,90,89,89,89,54,54,47,36,36,36,36,29,0,0,0],"gold":188,"neow_bonus":"THREE_ENEMY_KILL","is_daily":false,"chose_seed":false,"campfire_upgraded":5,"win_rate":0.0,"timestamp":1608543460,"path_taken":["R","M","M","R","?","M","T","M","R","E","M","?","?","?","M","BOSS","R","?","?","R","$","M","T","M","R","E","?","?","?","?","M","BOSS"],"items_purchased_type":["Card"],"build_version":"2020-12-13","purchased_purges":0,"victory":false,"max_hp_per_floor":[90,90,90,90,90,90,90,90,90,90,90,90,90,90,90,90,90,90,90,90,90,90,90,90,90,90,90,90,90,90,90,90,90,90,90],"relic_stats":{"counters":[17,87],"CeramicFish":36,"Black Star":1,"Letter Opener":[10],"obtain_stats":[{"downfall:HeartBlessingRed":4,"champ:DefensiveTrainingManual":27,"CeramicFish":27,"champ:ChampionCrown":0,"downfall:HeartsMalice":0,"Molten Egg 2":31,"downfall:RedIOU":19,"Art of War":7,"Black Star":17,"Letter Opener":29,"TungstenRod":24,"champ:GladiatorsBookOfMartialProwess":10},{"downfall:HeartBlessingRed":2,"champ:DefensiveTrainingManual":14,"CeramicFish":14,"champ:ChampionCrown":0,"downfall:HeartsMalice":0,"Molten Egg 2":15,"downfall:RedIOU":10,"Art of War":3,"Black Star":10,"Letter Opener":15,"TungstenRod":12,"champ:GladiatorsBookOfMartialProwess":5},{"downfall:HeartBlessingRed":0,"champ:DefensiveTrainingManual":65,"CeramicFish":65,"champ:ChampionCrown":0,"downfall:HeartsMalice":0,"Molten Egg 2":70,"downfall:RedIOU":36,"Art of War":0,"Black Star":36,"Letter Opener":70,"TungstenRod":48,"champ:GladiatorsBookOfMartialProwess":12}],"TungstenRod":32},"card_choices":[{"not_picked":["champ:BladeFlurry","champ:Circumvent"],"picked":"champ:Balance","floor":2},{"not_picked":["champ:Backstep","champ:RisingSlash"],"picked":"champ:FlashCut","floor":3},{"not_picked":["champ:BerserkersShout","champ:Circumvent"],"picked":"champ:FocusedGladiator","floor":6},{"not_picked":["champ:Haymaker","champ:HeartStrike"],"picked":"champ:PreciseThrust","floor":8},{"not_picked":["champ:Lariat","champ:BladeFlurry"],"picked":"champ:CalledShot","floor":10},{"not_picked":["champ:Encircle","champ:EnragedBash"],"picked":"champ:CrookedStrike","floor":11},{"not_picked":["champ:BerserkersShout","champ:Riposte"],"picked":"champ:Backstep","floor":12},{"not_picked":["champ:BladeFlurry","champ:RapidStrikes"],"picked":"champ:RecklessLeap","floor":13},{"not_picked":["champ:FalseCounter","champ:ArenaPreparation"],"picked":"champ:CheapShot","floor":15},{"not_picked":["champ:VampiricStrike","champ:SwordThrow"],"picked":"champ:CheapShot","floor":16},{"not_picked":["champ:PerfectedStrike+1","champ:FlashCut","champ:GladiatorsShout"],"picked":"SKIP","floor":22},{"not_picked":["champ:Backstep","champ:FlashCut","champ:FocusedDefense"],"picked":"SKIP","floor":23},{"not_picked":["champ:BerserkersShout+1","champ:FocusedGladiator"],"picked":"champ:DefensiveStyle","floor":25},{"not_picked":["champ:PerfectedStrike","champ:HeartStrike"],"picked":"champ:ShieldWall","floor":27},{"not_picked":["champ:SkillfulDodge+1","champ:BringItOn+1"],"picked":"champ:GutPunch","floor":28},{"not_picked":["champ:ViciousMockery+1","champ:RisingSlash+1","champ:ShieldWall"],"picked":"SKIP","floor":32}],"player_experience":427407,"relics_obtained":[{"floor":7,"key":"Art of War"},{"floor":10,"key":"champ:GladiatorsBookOfMartialProwess"},{"floor":24,"key":"TungstenRod"},{"floor":27,"key":"champ:DefensiveTrainingManual"},{"floor":27,"key":"CeramicFish"}],"event_choices":[{"cards_removed":["champ:Strike"],"damage_healed":0,"gold_gain":0,"player_choice":"Purged","damage_taken":0,"max_hp_gain":0,"max_hp_loss":0,"event_name":"Purifier","floor":5,"gold_loss":0},{"damage_healed":0,"gold_gain":0,"player_choice":"Ignored","damage_taken":0,"max_hp_gain":0,"max_hp_loss":0,"event_name":"Vampires","floor":20,"gold_loss":0},{"damage_healed":0,"gold_gain":0,"player_choice":"Stole Relic","damage_taken":0,"relics_obtained":["Molten Egg 2"],"max_hp_gain":0,"max_hp_loss":0,"event_name":"Addict","floor":31,"gold_loss":0,"cards_obtained":["Shame"]}],"is_beta":false,"boss_relics":[{"not_picked":["Snecko Eye","Cursed Key"],"picked":"Black Star"}],"items_purged_floors":[],"is_endless":false,"potions_floor_spawned":[10,11,15,16,23,27],"killed_by":"downfall:Defect","ascension_level":0}}