{"host":"9v3x998ddbx8o276","time":1608543476,"event":{"mods":["AchievementEnabler","BaseMod","Colored Map","Highlight Path","Minty Spire (QoL Compilation)","Quick Restart","Rare Cards Sparkle"],"gold_per_floor":[117,192,192,205,216,216,232,258,283,283,283,283],"floor_reached":11,"playtime":291,"items_purged":[],"score":146,"play_id":"606dc0b2-bfe5-4f20-b03b-6d0a3a4f851e","local_time":"20201221200756","is_ascension_mode":true,"campfire_choices":[{"floor":6,"key":"REST"}],"circlet_count":0,"master_deck":["AscendersBane","Strike_B","Strike_B","Strike_B","Strike_B","Defend_B","Defend_B","Defend_B","Defend_B","Zap","Dualcast","Rebound+1","Beam Cell","Glacier","Defragment","Sweeping Beam"],"relics":["Cracked Core","Juzu Bracelet","Smiling Mask","Bronze Scales"],"acts_visited":["Exordium"],"potions_floor_usage":[],"damage_taken":[{"damage":5,"enemies":"2 Louse","floor":1,"turns":3},{"damage":7,"enemies":"Jaw Worm","floor":4,"turns":3},{"damage":7,"enemies":"Small Slimes","floor":5,"turns":3},{"damage":5,"enemies":"Blue Slaver","floor":7,"turns":5},{"damage":47,"enemies":"Gremlin Nob","floor":8,"turns":7},{"damage":0,"enemies":"3 Sentries","floor":11,"turns":1}],"seed_played":"-1734851731997424066","potions_obtained":[{"floor":5,"key":"PotionOfCapacity"},{"floor":8,"key":"PotionOfCapacity"}],"is_trial":false,"path_per_floor":["M","?","?","M","M","R","M","E","T","?","E"],"character_chosen":"DEFECT","items_purchased":[],"campfire_rested":1,"item_purchase_floors":[],"current_hp_per_floor":[59,48,48,41,34,55,50,3,3,3,3,3],"gold":283,"neow_bonus":"RANDOM_COMMON_RELIC","is_daily":false,"chose_seed":false,"campfire_upgraded":0,"win_rate":0.0,"timestamp":1608543476,"path_taken":["M","?","?","M","M","R","M","E","T","?","E"],"items_purchased_type":[],"build_version":"2020-12-13","purchased_purges":0,"victory":false,"max_hp_per_floor":[71,71,71,71,71,71,71,71,71,71,71,71],"card_choices":[{"not_picked":["Hologram","Go for the Eyes"],"picked":"Rebound","floor":1},{"not_picked":["Loop","Redo"],"picked":"Beam Cell","floor":4},{"not_picked":["Conserve Battery","Beam Cell"],"picked":"Glacier","floor":5},{"not_picked":["Rebound","Sweeping Beam"],"picked":"Defragment","floor":7},{"not_picked":["Undo","Barrage"],"picked":"Sweeping Beam","floor":8}],"player_experience":2046369,"relics_obtained":[{"floor":8,"key":"Smiling Mask"},{"floor":9,"key":"Bronze Scales"}],"event_choices":[{"damage_healed":0,"gold_gain":75,"player_choice":"Gather Gold","damage_taken":11,"max_hp_gain":0,"max_hp_loss":0,"event_name":"World of Goop","floor":2,"gold_loss":0},{"damage_healed":0,"gold_gain":0,"player_choice":"Grow","damage_taken":0,"max_hp_gain":0,"max_hp_loss":0,"event_name":"Living Wall","floor":3,"gold_loss":0,"cards_upgraded":["Rebound"]},{"damage_healed":0,"gold_gain":0,"player_choice":"Ignored","damage_taken":0,"max_hp_gain":0,"max_hp_loss":0,"event_name":"Golden Idol","floor":10,"gold_loss":0}],"is_beta":false,"boss_relics":[],"items_purged_floors":[],"is_endless":false,"potions_floor_spawned":[5,8],"killed_by":"3 Sentries","ascension_level":20}}