{"host":"ktoxvvst1mwxww91","time":1608566055,"event":{"mods":["BaseMod","Hermit","Minty Spire (QoL Compilation)","StSLib","The Hierophant","The Mystic","The Necromancer"],"gold_per_floor":[153,153,168,168,221,254,266,292,304,316,163,173,173,196,196,188,188],"floor_reached":16,"playtime":521,"items_purged":["hierophant:Strike_Hierophant"],"score":175,"play_id":"37dbfb0a-6e46-455f-ae3f-267414f10bb8","local_time":"20201221165415","is_ascension_mode":true,"campfire_choices":[{"floor":7,"key":"REST"},{"data":"hierophant:PristineSoul","floor":13,"key":"SMITH"},{"data":"hierophant:SealAway","floor":15,"key":"SMITH"}],"circlet_count":0,"master_deck":["AscendersBane","hierophant:Strike_Hierophant","hierophant:Strike_Hierophant","hierophant:Strike_Hierophant","hierophant:Punish","hierophant:Defend_Hierophant","hierophant:Defend_Hierophant","hierophant:Defend_Hierophant","hierophant:Defend_Hierophant+1","hierophant:ChurchCoffers","hierophant:PassingBell+1","hierophant:Doubloon","hierophant:CursedGold","hierophant:Blessing","hierophant:Endure","hierophant:OrnateJavelin","hierophant:SealAway","Bandage Up","hierophant:Endure","hierophant:Zeal","hierophant:PristineSoul+1","hierophant:SealAway+1"],"relics":["Tiny House","MawBank","Bag of Preparation","hierophant:DonationBoxRelic"],"acts_visited":["Exordium"],"potions_floor_usage":[6,8],"damage_taken":[{"damage":9,"enemies":"2 Louse","floor":1,"turns":2},{"damage":3,"enemies":"Cultist","floor":3,"turns":4},{"damage":43,"enemies":"3 Sentries","floor":6,"turns":13},{"damage":0,"enemies":"Jaw Worm","floor":8,"turns":5},{"damage":1,"enemies":"3 Louse","floor":12,"turns":4},{"damage":17,"enemies":"Gremlin Gang","floor":14,"turns":2},{"damage":84,"enemies":"Slime Boss","floor":16,"turns":12}],"seed_played":"-4200254843299894429","potions_obtained":[{"floor":0,"key":"SkillPotion"},{"floor":8,"key":"Fruit Juice"},{"floor":12,"key":"GamblersBrew"}],"is_trial":false,"path_per_floor":["M","?","M","?","T","E","R","M","T","?","$","M","R","M","R","B"],"character_chosen":"HIEROPHANT","items_purchased":["hierophant:Endure","hierophant:Zeal"],"campfire_rested":1,"item_purchase_floors":[11,11],"current_hp_per_floor":[64,64,61,66,66,30,55,67,67,67,67,77,77,67,67,0,0],"gold":188,"neow_bonus":"BOSS_RELIC","is_daily":false,"chose_seed":false,"campfire_upgraded":2,"win_rate":0.0,"timestamp":1608566055,"path_taken":["M","?","?","?","?","E","R","M","T","?","$","?","R","M","R","BOSS"],"items_purchased_type":["Card","Card"],"build_version":"2020-12-13","purchased_purges":1,"victory":false,"max_hp_per_floor":[80,80,80,85,85,85,85,90,90,90,90,90,90,90,90,90,90],"card_choices":[{"not_picked":["hierophant:HammerAndAnvil","hierophant:Encroach"],"picked":"hierophant:PassingBell","floor":0},{"not_picked":["hierophant:MorningPrayer","hierophant:Shelter"],"picked":"hierophant:CursedGold","floor":1},{"not_picked":["hierophant:Zeal","hierophant:AuricBeam"],"picked":"hierophant:Blessing","floor":3},{"not_picked":["hierophant:FaithHealing","hierophant:Invocation"],"picked":"hierophant:Endure","floor":6},{"not_picked":["hierophant:RustyCrate","hierophant:HolyVerse"],"picked":"hierophant:OrnateJavelin","floor":8},{"not_picked":["hierophant:Encroach","hierophant:Zeal"],"picked":"hierophant:PristineSoul","floor":12},{"not_picked":["hierophant:HolyVerse","hierophant:MorningPrayer"],"picked":"hierophant:SealAway","floor":14}],"player_experience":906463,"relics_obtained":[{"floor":5,"key":"MawBank"},{"floor":6,"key":"Bag of Preparation"},{"floor":9,"key":"hierophant:DonationBoxRelic"}],"event_choices":[{"damage_healed":0,"gold_gain":0,"player_choice":"Upgraded","damage_taken":0,"max_hp_gain":0,"max_hp_loss":0,"event_name":"Upgrade Shrine","floor":2,"gold_loss":0,"cards_upgraded":["hierophant:PassingBell"]},{"damage_healed":0,"gold_gain":0,"player_choice":"Donut","damage_taken":0,"max_hp_gain":5,"max_hp_loss":0,"event_name":"Big Fish","floor":4,"gold_loss":0},{"damage_healed":0,"gold_gain":0,"player_choice":"2 cards matched","damage_taken":0,"max_hp_gain":0,"max_hp_loss":0,"event_name":"Match and Keep!","floor":10,"gold_loss":0,"cards_obtained":["hierophant:SealAway","Bandage Up"]}],"is_beta":false,"boss_relics":[],"items_purged_floors":[11],"is_endless":false,"potions_floor_spawned":[8,12],"killed_by":"Slime Boss","ascension_level":10}}