{"host":"e2ju6k0wppswbhbd","time":1608576702,"event":{"mods":["BaseMod","Minty Spire (QoL Compilation)","Rare Cards Sparkle","StSLib"],"gold_per_floor":[110,124,136,150,168,196,214,214,214,240,250,268,285,4,4,100,100,114,59,59,73,91,116,116,316,316,316,335,335,360,38,38,142,142,157,157,157,177,189,189,206,206,206,222,222,234,260,279,279,279,279,279,20,48,48,48],"floor_reached":55,"playtime":11015,"items_purged":["Defend_P","Shame","Defend_P"],"score":780,"play_id":"779d1800-e780-4ea5-8009-cf86d22f567a","local_time":"20201221195142","is_ascension_mode":false,"campfire_choices":[{"floor":8.0,"key":"RECALL"},{"data":"Eruption","floor":15.0,"key":"SMITH"},{"data":"Vigilance","floor":24.0,"key":"SMITH"},{"floor":27.0,"key":"REST"},{"floor":32.0,"key":"REST"},{"floor":40.0,"key":"REST"},{"data":"Protect","floor":42.0,"key":"SMITH"},{"data":"ReachHeaven","floor":45.0,"key":"SMITH"},{"floor":49,"key":"REST"},{"data":"Mind Blast","floor":52,"key":"SMITH"}],"circlet_count":0,"master_deck":["Strike_P","Strike_P","Defend_P","Defend_P","Eruption+1","Vigilance+1","SignatureMove","WaveOfTheHand","CutThroughFate","Prostrate","Protect+1","DeceiveReality","Collect","EmptyFist","Crescendo","Prostrate","InnerPeace","MentalFortress+1","ReachHeaven+1","Study+1","Swift Strike","Devotion+1","EmptyBody","Mind Blast+1","FollowUp","JustLucky+1","Adaptation+1","WreathOfFlame+1","Decay","BattleHymn+1","Master of Strategy","Vault+1","Nirvana+1","Bandage Up","Dark Shackles","Weave+1","Sanctity+1","ThirdEye","Pain","EmptyFist+1","Brilliance","Wallop","Protect+1","Bandage Up","Meditate"],"relics":["PureWater","HornCleat","Frozen Egg 2","Bronze Scales","Membership Card","Cursed Key","Incense Burner","InkBottle","Question Card","TungstenRod","Empty Cage","Orichalcum","Letter Opener","Calipers","CloakClasp"],"acts_visited":["Exordium","TheCity","TheBeyond","TheEnding"],"potions_floor_usage":[50,54],"damage_taken":[{"damage":7.0,"enemies":"Cultist","floor":1.0,"turns":3.0},{"damage":0.0,"enemies":"Small Slimes","floor":2.0,"turns":3.0},{"damage":0.0,"enemies":"Jaw Worm","floor":3.0,"turns":4.0},{"damage":0.0,"enemies":"Red Slaver","floor":4.0,"turns":4.0},{"damage":10.0,"enemies":"Exordium Thugs","floor":5.0,"turns":9.0},{"damage":8.0,"enemies":"3 Sentries","floor":6.0,"turns":22.0},{"damage":0.0,"enemies":"Blue Slaver","floor":7.0,"turns":2.0},{"damage":8.0,"enemies":"Gremlin Nob","floor":10.0,"turns":4.0},{"damage":0.0,"enemies":"Lots of Slimes","floor":11.0,"turns":5.0},{"damage":0.0,"enemies":"3 Louse","floor":12.0,"turns":4.0},{"damage":0.0,"enemies":"Red Slaver","floor":13.0,"turns":3.0},{"damage":3.0,"enemies":"Slime Boss","floor":16.0,"turns":4.0},{"damage":1.0,"enemies":"Chosen","floor":18.0,"turns":6.0},{"damage":4.0,"enemies":"Shell Parasite","floor":21.0,"turns":3.0},{"damage":1.0,"enemies":"Cultist and Chosen","floor":22.0,"turns":5.0},{"damage":9.0,"enemies":"Gremlin Leader","floor":23.0,"turns":6.0},{"damage":8.0,"enemies":"Sentry and Sphere","floor":28.0,"turns":6.0},{"damage":29.0,"enemies":"Slavers","floor":30.0,"turns":6.0},{"damage":30.0,"enemies":"Collector","floor":33.0,"turns":9.0},{"damage":0.0,"enemies":"Orb Walker","floor":35.0,"turns":3.0},{"damage":5.0,"enemies":"3 Darklings","floor":38.0,"turns":6.0},{"damage":38.0,"enemies":"Transient","floor":39.0,"turns":5.0},{"damage":0.0,"enemies":"Jaw Worm Horde","floor":41.0,"turns":4.0},{"damage":20.0,"enemies":"Spire Growth","floor":44.0,"turns":5.0},{"damage":18.0,"enemies":"3 Darklings","floor":46.0,"turns":5.0},{"damage":0.0,"enemies":"Giant Head","floor":47.0,"turns":6.0},{"damage":0,"enemies":"Sphere and 2 Shapes","floor":48,"turns":5},{"damage":19,"enemies":"Awakened One","floor":50,"turns":11},{"damage":70,"enemies":"Shield and Spear","floor":54,"turns":8},{"damage":74,"enemies":"The Heart","floor":55,"turns":9}],"seed_played":"6707014712637888567","potions_obtained":[{"floor":2.0,"key":"PowerPotion"},{"floor":3.0,"key":"StancePotion"},{"floor":5.0,"key":"Dexterity Potion"},{"floor":6.0,"key":"BottledMiracle"},{"floor":12.0,"key":"EntropicBrew"},{"floor":18.0,"key":"Energy Potion"},{"floor":28.0,"key":"Fruit Juice"},{"floor":30.0,"key":"BottledMiracle"},{"floor":35.0,"key":"Ancient Potion"},{"floor":38.0,"key":"FairyPotion"}],"is_trial":false,"path_per_floor":["M","M","M","M","M","E","M","R","T","E","M","M","M","$","R","B",null,"M","$","?","M","M","E","R","?","T","R","M","T","E","$","R","B",null,"M","?","?","M","M","R","M","R","T","M","R","M","E","M","R","B",null,"R","$","E","B"],"character_chosen":"WATCHER","items_purchased":["Membership Card","ReachHeaven","Study+1","Swift Strike","Mind Blast","FollowUp","BattleHymn+1","Master of Strategy","TungstenRod","Weak Potion","Bandage Up","Calipers"],"campfire_rested":4,"item_purchase_floors":[14,14,14,14,19,19,31,31,31,31,53,53],"current_hp_per_floor":[65,65,65,65,55,47,47,47,47,39,39,39,39,39,39,36,72,71,71,58,54,53,44,44,44,44,67,59,59,35,35,59,29,82,82,78,78,77,39,63,67,67,67,51,51,37,41,41,65,50,82,82,82,20,0,0],"gold":48,"neow_bonus":"THREE_CARDS","is_daily":false,"chose_seed":false,"campfire_upgraded":5,"win_rate":0.0,"timestamp":1608576702,"path_taken":["M","M","M","M","M","E","M","R","T","E","M","M","M","?","R","BOSS","M","$","?","M","M","E","R","?","T","R","?","?","E","$","R","BOSS","M","?","?","M","M","R","M","R","T","M","R","M","E","M","R","BOSS","R","$","E","BOSS"],"items_purchased_type":["Relic","Card","Card","Card","Card","Card","Card","Card","Relic","Potion","Card","Relic"],"build_version":"2020-12-13","purchased_purges":3,"victory":false,"max_hp_per_floor":[72,72,72,72,72,72,72,72,72,72,72,72,72,72,72,72,72,72,72,77,77,77,77,77,77,77,77,77,77,82,82,82,82,82,82,82,82,82,82,82,82,82,82,82,82,82,82,82,82,82,82,82,82,82,82,82],"card_choices":[{"not_picked":["Worship","EmptyMind"],"picked":"SignatureMove","floor":0.0},{"not_picked":["CrushJoints","ForeignInfluence"],"picked":"WaveOfTheHand","floor":1.0},{"not_picked":["BowlingBash","WreathOfFlame"],"picked":"CutThroughFate","floor":2.0},{"not_picked":["FlyingSleeves","CrushJoints"],"picked":"Prostrate","floor":3.0},{"not_picked":["EmptyFist","CarveReality"],"picked":"Protect","floor":4.0},{"not_picked":["FlurryOfBlows","SashWhip"],"picked":"DeceiveReality","floor":5.0},{"not_picked":["SashWhip","FlurryOfBlows"],"picked":"Collect","floor":6.0},{"not_picked":["Scrawl","EmptyBody"],"picked":"EmptyFist","floor":7.0},{"not_picked":["CutThroughFate","Protect"],"picked":"Crescendo","floor":10.0},{"not_picked":["EmptyFist","Wallop"],"picked":"Prostrate","floor":11.0},{"not_picked":["Crescendo","Protect"],"picked":"InnerPeace","floor":12.0},{"not_picked":["PathToVictory","Vengeance"],"picked":"MentalFortress+1","floor":13.0},{"not_picked":["DeusExMachina","Brilliance"],"picked":"Devotion+1","floor":16.0},{"not_picked":["Crescendo","Wireheading+1"],"picked":"EmptyBody","floor":18.0},{"not_picked":["Fasting2+1","CutThroughFate"],"picked":"JustLucky+1","floor":21.0},{"not_picked":["Sanctity","FlurryOfBlows+1"],"picked":"Adaptation+1","floor":22.0},{"not_picked":["Meditate","EmptyFist","InnerPeace"],"picked":"SKIP","floor":23.0},{"not_picked":["Crescendo+1","EmptyBody"],"picked":"WreathOfFlame+1","floor":28.0},{"not_picked":["ReachHeaven","JustLucky+1","Prostrate"],"picked":"SKIP","floor":30.0},{"not_picked":["Judgement","ConjureBlade","DeusExMachina"],"picked":"Vault","floor":33.0},{"not_picked":["ReachHeaven+1","Protect+1","Weave+1"],"picked":"Nirvana+1","floor":35.0},{"not_picked":["Impatience","Swift Strike","Forethought"],"picked":"Bandage Up","floor":36.0},{"not_picked":["Blind","Swift Strike","Violence"],"picked":"Dark Shackles","floor":36.0},{"not_picked":["Prostrate","Swivel","CutThroughFate"],"picked":"Weave+1","floor":38.0},{"not_picked":["BowlingBash+1","Wireheading+1","CrushJoints+1"],"picked":"Sanctity+1","floor":39.0},{"not_picked":["WreathOfFlame+1","Indignation","PathToVictory"],"picked":"ThirdEye","floor":41.0},{"not_picked":["CarveReality","ThirdEye","FollowUp+1"],"picked":"EmptyFist+1","floor":44.0},{"not_picked":["Consecrate","CutThroughFate+1","Study+1"],"picked":"Brilliance","floor":46.0},{"not_picked":["InnerPeace+1","Meditate+1","Halt+1"],"picked":"Wallop","floor":47},{"not_picked":["Wireheading+1","Weave","CrushJoints+1"],"picked":"Protect+1","floor":48},{"not_picked":["WindmillStrike+1","Nirvana+1","Devotion+1"],"picked":"Meditate","floor":54}],"player_experience":2542122,"relics_obtained":[{"floor":6.0,"key":"HornCleat"},{"floor":9.0,"key":"Frozen Egg 2"},{"floor":10.0,"key":"Bronze Scales"},{"floor":23.0,"key":"Incense Burner"},{"floor":29.0,"key":"InkBottle"},{"floor":30.0,"key":"Question Card"},{"floor":43.0,"key":"Orichalcum"},{"floor":47,"key":"Letter Opener"},{"floor":54,"key":"CloakClasp"}],"event_choices":[{"damage_healed":0.0,"max_hp_gain":5.0,"max_hp_loss":0.0,"gold_gain":0.0,"event_name":"Forgotten Altar","player_choice":"Shed Blood","floor":20.0,"gold_loss":0.0,"damage_taken":18.0},{"damage_healed":0.0,"max_hp_gain":0.0,"max_hp_loss":0.0,"gold_gain":200.0,"event_name":"Wheel of Change","player_choice":"Gold","floor":25.0,"gold_loss":0.0,"damage_taken":0.0},{"damage_healed":0.0,"max_hp_gain":0.0,"max_hp_loss":0.0,"gold_gain":0.0,"event_name":"SensoryStone","player_choice":"Memory 2","floor":36.0,"gold_loss":0.0,"damage_taken":5.0},{"damage_healed":0.0,"max_hp_gain":0.0,"max_hp_loss":0.0,"gold_gain":0.0,"event_name":"Accursed Blacksmith","player_choice":"Forge","floor":37.0,"gold_loss":0.0,"damage_taken":0.0,"cards_upgraded":["Vault"]}],"is_beta":false,"boss_relics":[{"not_picked":["Sozu","Astrolabe"],"picked":"Cursed Key"},{"not_picked":["Velvet Choker","Runic Dome"],"picked":"Empty Cage"}],"items_purged_floors":[14,31,53],"is_endless":false,"potions_floor_spawned":[2,3,5,6,12,13,18,28,30,35,38,46],"killed_by":"The Heart","ascension_level":0}}