{"host":"r53pw7z744tg3fxg","time":1608567958,"event":{"mods":["AchievementEnabler","BaseMod","Colored Map","Colored Powertips","Highlight Path","Minty Spire (QoL Compilation)","Quick Restart","Transform Curses"],"gold_per_floor":[119,119,8,21,36,36,67,142,142,142,159,189,189,220,220,316,316,331,431,50,69,88,88,88,88],"floor_reached":24,"playtime":1357,"items_purged":[],"score":390,"play_id":"86bd96cf-95c4-4d29-8a85-97d931c689ba","local_time":"20201221092558","is_ascension_mode":true,"campfire_choices":[{"floor":6.0,"key":"REST"},{"floor":13.0,"key":"REST"},{"floor":15.0,"key":"REST"},{"floor":23,"key":"REST"}],"circlet_count":0,"master_deck":["Strike_P","Strike_P","Strike_P","Strike_P","Defend_P+1","Defend_P","Defend_P","Defend_P","Eruption+1","Vigilance","Prostrate","ForeignInfluence","FearNoEvil","ThirdEye","Consecrate","Sanctity","Evaluate+1","LessonLearned","CarveReality","SpiritShield","SandsOfTime+1","EmptyBody","JustLucky","PathToVictory","BowlingBash"],"relics":["PureWater","Eternal Feather","Juzu Bracelet","Strawberry","Orichalcum","Boot","Black Star","HandDrill","Centennial Puzzle"],"acts_visited":["Exordium","TheCity"],"potions_floor_usage":[24],"damage_taken":[{"damage":0.0,"enemies":"Jaw Worm","floor":1.0,"turns":2.0},{"damage":0.0,"enemies":"2 Louse","floor":4.0,"turns":2.0},{"damage":0.0,"enemies":"Small Slimes","floor":5.0,"turns":2.0},{"damage":36.0,"enemies":"Lagavulin","floor":7.0,"turns":3.0},{"damage":15.0,"enemies":"Exordium Thugs","floor":11.0,"turns":5.0},{"damage":0.0,"enemies":"3 Sentries","floor":12.0,"turns":4.0},{"damage":26.0,"enemies":"Gremlin Nob","floor":14.0,"turns":5.0},{"damage":0.0,"enemies":"Slime Boss","floor":16.0,"turns":4.0},{"damage":20.0,"enemies":"Shell Parasite","floor":18.0,"turns":7.0},{"damage":0.0,"enemies":"Chosen","floor":21.0,"turns":4.0},{"damage":57,"enemies":"Sentry and Sphere","floor":22,"turns":12},{"damage":49,"enemies":"Slavers","floor":24,"turns":4}],"seed_played":"8856107119082198071","potions_obtained":[{"floor":1.0,"key":"SteroidPotion"},{"floor":4.0,"key":"EntropicBrew"},{"floor":11.0,"key":"AttackPotion"},{"floor":16.0,"key":"LiquidMemories"},{"floor":21.0,"key":"SpeedPotion"}],"is_trial":false,"path_per_floor":["M","?","$","M","M","R","E","?","T","?","M","E","R","E","R","B",null,"M","?","$","M","M","R","E"],"character_chosen":"WATCHER","items_purchased":["ForeignInfluence","FearNoEvil","HandDrill","Centennial Puzzle","EmptyBody","JustLucky"],"campfire_rested":4,"item_purchase_floors":[3,3,20,20,20,20],"current_hp_per_floor":[72,39,39,39,39,71,35,24,31,31,16,16,50,24,58,58,79,59,59,59,59,2,42,0,0],"gold":88,"neow_bonus":"TEN_PERCENT_HP_BONUS","is_daily":false,"chose_seed":false,"campfire_upgraded":0,"win_rate":0.0,"timestamp":1608567958,"path_taken":["M","?","$","M","M","R","E","?","T","?","M","E","R","E","R","BOSS","M","?","$","M","M","R","E"],"items_purchased_type":["Card","Card","Relic","Relic","Card","Card"],"build_version":"2020-12-13","purchased_purges":0,"victory":false,"max_hp_per_floor":[79,79,79,79,79,79,79,79,86,86,86,86,86,86,86,86,86,86,86,86,86,86,86,86,86],"card_choices":[{"not_picked":["WaveOfTheHand","SignatureMove"],"picked":"Prostrate","floor":1.0},{"not_picked":["Nirvana","Evaluate"],"picked":"ThirdEye","floor":4.0},{"not_picked":["Prostrate","EmptyBody"],"picked":"Consecrate","floor":5.0},{"not_picked":["Perseverance","Conclude"],"picked":"Sanctity","floor":7.0},{"not_picked":["Pray","Protect"],"picked":"Evaluate","floor":11.0},{"not_picked":["LikeWater","Pray"],"picked":"LessonLearned","floor":12.0},{"not_picked":["Prostrate","Worship"],"picked":"CarveReality","floor":14.0},{"not_picked":["Vault","LessonLearned"],"picked":"SpiritShield","floor":16.0},{"not_picked":["Worship","Study"],"picked":"SandsOfTime+1","floor":18.0},{"not_picked":["BowlingBash","FlyingSleeves"],"picked":"PathToVictory","floor":21.0},{"not_picked":["CutThroughFate","MentalFortress"],"picked":"BowlingBash","floor":22}],"player_experience":1133124,"relics_obtained":[{"floor":7.0,"key":"Juzu Bracelet"},{"floor":9.0,"key":"Strawberry"},{"floor":12.0,"key":"Orichalcum"},{"floor":14.0,"key":"Boot"}],"event_choices":[{"damage_healed":0.0,"max_hp_gain":0.0,"max_hp_loss":0.0,"gold_gain":0.0,"event_name":"Scrap Ooze","player_choice":"Success","floor":2.0,"gold_loss":0.0,"damage_taken":33.0,"relics_obtained":["Eternal Feather"]},{"damage_healed":0.0,"max_hp_gain":0.0,"max_hp_loss":0.0,"gold_gain":75.0,"event_name":"World of Goop","player_choice":"Gather Gold","floor":8.0,"gold_loss":0.0,"damage_taken":11.0},{"damage_healed":0.0,"max_hp_gain":0.0,"max_hp_loss":0.0,"gold_gain":0.0,"event_name":"Living Wall","player_choice":"Grow","floor":10.0,"gold_loss":0.0,"damage_taken":0.0,"cards_upgraded":["Eruption"]},{"damage_healed":0.0,"max_hp_gain":0.0,"max_hp_loss":0.0,"gold_gain":100.0,"event_name":"Golden Shrine","player_choice":"Pray","floor":19.0,"gold_loss":0.0,"damage_taken":0.0}],"is_beta":false,"boss_relics":[{"not_picked":["HolyWater","Cursed Key"],"picked":"Black Star"}],"items_purged_floors":[],"is_endless":false,"potions_floor_spawned":[1,4,11,16,21],"killed_by":"Slavers","ascension_level":7}}