{"host":"n4oa921u88t6jog9","time":1608514548,"event":{"mods":["AchievementEnabler","BaseMod","DeckTracker","Keyboard Shortcuts","Minty Spire (QoL Compilation)","Quick Restart","StSLib","SuperFastMode"],"gold_per_floor":[20,40,58,58,58,90,90,106,133,133,161,161,194,210,210,309,309,326,337,337,387,400,400],"floor_reached":22,"playtime":739,"items_purged":[],"score":268,"play_id":"17a36ec2-a3ea-4368-848e-ff568e8a0652","local_time":"20201221103548","is_ascension_mode":true,"campfire_choices":[{"data":"Chaos","floor":7.0,"key":"SMITH"},{"data":"Zap","floor":10.0,"key":"SMITH"},{"data":"Defragment","floor":12.0,"key":"SMITH"},{"data":"Dualcast","floor":15.0,"key":"SMITH"}],"circlet_count":0,"master_deck":["Defend_B","Defend_B","Defend_B","Defend_B","Zap+1","Dualcast+1","Hologram","Chaos+1","Sweeping Beam","Cold Snap","Conserve Battery","Defragment+1","Sunder","Electrodynamics","Compile Driver","Coolheaded"],"relics":["Cracked Core","Lantern","PreservedInsect","Toy Ornithopter","Juzu Bracelet","Fusion Hammer","SsserpentHead"],"acts_visited":["Exordium","TheCity"],"potions_floor_usage":[],"damage_taken":[{"damage":0.0,"enemies":"Small Slimes","floor":1.0,"turns":3.0},{"damage":0.0,"enemies":"2 Louse","floor":2.0,"turns":2.0},{"damage":9.0,"enemies":"Jaw Worm","floor":3.0,"turns":2.0},{"damage":10.0,"enemies":"Gremlin Nob","floor":6.0,"turns":3.0},{"damage":2.0,"enemies":"Exordium Wildlife","floor":8.0,"turns":2.0},{"damage":1.0,"enemies":"3 Sentries","floor":11.0,"turns":4.0},{"damage":7.0,"enemies":"Gremlin Nob","floor":13.0,"turns":3.0},{"damage":9.0,"enemies":"Gremlin Gang","floor":14.0,"turns":3.0},{"damage":15,"enemies":"Slime Boss","floor":16,"turns":10},{"damage":0,"enemies":"Spheric Guardian","floor":18,"turns":3},{"damage":3,"enemies":"Chosen","floor":19,"turns":6},{"damage":17,"enemies":"Snake Plant","floor":22,"turns":3}],"seed_played":"-5251951491593151593","potions_obtained":[{"floor":2.0,"key":"Fire Potion"},{"floor":3.0,"key":"SteroidPotion"},{"floor":11.0,"key":"PowerPotion"},{"floor":13.0,"key":"SpeedPotion"},{"floor":16,"key":"ColorlessPotion"},{"floor":19,"key":"Swift Potion"}],"is_trial":false,"path_per_floor":["M","M","M","?","?","E","R","M","T","R","E","R","E","M","R","B",null,"M","M","?","?","M"],"character_chosen":"DEFECT","items_purchased":[],"campfire_rested":0,"item_purchase_floors":[],"current_hp_per_floor":[68,68,59,59,52,42,42,40,40,40,39,39,37,28,28,13,60,60,57,57,57,40,40],"gold":400,"neow_bonus":"REMOVE_TWO","is_daily":false,"chose_seed":false,"campfire_upgraded":4,"win_rate":0.0,"timestamp":1608514548,"path_taken":["M","M","M","?","?","E","R","?","T","R","E","R","E","M","R","BOSS","M","M","?","?","M"],"items_purchased_type":[],"build_version":"2020-12-13","purchased_purges":0,"victory":false,"max_hp_per_floor":[75,75,75,75,75,75,75,75,75,75,75,75,75,75,75,75,75,75,75,75,75,75,75],"card_choices":[{"not_picked":["Go for the Eyes","Heatsinks"],"picked":"Hologram","floor":1.0},{"not_picked":["Gash","Scrape"],"picked":"Chaos","floor":2.0},{"not_picked":["Gash","Storm"],"picked":"Sweeping Beam","floor":3.0},{"not_picked":["Stack","Rainbow"],"picked":"Cold Snap","floor":6.0},{"not_picked":["Fusion","Rebound"],"picked":"Conserve Battery","floor":8.0},{"not_picked":["Compile Driver","Beam Cell"],"picked":"Defragment","floor":11.0},{"not_picked":["Compile Driver","Streamline"],"picked":"Sunder","floor":13.0},{"not_picked":["Storm","Barrage","Sweeping Beam"],"picked":"SKIP","floor":14.0},{"not_picked":["Biased Cognition","Fission"],"picked":"Electrodynamics","floor":16},{"not_picked":["Redo","Tempest","Steam"],"picked":"SKIP","floor":18},{"not_picked":["Barrage","Stack"],"picked":"Compile Driver","floor":19},{"not_picked":["Sweeping Beam+1","Steam+1"],"picked":"Coolheaded","floor":22}],"player_experience":361223,"relics_obtained":[{"floor":6.0,"key":"Lantern"},{"floor":9.0,"key":"PreservedInsect"},{"floor":11.0,"key":"Toy Ornithopter"},{"floor":13.0,"key":"Juzu Bracelet"}],"event_choices":[{"damage_healed":0.0,"max_hp_gain":0.0,"max_hp_loss":0.0,"gold_gain":0.0,"event_name":"Liars Game","player_choice":"Ignored","floor":4.0,"gold_loss":0.0,"damage_taken":0.0},{"cards_removed":["Strike_B"],"damage_healed":0.0,"max_hp_gain":0.0,"max_hp_loss":0.0,"gold_gain":0.0,"event_name":"Golden Wing","player_choice":"Card Removal","floor":5.0,"gold_loss":0.0,"damage_taken":7.0},{"damage_healed":0,"gold_gain":0,"player_choice":"Trade","damage_taken":0,"relics_obtained":["SsserpentHead"],"max_hp_gain":0,"max_hp_loss":0,"event_name":"FaceTrader","floor":20,"gold_loss":0},{"cards_removed":["Strike_B"],"damage_healed":0,"gold_gain":0,"player_choice":"Card Removal","damage_taken":0,"max_hp_gain":0,"max_hp_loss":0,"event_name":"Wheel of Change","floor":21,"gold_loss":0}],"is_beta":false,"boss_relics":[{"not_picked":["Philosopher\u0027s Stone","Runic Pyramid"],"picked":"Fusion Hammer"}],"items_purged_floors":[],"is_endless":false,"potions_floor_spawned":[2,3,11,13,16,19],"killed_by":"Snake Plant","ascension_level":6}}