{"host":"fm9e0lfunjlbhzxv","time":1608537701,"event":{"mods":["2.2 Compatiblity","Astrologer","BaseMod","Colored Map","Colored Powertips","Energized Spire","Gremlin Mod","Key Reminder","Minty Spire (QoL Compilation)","Permanent Neow","Rare Cards Sparkle","Relic Stats","StSLib","The Administrix","The Disciple","The Mystic","TheBandit","slay the spire mod where everything is the same but ironclad has a cowboy hat"],"gold_per_floor":[110,122,122,140,140,174,174,208,235,42,53,68,143,158,158,260,260,280,294,309,69,79,106,106,21,21,21,349,349,349,274,274,370,370,385,385,395,395,406,406,441,441,441,461,184,184,201,219,219,219,219],"floor_reached":50,"playtime":4261,"items_purged":["astrologer:Defend","astrologer:Still","Pain"],"score":572,"play_id":"47e8a8f7-8e89-470c-9b73-b48721aacb5a","local_time":"20201221000141","is_ascension_mode":false,"campfire_choices":[{"data":"astrologer:CosmicExpanse","floor":7,"key":"SMITH"},{"data":"astrologer:Glimpse","floor":15,"key":"SMITH"},{"data":"astrologer:Trine","floor":24,"key":"SMITH"},{"data":"astrologer:Strength","floor":27,"key":"SMITH"},{"data":"astrologer:TheLovers","floor":30,"key":"SMITH"},{"data":"astrologer:TheLovers","floor":32,"key":"SMITH"},{"data":"astrologer:Confirmation","floor":40,"key":"SMITH"},{"data":"astrologer:Novile","floor":42,"key":"SMITH"},{"floor":49,"key":"RECALL"}],"circlet_count":0,"master_deck":["astrologer:NorthStar","astrologer:TheFool","astrologer:Conjunction","astrologer:Glimpse+1","astrologer:CosmicExpanse+1","astrologer:Strength+1","astrologer:StarOfMisfortune+1","astrologer:Novile+1","astrologer:Confirmation+1","astrologer:LonelyStar","astrologer:Divination","astrologer:StarOfRegret","astrologer:TheLovers+1","astrologer:Novile","astrologer:LonelyStar","astrologer:NeutronStar","astrologer:Trine+1","astrologer:TheHierophant+1","astrologer:Stardust+1","astrologer:TheLovers+1","RitualDagger","astrologer:TheMagician","astrologer:Shine+1","astrologer:Judgement+1","astrologer:Stardust+1","astrologer:Trine+1","astrologer:Prismatic+1"],"relics":["Sozu","Art of War","Nunchaku","HornCleat","War Paint","Pandora\u0027s Box","Eternal Feather","CaptainsWheel","Old Coin","Cursed Key","Lantern","Torii","DollysMirror"],"acts_visited":["Exordium","TheCity","TheBeyond"],"potions_floor_usage":[],"damage_taken":[{"damage":0,"enemies":"2 Louse","floor":1,"turns":2},{"damage":0,"enemies":"Cultist","floor":2,"turns":4},{"damage":0,"enemies":"Small Slimes","floor":4,"turns":4},{"damage":2,"enemies":"Lagavulin","floor":6,"turns":9},{"damage":14,"enemies":"3 Sentries","floor":8,"turns":14},{"damage":0,"enemies":"Looter","floor":11,"turns":4},{"damage":1,"enemies":"2 Fungi Beasts","floor":12,"turns":4},{"damage":0,"enemies":"3 Louse","floor":14,"turns":3},{"damage":24,"enemies":"Hexaghost","floor":16,"turns":13},{"damage":0,"enemies":"3 Byrds","floor":18,"turns":5},{"damage":2,"enemies":"Shell Parasite","floor":19,"turns":6},{"damage":0,"enemies":"Snake Plant","floor":20,"turns":4},{"damage":0,"enemies":"Sentry and Sphere","floor":22,"turns":4},{"damage":21,"enemies":"Gremlin Leader","floor":23,"turns":5},{"damage":9,"enemies":"Slavers","floor":28,"turns":5},{"damage":17,"enemies":"Collector","floor":33,"turns":5},{"damage":0,"enemies":"3 Shapes","floor":35,"turns":6},{"damage":16,"enemies":"3 Darklings","floor":37,"turns":5},{"damage":0,"enemies":"Spire Growth","floor":39,"turns":5},{"damage":55,"enemies":"Nemesis","floor":41,"turns":9},{"damage":17,"enemies":"Jaw Worm Horde","floor":44,"turns":4},{"damage":0,"enemies":"4 Shapes","floor":47,"turns":4},{"damage":0,"enemies":"Maw","floor":48,"turns":7},{"damage":21,"enemies":"Donu and Deca","floor":50,"turns":7}],"seed_played":"-7116752956560107881","potions_obtained":[],"is_trial":false,"path_per_floor":["M","M","?","M","?","E","R","E","T","$","M","M","?","M","R","B",null,"M","M","M","$","M","E","R","?","T","R","E","?","R","?","R","B",null,"M","?","M","?","M","R","E","R","T","M","$","?","M","M","R","B"],"character_chosen":"ASTROLOGER","items_purchased":["astrologer:Novile","astrologer:Confirmation","astrologer:Trine","DollysMirror"],"campfire_rested":0,"item_purchase_floors":[10,10,21,45],"current_hp_per_floor":[70,70,70,70,58,56,56,42,42,42,42,41,30,30,30,6,70,70,68,68,68,68,47,59,59,59,70,61,55,67,67,70,53,70,70,66,50,50,50,62,7,19,19,2,2,2,2,2,17,0,0],"gold":219,"neow_bonus":"BOSS_RELIC","is_daily":false,"chose_seed":false,"campfire_upgraded":8,"win_rate":0.0,"timestamp":1608537701,"path_taken":["M","M","?","?","?","E","R","E","T","$","M","M","?","M","R","BOSS","M","M","M","$","M","E","R","?","T","R","E","?","R","?","R","BOSS","M","?","M","?","M","R","E","R","T","M","$","?","M","M","R","BOSS"],"items_purchased_type":["Card","Card","Card","Relic"],"build_version":"2020-12-13","purchased_purges":3,"victory":false,"max_hp_per_floor":[70,70,70,70,70,70,70,70,70,70,70,70,70,70,70,70,70,70,70,70,70,70,70,70,70,70,70,70,70,70,70,70,70,70,70,66,66,66,66,66,66,66,66,66,66,66,66,66,66,66,66],"relic_stats":{"Sozu":9,"Nunchaku":[11],"Torii":14,"counters":[24,137],"Pandora\u0027s Box":["astrologer:Divination","astrologer:StarOfRegret","astrologer:TheLovers","astrologer:Novile","astrologer:LonelyStar","astrologer:Still"],"Eternal Feather":77,"Art of War":[37],"War Paint":["astrologer:Defend","astrologer:StarOfMisfortune"],"Cursed Key":1,"obtain_stats":[{"Lantern":41,"Torii":43,"Eternal Feather":23,"War Paint":9,"Cursed Key":34,"Old Coin":28,"Sozu":0,"keyreminder:keyreminder":23,"Nunchaku":6,"CaptainsWheel":25,"HornCleat":8,"DollysMirror":45,"Pandora\u0027s Box":17,"astrologer:SkyMirror":0,"Art of War":5},{"Lantern":20,"Torii":20,"Eternal Feather":14,"War Paint":5,"Cursed Key":16,"Old Coin":15,"Sozu":0,"keyreminder:keyreminder":14,"Nunchaku":4,"CaptainsWheel":14,"HornCleat":5,"DollysMirror":21,"Pandora\u0027s Box":9,"astrologer:SkyMirror":0,"Art of War":3},{"Lantern":115,"Torii":115,"Eternal Feather":81,"War Paint":33,"Cursed Key":91,"Old Coin":86,"Sozu":0,"keyreminder:keyreminder":81,"Nunchaku":19,"CaptainsWheel":81,"HornCleat":33,"DollysMirror":119,"Pandora\u0027s Box":57,"astrologer:SkyMirror":0,"Art of War":10}]},"card_choices":[{"not_picked":["astrologer:Still","astrologer:Opposition"],"picked":"astrologer:Conjunction","floor":1},{"not_picked":["astrologer:Opposition","astrologer:MeteorShower"],"picked":"astrologer:Glimpse","floor":2},{"not_picked":["astrologer:Stardust","astrologer:TheMoon"],"picked":"astrologer:FrozenStar","floor":4},{"not_picked":["astrologer:Sunrise","astrologer:MeteorShower"],"picked":"astrologer:Strength","floor":6},{"not_picked":["astrologer:Still","astrologer:Prismatic"],"picked":"astrologer:StarOfMisfortune","floor":8},{"not_picked":["astrologer:ReadTheStars","astrologer:Stardust"],"picked":"astrologer:LonelyStar","floor":11},{"not_picked":["astrologer:TheDevil","astrologer:SolarFlare","astrologer:Radiance"],"picked":"SKIP","floor":12},{"not_picked":["astrologer:HeatDeath","astrologer:Conjunction","astrologer:Opposition"],"picked":"SKIP","floor":14},{"not_picked":["astrologer:ReadTheStars+1","astrologer:Stardust+1","astrologer:Opposition"],"picked":"SKIP","floor":18},{"not_picked":["astrologer:Cataclysm","astrologer:ReadTheStars","astrologer:MeteorShower"],"picked":"SKIP","floor":19},{"not_picked":["astrologer:Sunrise","astrologer:StarOfChange"],"picked":"astrologer:NeutronStar","floor":20},{"not_picked":["astrologer:TheTower+1","astrologer:SpaceDust+1"],"picked":"astrologer:TheHierophant+1","floor":22},{"not_picked":["astrologer:SolarFlare","astrologer:TheWorld"],"picked":"astrologer:Stardust+1","floor":23},{"not_picked":["astrologer:Radiance","astrologer:Moonlight"],"picked":"astrologer:TheLovers","floor":28},{"not_picked":["astrologer:HeatDeath","astrologer:WheelofFortune"],"picked":"astrologer:TheMagician","floor":33},{"not_picked":["astrologer:Radiance+1","astrologer:Justice"],"picked":"astrologer:Shine+1","floor":35},{"not_picked":["astrologer:CometStrike","astrologer:NeutronStar+1"],"picked":"astrologer:TheEmperor+1","floor":37},{"not_picked":["astrologer:Stardust+1","astrologer:CometStrike+1"],"picked":"astrologer:Judgement+1","floor":39},{"not_picked":["astrologer:TheHermit","astrologer:ReadTheStars+1","astrologer:LonelyStar+1"],"picked":"SKIP","floor":41},{"not_picked":["astrologer:Eclipse","astrologer:CometStrike"],"picked":"astrologer:Stardust+1","floor":44},{"not_picked":["astrologer:SolarFlare","astrologer:Eclipse+1","astrologer:Still"],"picked":"SKIP","floor":47},{"not_picked":["astrologer:Glimpse","astrologer:TheHangedMan"],"picked":"astrologer:Prismatic+1","floor":48}],"player_experience":538045,"relics_obtained":[{"floor":6,"key":"Nunchaku"},{"floor":8,"key":"HornCleat"},{"floor":9,"key":"War Paint"},{"floor":23,"key":"Eternal Feather"},{"floor":28,"key":"Old Coin"},{"floor":41,"key":"Lantern"},{"floor":43,"key":"Torii"}],"event_choices":[{"damage_healed":0,"gold_gain":0,"cards_transformed":["astrologer:Strike"],"player_choice":"Transformed","damage_taken":0,"max_hp_gain":0,"max_hp_loss":0,"event_name":"Transmorgrifier","floor":3,"gold_loss":0,"cards_obtained":["astrologer:CosmicExpanse"]},{"damage_healed":0,"gold_gain":0,"player_choice":"Success","damage_taken":12,"relics_obtained":["Art of War"],"max_hp_gain":0,"max_hp_loss":0,"event_name":"Scrap Ooze","floor":5,"gold_loss":0},{"damage_healed":0,"gold_gain":75,"player_choice":"Gather Gold","damage_taken":11,"max_hp_gain":0,"max_hp_loss":0,"event_name":"World of Goop","floor":13,"gold_loss":0},{"damage_healed":0,"gold_gain":0,"player_choice":"Obtained Relic","damage_taken":0,"relics_obtained":["CaptainsWheel"],"max_hp_gain":0,"max_hp_loss":0,"event_name":"Addict","floor":25,"gold_loss":85},{"damage_healed":0,"gold_gain":0,"player_choice":"Joined the Cult","damage_taken":6,"max_hp_gain":0,"max_hp_loss":0,"event_name":"Nest","floor":29,"gold_loss":0,"cards_obtained":["RitualDagger"]},{"cards_removed":["astrologer:FrozenStar"],"damage_healed":0,"gold_gain":0,"player_choice":"Gave Gold","damage_taken":0,"max_hp_gain":0,"max_hp_loss":0,"event_name":"Beggar","floor":31,"gold_loss":75},{"damage_healed":0,"gold_gain":0,"player_choice":"Max HP","damage_taken":0,"max_hp_gain":0,"max_hp_loss":4,"event_name":"Winding Halls","floor":36,"gold_loss":0},{"cards_removed":["astrologer:TheEmperor"],"damage_healed":0,"gold_gain":0,"player_choice":"Removed Skill","damage_taken":0,"max_hp_gain":0,"max_hp_loss":0,"event_name":"Falling","floor":38,"gold_loss":0},{"damage_healed":0,"gold_gain":0,"player_choice":"Ignored","damage_taken":0,"max_hp_gain":0,"max_hp_loss":0,"event_name":"Mysterious Sphere","floor":46,"gold_loss":0}],"is_beta":false,"boss_relics":[{"not_picked":["Ectoplasm","Tiny House"],"picked":"Pandora\u0027s Box"},{"not_picked":["energizedSpire:HugeHouse","Runic Dome"],"picked":"Cursed Key"}],"items_purged_floors":[10,21,45],"is_endless":false,"potions_floor_spawned":[6,8,12,18,22,37,39,44,47],"killed_by":"Donu and Deca","ascension_level":0}}