{"host":"0i8dz4ityulxi1rd","time":1608554851,"event":{"mods":["BaseMod","Colored Map","Colored Powertips","Custom Start","Highlight Path","Hubris","Keyboard Shortcuts","Minty Spire (QoL Compilation)","StSLib","SuperFastMode","The Runesmith"],"gold_per_floor":[117,134,145,145,65,65,106,106,106,131,162,162,32,56,56,145,145,160,36,36,36,62,74,130,142,154,178,178],"floor_reached":27,"playtime":673,"items_purged":["Pain"],"score":478,"play_id":"939a3c71-a7b4-48c2-8d62-8bfd5e59e176","local_time":"20201221214731","is_ascension_mode":true,"campfire_choices":[{"data":"Shockwave","floor":6,"key":"SMITH"},{"data":"Heavy Blade","floor":8,"key":"SMITH"},{"data":"Inflame","floor":15,"key":"SMITH"},{"data":"Battle Trance","floor":23,"key":"SMITH"}],"circlet_count":0,"master_deck":["AscendersBane","Strike_R","Strike_R","Strike_R","Strike_R","Strike_R","Defend_R","Defend_R","Defend_R","Defend_R","Bash","Sword Boomerang","Heavy Blade+1","Shockwave+1","Inflame+1","Shrug It Off","Shrug It Off","Impervious","Pommel Strike+1","Battle Trance+1","Power Through","Shame","Spot Weakness"],"relics":["Burning Blood","Vajra","Golden Idol","Eternal Feather","hubris:TenFootPole","WarpedTongs","hubris:HollowSoul","PreservedInsect","MawBank","Question Card","Sundial","Boot"],"acts_visited":["Exordium","TheCity"],"potions_floor_usage":[3,7,27],"damage_taken":[{"damage":16,"enemies":"2 Louse","floor":1,"turns":4},{"damage":14,"enemies":"Jaw Worm","floor":2,"turns":4},{"damage":0,"enemies":"Cultist","floor":3,"turns":2},{"damage":25,"enemies":"3 Sentries","floor":7,"turns":5},{"damage":8,"enemies":"Large Slime","floor":10,"turns":5},{"damage":25,"enemies":"Lagavulin","floor":11,"turns":6},{"damage":6,"enemies":"Blue Slaver","floor":14,"turns":4},{"damage":16,"enemies":"Hexaghost","floor":16,"turns":9},{"damage":8,"enemies":"Shell Parasite","floor":18,"turns":5},{"damage":16,"enemies":"2 Thieves","floor":22,"turns":5},{"damage":33,"enemies":"Slavers","floor":24,"turns":4},{"damage":18,"enemies":"Book of Stabbing","floor":27,"turns":2}],"seed_played":"-2134260220163808669","potions_obtained":[{"floor":1,"key":"Explosive Potion"},{"floor":3,"key":"PowerPotion"},{"floor":14,"key":"Regen Potion"}],"is_trial":false,"path_per_floor":["M","M","M","?","$","R","E","R","T","M","E","?","$","M","R","B",null,"M","$","T","?","M","R","E","T","T","E"],"character_chosen":"IRONCLAD","items_purchased":["Inflame","Shrug It Off","Battle Trance","Power Through"],"campfire_rested":0,"item_purchase_floors":[5,13,19,19],"current_hp_per_floor":[58,50,56,56,56,56,37,46,46,44,25,25,25,25,34,24,57,55,55,55,55,45,57,30,30,30,0,0],"gold":178,"neow_bonus":"RANDOM_COMMON_RELIC","is_daily":false,"chose_seed":false,"campfire_upgraded":4,"win_rate":0.0,"timestamp":1608554851,"path_taken":["M","M","M","?","$","R","E","R","T","M","E","?","$","M","R","BOSS","M","$","?","?","M","R","E","?","T","E"],"items_purchased_type":["Card","Card","Card","Card"],"build_version":"2020-12-13","purchased_purges":1,"victory":false,"max_hp_per_floor":[75,75,75,68,68,68,68,68,68,68,68,68,68,68,68,68,68,68,68,68,68,68,68,68,68,68,68,68],"card_choices":[{"not_picked":["Feel No Pain","Headbutt"],"picked":"Sword Boomerang","floor":1},{"not_picked":["hubris:ReadiedAction","Body Slam"],"picked":"Heavy Blade","floor":2},{"not_picked":["hubris:ReadiedAction","Evolve"],"picked":"Shockwave","floor":3},{"not_picked":["Juggernaut","Sentinel","Thunderclap"],"picked":"SKIP","floor":7},{"not_picked":["Headbutt","Clash","Feel No Pain"],"picked":"SKIP","floor":10},{"not_picked":["Reckless Charge","Armaments","Pommel Strike"],"picked":"SKIP","floor":11},{"not_picked":["Body Slam","hubris:SharpeningStone"],"picked":"Shrug It Off","floor":14},{"not_picked":["hubris:StunningStrike","Juggernaut"],"picked":"Impervious","floor":16},{"not_picked":["Twin Strike","Clothesline"],"picked":"Pommel Strike+1","floor":18},{"not_picked":["Armaments","Sword Boomerang"],"picked":"Spot Weakness","floor":22},{"not_picked":["Barricade","Dropkick","Shrug It Off"],"picked":"SKIP","floor":24}],"player_experience":1264205,"relics_obtained":[{"floor":7,"key":"Eternal Feather"},{"floor":11,"key":"hubris:TenFootPole"},{"floor":20,"key":"PreservedInsect"},{"floor":24,"key":"Question Card"},{"floor":25,"key":"Sundial"},{"floor":26,"key":"Boot"}],"event_choices":[{"damage_healed":0,"gold_gain":0,"player_choice":"Lose Max HP","damage_taken":0,"relics_obtained":["Golden Idol"],"max_hp_gain":0,"max_hp_loss":7,"event_name":"Golden Idol","floor":4,"gold_loss":0},{"damage_healed":0,"gold_gain":0,"player_choice":"Rummage","damage_taken":0,"relics_obtained":["WarpedTongs"],"max_hp_gain":0,"max_hp_loss":0,"event_name":"Accursed Blacksmith","floor":12,"gold_loss":0,"cards_obtained":["Pain"]},{"damage_healed":0,"gold_gain":0,"player_choice":"Stole Relic","damage_taken":0,"relics_obtained":["MawBank"],"max_hp_gain":0,"max_hp_loss":0,"event_name":"Addict","floor":21,"gold_loss":0,"cards_obtained":["Shame"]}],"is_beta":false,"boss_relics":[{"not_picked":["Cursed Key","Runic Pyramid"],"picked":"hubris:HollowSoul"}],"items_purged_floors":[13],"is_endless":false,"potions_floor_spawned":[1,3,14],"killed_by":"Book of Stabbing","ascension_level":20}}