{"host":"fuszjwm6fqgjjp4d","time":1608591870,"event":{"mods":["BaseMod","Bestiary","Colored Map","DeckTracker","Minty Spire (QoL Compilation)","Permanent Neow","Relic Sorter","Relic Stats","StSLib"],"gold_per_floor":[114,139,64,75,87,87,107,138,138,155,155,170,197,3,3,80,80,97,110,110,84,103,103,131,146,171,206,206,216,250,262,262,262,262],"floor_reached":33,"playtime":1055,"items_purged":["Strike_G"],"score":713,"play_id":"e493a556-db32-4f11-867f-848db389a384","local_time":"20201221170430","is_ascension_mode":true,"campfire_choices":[{"data":"Backflip","floor":6,"key":"SMITH"},{"data":"Glass Knife","floor":11,"key":"SMITH"},{"floor":15,"key":"REST"},{"data":"Glass Knife","floor":23,"key":"SMITH"},{"data":"Cloak And Dagger","floor":28,"key":"SMITH"},{"data":"Neutralize","floor":32,"key":"SMITH"}],"circlet_count":0,"master_deck":["AscendersBane","Strike_G","Strike_G","Strike_G","Defend_G","Defend_G","Defend_G","Defend_G","Survivor","Neutralize+1","Backflip+1","Dagger Spray","Riddle With Holes","PiercingWail","Glass Knife+1","Riddle With Holes","Caltrops","Glass Knife+1","Blade Dance","Blade Dance","Cloak And Dagger+1","Blade Dance","Riddle With Holes","Cloak And Dagger"],"relics":["Ring of the Snake","Nunchaku","Boot","Orichalcum","Pear","Lantern","Coffee Dripper","Eternal Feather","Strawberry","Mummified Hand","Molten Egg 2"],"acts_visited":["Exordium","TheCity"],"potions_floor_usage":[7,10,16,16,19,24,30,31,33],"damage_taken":[{"damage":5,"enemies":"Cultist","floor":1,"turns":5},{"damage":0,"enemies":"2 Louse","floor":4,"turns":3},{"damage":0,"enemies":"Jaw Worm","floor":5,"turns":4},{"damage":1,"enemies":"Looter","floor":7,"turns":3},{"damage":30,"enemies":"Gremlin Nob","floor":8,"turns":4},{"damage":10,"enemies":"Exordium Thugs","floor":10,"turns":6},{"damage":0,"enemies":"3 Louse","floor":12,"turns":2},{"damage":8,"enemies":"3 Sentries","floor":13,"turns":7},{"damage":41,"enemies":"The Guardian","floor":16,"turns":10},{"damage":6,"enemies":"Shell Parasite","floor":18,"turns":3},{"damage":0,"enemies":"2 Thieves","floor":19,"turns":2},{"damage":12,"enemies":"Chosen and Byrds","floor":22,"turns":4},{"damage":10,"enemies":"Book of Stabbing","floor":24,"turns":4},{"damage":7,"enemies":"Centurion and Healer","floor":25,"turns":3},{"damage":0,"enemies":"Gremlin Leader","floor":27,"turns":4},{"damage":12,"enemies":"Shelled Parasite and Fungi","floor":29,"turns":3},{"damage":26,"enemies":"Book of Stabbing","floor":30,"turns":3},{"damage":2,"enemies":"Chosen and Byrds","floor":31,"turns":4},{"damage":19,"enemies":"Champ","floor":33,"turns":2}],"seed_played":"1332528436058466022","potions_obtained":[{"floor":4,"key":"SkillPotion"},{"floor":5,"key":"Dexterity Potion"},{"floor":10,"key":"Fruit Juice"},{"floor":13,"key":"Poison Potion"},{"floor":16,"key":"Energy Potion"},{"floor":18,"key":"DuplicationPotion"},{"floor":29,"key":"LiquidMemories"},{"floor":30,"key":"AttackPotion"},{"floor":31,"key":"LiquidMemories"}],"is_trial":false,"path_per_floor":["M","T","?","M","M","R","M","E","T","M","R","M","E","$","R","B",null,"M","M","?","$","M","R","E","M","T","E","R","M","E","M","R","B"],"character_chosen":"THE_SILENT","items_purchased":["Riddle With Holes","Caltrops","Blade Dance"],"campfire_rested":1,"item_purchase_floors":[14,14,21],"current_hp_per_floor":[54,54,54,54,54,54,53,23,33,23,23,23,15,15,37,1,61,55,55,55,55,43,43,33,26,33,33,45,33,7,5,17,0,0],"gold":262,"neow_bonus":"RANDOM_COMMON_RELIC","is_daily":false,"chose_seed":false,"campfire_upgraded":5,"win_rate":0.0,"timestamp":1608591870,"path_taken":["M","?","?","M","M","R","?","E","T","M","R","M","E","$","R","BOSS","M","M","?","?","M","R","E","?","T","E","R","M","E","M","R","BOSS"],"items_purchased_type":["Card","Card","Card"],"build_version":"2020-12-13","purchased_purges":1,"victory":false,"max_hp_per_floor":[66,66,66,66,66,66,66,66,76,76,76,76,76,76,76,81,81,81,81,81,81,81,81,81,81,88,88,88,88,88,88,88,88,88],"relic_stats":{"Nunchaku":[22],"counters":[19,76],"Mummified Hand":[1],"Eternal Feather":24,"Orichalcum":[96],"Boot":[413],"obtain_stats":[{"Nunchaku":0,"Lantern":13,"Pear":9,"Mummified Hand":27,"Strawberry":26,"Eternal Feather":24,"Molten Egg 2":30,"Coffee Dripper":17,"Orichalcum":8,"Boot":2,"Ring of the Snake":0},{"Nunchaku":0,"Lantern":8,"Pear":5,"Mummified Hand":15,"Strawberry":14,"Eternal Feather":13,"Molten Egg 2":17,"Coffee Dripper":9,"Orichalcum":5,"Boot":1,"Ring of the Snake":0},{"Nunchaku":0,"Lantern":34,"Pear":19,"Mummified Hand":64,"Strawberry":60,"Eternal Feather":57,"Molten Egg 2":70,"Coffee Dripper":44,"Orichalcum":19,"Boot":5,"Ring of the Snake":0}],"Ring of the Snake":[38]},"card_choices":[{"not_picked":["Dagger Spray","Accuracy"],"picked":"Backflip","floor":1},{"not_picked":["Bouncing Flask","Finisher"],"picked":"Dagger Spray","floor":4},{"not_picked":["Reflex","Dodge and Roll"],"picked":"Riddle With Holes","floor":5},{"not_picked":["Dodge and Roll","Dagger Throw","Eviscerate"],"picked":"SKIP","floor":7},{"not_picked":["Quick Slash","Masterful Stab"],"picked":"PiercingWail","floor":8},{"not_picked":["Sucker Punch","Bane"],"picked":"Glass Knife","floor":10},{"not_picked":["Prepared","Well Laid Plans","Backflip"],"picked":"SKIP","floor":12},{"not_picked":["Distraction","Reflex","Calculated Gamble"],"picked":"SKIP","floor":13},{"not_picked":["Storm of Steel","Night Terror"],"picked":"Glass Knife","floor":16},{"not_picked":["Terror+1","Deflect"],"picked":"Blade Dance","floor":18},{"not_picked":["All Out Attack","Backstab","Poisoned Stab+1"],"picked":"SKIP","floor":19},{"not_picked":["Backflip","Dodge and Roll"],"picked":"Cloak And Dagger","floor":22},{"not_picked":["Night Terror","Infinite Blades"],"picked":"Blade Dance","floor":24},{"not_picked":["Blade Dance","Setup"],"picked":"Riddle With Holes","floor":25},{"not_picked":["Sucker Punch","Dagger Spray+1","Blade Dance"],"picked":"SKIP","floor":27},{"not_picked":["Underhanded Strike","Deflect+1","Flying Knee"],"picked":"SKIP","floor":29},{"not_picked":["Blade Dance","Choke+1","Predator+1"],"picked":"SKIP","floor":30},{"not_picked":["Prepared+1","Masterful Stab+1"],"picked":"Cloak And Dagger","floor":31}],"player_experience":1193727,"relics_obtained":[{"floor":2,"key":"Boot"},{"floor":8,"key":"Orichalcum"},{"floor":9,"key":"Pear"},{"floor":13,"key":"Lantern"},{"floor":24,"key":"Eternal Feather"},{"floor":26,"key":"Strawberry"},{"floor":27,"key":"Mummified Hand"},{"floor":30,"key":"Molten Egg 2"}],"event_choices":[{"cards_removed":["Defend_G"],"damage_healed":0,"gold_gain":0,"player_choice":"Card Removal","damage_taken":0,"max_hp_gain":0,"max_hp_loss":0,"event_name":"The Cleric","floor":3,"gold_loss":75},{"cards_removed":["Strike_G"],"damage_healed":0,"gold_gain":0,"player_choice":"Purged","damage_taken":0,"max_hp_gain":0,"max_hp_loss":0,"event_name":"Purifier","floor":20,"gold_loss":0}],"is_beta":false,"boss_relics":[{"not_picked":["SlaversCollar","Velvet Choker"],"picked":"Coffee Dripper"}],"items_purged_floors":[14],"is_endless":false,"potions_floor_spawned":[4,5,10,13,16,18,29,30,31],"killed_by":"Champ","ascension_level":20}}