{"host":"ds28d883r3sz42zs","time":1608580349,"event":{"mods":["2.2 Compatiblity","AchievementEnabler","Act Like it!","Aspiration","BaseMod","Bestiary","Better Match","Better Sensory Stone","Better Silent Start","Better Third Choice","Better-Laid Plans","BetterRewards","Block Reminder","Challenge The Spire","Colored Map","Colored Powertips","Conspire","DeckTracker","Defuse TimeMaze Blight","Disable Question Mark Monsters","Displayed Cursed Tome","Emptier Cage","GifTheSpireLib","Gold Saver","Hallownest","Hubris","Infinite Spire","Minty Spire (QoL Compilation)","Permanent Neow","Practice Mode","Quick Restart","Random Character Button","Rare Cards Sparkle","Relic Filter","Relic Sorter","Relic Stats","Replay The Spire","SacredBarkPlus","StSLib","Stuff the Spire","SuperFastMode","The Bug Knight","The Jungle","Uncapped","Unknown Chances"],"gold_per_floor":[161,171,171,171,187,222,222,257,305,305,305,305,305],"floor_reached":12,"playtime":349,"items_purged":[],"score":151,"play_id":"0e2dd5fe-9cf2-4984-9cdd-edd748b80b75","local_time":"20201221145229","is_ascension_mode":true,"campfire_choices":[{"floor":7,"key":"REST"}],"circlet_count":0,"master_deck":["Strike_B","Strike_B+1","Strike_B","Strike_B+1","Defend_B","Defend_B","Defend_B","Defend_B","Zap","Dualcast","hubris:Despair","Parasite","Compile Driver","ReplayTheSpireMod:Calculation Training","hubris:Gluttony","Replay:Fractal Strike","Go for the Eyes","StuffTheSpire:Plugnplay","Leap","Injury"],"relics":["Cracked Core","Tiny House","Solar Panel","Golden Egg","aspiration:ChemicalBlood","Frozen Egg 2"],"acts_visited":["Exordium"],"potions_floor_usage":[6,12],"damage_taken":[{"damage":0,"enemies":"2 Louse","floor":1,"turns":1},{"damage":2,"enemies":"Jaw Worm","floor":2,"turns":3},{"damage":0,"enemies":"Small Slimes","floor":5,"turns":3},{"damage":45,"enemies":"3 Sentries","floor":6,"turns":8},{"damage":20,"enemies":"Gremlin Nob","floor":8,"turns":4},{"damage":14,"enemies":"3 Sentries","floor":12,"turns":4}],"seed_played":"-8809719122508492672","potions_obtained":[{"floor":0,"key":"Explosive Potion"},{"floor":2,"key":"Doom Potion"},{"floor":5,"key":"LifebloodPotion"},{"floor":6,"key":"LiquidMemories"}],"is_trial":false,"path_per_floor":["M","M","?","?","M","E","R","E","T","?","?","E"],"character_chosen":"DEFECT","items_purchased":[],"campfire_rested":1,"item_purchase_floors":[],"current_hp_per_floor":[69,67,67,48,48,3,25,11,11,11,11,0,0],"gold":305,"neow_bonus":"CURSED_BOSS_RELIC","is_daily":false,"chose_seed":false,"campfire_upgraded":0,"win_rate":0.0,"timestamp":1608580349,"path_taken":["M","M","?","?","M","E","R","E","T","?","?","E"],"items_purchased_type":[],"build_version":"2020-12-13","purchased_purges":0,"victory":false,"max_hp_per_floor":[76,76,76,76,76,76,76,76,76,76,76,76,76],"relic_stats":{"counters":[6,23],"obtain_stats":[{"Solar Panel":6,"Golden Egg":8,"Tiny House":0,"Frozen Egg 2":10,"Cracked Core":0,"aspiration:ChemicalBlood":9},{"Solar Panel":4,"Golden Egg":5,"Tiny House":0,"Frozen Egg 2":5,"Cracked Core":0,"aspiration:ChemicalBlood":5},{"Solar Panel":15,"Golden Egg":19,"Tiny House":0,"Frozen Egg 2":19,"Cracked Core":0,"aspiration:ChemicalBlood":19}]},"card_choices":[{"not_picked":["Turbo","StuffTheSpire:Plugnplay"],"picked":"Compile Driver","floor":0},{"not_picked":["Stack","BasicCrystalCard"],"picked":"ReplayTheSpireMod:Calculation Training","floor":1},{"not_picked":["Hello World","Gash","aspiration:Polymerization"],"picked":"SKIP","floor":2},{"not_picked":["ReplayTheSpireMod:Haul","infinitespire:FinalStrike"],"picked":"Replay:Fractal Strike","floor":4},{"not_picked":["Turbo","Hologram"],"picked":"Go for the Eyes","floor":5},{"not_picked":["StuffTheSpire:Plugnplay","hubris:Prefetch","Lockon"],"picked":"SKIP","floor":6},{"not_picked":["hubris:Prefetch","Lockon"],"picked":"StuffTheSpire:Plugnplay","floor":6},{"not_picked":["Heatsinks","Skim"],"picked":"Leap","floor":8}],"player_experience":740093,"relics_obtained":[{"floor":6,"key":"Solar Panel"},{"floor":8,"key":"Golden Egg"},{"floor":9,"key":"aspiration:ChemicalBlood"}],"event_choices":[],"is_beta":false,"boss_relics":[],"items_purged_floors":[],"is_endless":false,"potions_floor_spawned":[2,5,6],"killed_by":"3 Sentries","ascension_level":15}}