{"host":"3c27c697js19kaoo","time":1608529306,"event":{"mods":["Aspiration","BaseMod","CapriCore","Dota2Spire","Hermit","Minty Spire (QoL Compilation)","Quick Restart","Remilia£®¿Ÿ√◊¿Ú—«£©","Replay The Spire","Robot Space Explorer","Spicy Shops","StSLib","The Alterego","The Cursed","The Runesmith","The Servant 0.9.4","vexMod","°æ“≈ŒÔø®≈∆°øREMEMod"],"gold_per_floor":[119,138,138,138,41,41,75,75,102,135,135,135,153,153,165,305,317,347,359,390,111,125,125,168,267,267,281,297,212,212,65,65,193,193,206,206,219,282,306,344,344,362,362,395,420,2,2,2,2,2],"floor_reached":51,"playtime":2507,"items_purged":[],"score":894,"play_id":"5cd1194d-caa3-430e-b1a7-5f625c1275a8","local_time":"20201221134146","is_ascension_mode":true,"campfire_choices":[{"data":"TransientEternity","floor":6,"key":"SMITH"},{"data":"Enlightenment","floor":8,"key":"SMITH"},{"data":"alterego_mod:BigMeatyClaws","floor":8,"key":"SMITH"},{"data":"alterego_mod:Mirror","floor":15,"key":"SMITH"},{"data":"alterego_mod:Impale","floor":15,"key":"SMITH"},{"floor":23,"key":"REST"},{"floor":30,"key":"REST"},{"data":"alterego_mod:Exercise","floor":32,"key":"SMITH"},{"data":"alterego_mod:AlterEgo","floor":32,"key":"SMITH"},{"data":"alterego_mod:BrynhildrsRune","floor":41,"key":"SMITH"},{"data":"alterego_mod:Palingenesis","floor":41,"key":"SMITH"},{"data":"alterego_mod:Palingenesis+1","floor":47,"key":"SMITH"},{"data":"alterego_mod:Palingenesis+2","floor":47,"key":"SMITH"},{"floor":49,"key":"DIG"}],"circlet_count":0,"master_deck":["alterego_mod:Strike","alterego_mod:Strike","alterego_mod:Strike","alterego_mod:Strike","alterego_mod:Defend","alterego_mod:Defend","alterego_mod:Defend","alterego_mod:Impale+1","alterego_mod:BigMeatyClaws+1","alterego_mod:BrynhildrsRune+1","TransientEternity+1","alterego_mod:Cooking","Enlightenment+1","alterego_mod:Complex","alterego_mod:Mirror+1","alterego_mod:AlterEgo+1","alterego_mod:Exercise+1","alterego_mod:BiFurious+1","TransientEternity+1","alterego_mod:Palingenesis+3","alterego_mod:Birthday","alterego_mod:Undulate+1","alterego_mod:Rip","alterego_mod:Birthday"],"relics":["alterego_mod:MasochisticConstitution","REME_ComplimentaryCards","NeowsBlessing","Omamori","Replay:Arrowhead","Dota2Spire:UrnOfShadows","ReplayTheSpireMod:Lightbulb","Golden Idol","MawBank","Dota2Spire:RefresherOrb","Ice Cream","Mercury Hourglass","Snack Pack","Question Card","DollysMirror","Ring of Chaos","Dota2Spire:OctarineCore","FossilizedHelix","Eternal Feather","Orichalcum","Membership Card","Dota2Spire:Desolator","Dota2Spire:LotusOrb","Quantum Egg","Dota2Spire:LinkenSphere"],"acts_visited":["Exordium","TheCity","TheBeyond"],"potions_floor_usage":[10,27,33,39,50],"damage_taken":[{"damage":0,"enemies":"Small Slimes","floor":1,"turns":1},{"damage":0,"enemies":"Jaw Worm","floor":2,"turns":1},{"damage":0,"enemies":"Lagavulin","floor":7,"turns":1},{"damage":14,"enemies":"Gremlin Nob","floor":10,"turns":4},{"damage":0,"enemies":"Cultist","floor":13,"turns":3},{"damage":54,"enemies":"Hexaghost","floor":16,"turns":6},{"damage":10,"enemies":"Spheric Guardian","floor":18,"turns":3},{"damage":15,"enemies":"Shell Parasite","floor":20,"turns":4},{"damage":21,"enemies":"Shelled Parasite and Fungi","floor":22,"turns":4},{"damage":26,"enemies":"Book of Stabbing","floor":24,"turns":4},{"damage":33,"enemies":"Sentry and Sphere","floor":27,"turns":4},{"damage":11,"enemies":"Snecko","floor":28,"turns":4},{"damage":58,"enemies":"Champ","floor":33,"turns":7},{"damage":69,"enemies":"3 Darklings","floor":35,"turns":4},{"damage":20,"enemies":"Orb Walker","floor":37,"turns":4},{"damage":24,"enemies":"Mind Bloom Boss Battle","floor":38,"turns":7},{"damage":36,"enemies":"Writhing Mass","floor":39,"turns":5},{"damage":17,"enemies":"Reptomancer","floor":40,"turns":5},{"damage":8,"enemies":"Maw","floor":42,"turns":6},{"damage":0,"enemies":"R_Hoarder","floor":44,"turns":6},{"damage":0,"enemies":"Spire Growth","floor":45,"turns":4},{"damage":81,"enemies":"Time Eater","floor":50,"turns":6}],"seed_played":"2684059003530073738","potions_obtained":[{"floor":1,"key":"Energy Potion"},{"floor":16,"key":"Explosive Potion"},{"floor":22,"key":"Strength Potion"},{"floor":27,"key":"FairyPotion"},{"floor":28,"key":"Swift Potion"},{"floor":38,"key":"Regen Potion"},{"floor":45,"key":"AttackPotion"}],"is_trial":false,"path_per_floor":["M","M","?","?","$","R","E","R","T","E","?","?","M","?","R","B",null,"M","?","M","$","M","R","E","?","T","M","M","?","R","$","R","B",null,"M","?","M","?","M","E","R","M","T","E","M","$","R","?","R","B",null],"character_chosen":"The_Alterego","items_purchased":["Enlightenment","Ice Cream","DollysMirror","Membership Card","Dota2Spire:Desolator","Dota2Spire:LotusOrb","Quantum Egg"],"campfire_rested":2,"item_purchase_floors":[5,21,31,46,46,46,46],"current_hp_per_floor":[70,70,52,59,59,59,59,59,59,49,49,49,52,52,52,15,67,58,58,47,47,30,51,29,29,29,19,20,20,41,41,41,31,74,23,23,22,22,44,58,58,80,80,80,80,80,80,80,80,15],"gold":2,"neow_bonus":"THREE_ENEMY_KILL","is_daily":false,"chose_seed":false,"campfire_upgraded":11,"win_rate":0.0,"timestamp":1608529306,"path_taken":["M","M","?","?","$","R","E","R","T","E","?","?","?","?","R","BOSS","M","?","M","$","M","R","E","?","T","M","M","?","R","?","R","BOSS","M","?","?","?","M","E","R","M","T","E","M","$","R","?","R","BOSS"],"items_purchased_type":["Card","Relic","Relic","Relic","Relic","Relic","Relic"],"build_version":"2020-12-13","purchased_purges":0,"victory":true,"max_hp_per_floor":[70,70,70,70,70,70,70,70,70,71,66,66,66,66,66,67,67,68,68,69,69,70,70,71,71,71,72,73,73,73,73,73,74,74,75,75,76,77,78,79,79,80,80,80,80,80,80,80,80,81],"card_choices":[{"not_picked":["alterego_mod:Belle","alterego_mod:1TonWallop"],"picked":"alterego_mod:Cooking","floor":1},{"not_picked":["alterego_mod:1TonWallop","alterego_mod:PerceptionDisorder","alterego_mod:TrashNCrash"],"picked":"SKIP","floor":2},{"not_picked":["alterego_mod:Clap","alterego_mod:HighServant","alterego_mod:PresenceConcealment"],"picked":"SKIP","floor":7},{"not_picked":["alterego_mod:Maid","alterego_mod:Crossover","alterego_mod:HighServant"],"picked":"SKIP","floor":10},{"not_picked":["alterego_mod:Clones","alterego_mod:DeftHands"],"picked":"alterego_mod:Mirror","floor":13},{"not_picked":["alterego_mod:Antipathy","alterego_mod:PainIsPleasure"],"picked":"alterego_mod:AlterEgo","floor":16},{"not_picked":["alterego_mod:Punishment","alterego_mod:Crossover","alterego_mod:DiscoLights+1"],"picked":"SKIP","floor":18},{"not_picked":["alterego_mod:SuperDuperMasochism","alterego_mod:Mirror","alterego_mod:DiscoLights"],"picked":"SKIP","floor":20},{"not_picked":["alterego_mod:BoobPocket+1","alterego_mod:Valentines","alterego_mod:Belts+1"],"picked":"SKIP","floor":22},{"not_picked":["alterego_mod:PurpleHair","alterego_mod:Crossover","alterego_mod:Smother+1"],"picked":"SKIP","floor":24},{"not_picked":["alterego_mod:PerceptionDisorder","alterego_mod:MaintainEyeContact"],"picked":"alterego_mod:Exercise","floor":27},{"not_picked":["alterego_mod:PresenceConcealment","alterego_mod:Belts"],"picked":"alterego_mod:BiFurious+1","floor":28},{"not_picked":["alterego_mod:Tantrum","alterego_mod:VirginLaserPalladion","alterego_mod:PainIsPleasure"],"picked":"alterego_mod:Palingenesis","floor":33},{"not_picked":["alterego_mod:BeGentle+1","alterego_mod:MagicResistance+1","alterego_mod:PerceptionDisorder+1","alterego_mod:HighServant"],"picked":"SKIP","floor":35},{"not_picked":["alterego_mod:BiFurious+1","alterego_mod:GoddessCore","alterego_mod:Pet+1"],"picked":"alterego_mod:Undulate+1","floor":37},{"not_picked":["alterego_mod:BeGentle+1","alterego_mod:Jiggle+1","alterego_mod:Alter","alterego_mod:GoddessCore"],"picked":"SKIP","floor":39},{"not_picked":["alterego_mod:Santa","alterego_mod:SakuraLabyrinth","alterego_mod:BusterCard","alterego_mod:BeGentle+1"],"picked":"SKIP","floor":40},{"not_picked":["alterego_mod:Maid+1","alterego_mod:1TonWallop+1","alterego_mod:MagicResistance+1"],"picked":"alterego_mod:Rip","floor":42},{"not_picked":["alterego_mod:Bloomers","alterego_mod:SakuraPetals+1","alterego_mod:IndependentAction+1"],"picked":"alterego_mod:Birthday","floor":44},{"not_picked":["alterego_mod:Table","alterego_mod:PurpleHair","alterego_mod:Maid+1","alterego_mod:PerceptionDisorder"],"picked":"SKIP","floor":45}],"player_experience":157467,"relics_obtained":[{"floor":7,"key":"Replay:Arrowhead"},{"floor":9,"key":"Dota2Spire:UrnOfShadows"},{"floor":10,"key":"ReplayTheSpireMod:Lightbulb"},{"floor":24,"key":"Mercury Hourglass"},{"floor":26,"key":"Snack Pack"},{"floor":38,"key":"Dota2Spire:OctarineCore"},{"floor":40,"key":"FossilizedHelix"},{"floor":43,"key":"Eternal Feather"},{"floor":44,"key":"Orichalcum"},{"floor":49,"key":"Dota2Spire:LinkenSphere"}],"event_choices":[{"damage_healed":0,"gold_gain":0,"player_choice":"Success","damage_taken":18,"relics_obtained":["Omamori"],"max_hp_gain":0,"max_hp_loss":0,"event_name":"Scrap Ooze","floor":3,"gold_loss":0},{"damage_healed":0,"gold_gain":0,"player_choice":"Lose Max HP","damage_taken":0,"relics_obtained":["Golden Idol"],"max_hp_gain":0,"max_hp_loss":5,"event_name":"Golden Idol","floor":11,"gold_loss":0},{"damage_healed":0,"gold_gain":0,"cards_transformed":["alterego_mod:Defend"],"player_choice":"Transformed","damage_taken":0,"max_hp_gain":0,"max_hp_loss":0,"event_name":"Transmorgrifier","floor":12,"gold_loss":0,"cards_obtained":["alterego_mod:Complex"]},{"damage_healed":0,"gold_gain":0,"player_choice":"Box","damage_taken":0,"relics_obtained":["MawBank"],"max_hp_gain":0,"max_hp_loss":0,"event_name":"Big Fish","floor":14,"gold_loss":0,"cards_obtained":["Regret"]},{"damage_healed":0,"gold_gain":99,"player_choice":"Stole From Cult","damage_taken":0,"max_hp_gain":0,"max_hp_loss":0,"event_name":"Nest","floor":25,"gold_loss":0},{"damage_healed":0,"gold_gain":0,"player_choice":"Obtained Relic","damage_taken":0,"relics_obtained":["Question Card"],"max_hp_gain":0,"max_hp_loss":0,"event_name":"Addict","floor":29,"gold_loss":85},{"damage_healed":0,"gold_gain":0,"player_choice":"1 cards matched","damage_taken":0,"max_hp_gain":0,"max_hp_loss":0,"event_name":"Match and Keep!","floor":36,"gold_loss":0,"cards_obtained":["alterego_mod:Birthday"]},{"damage_healed":0,"gold_gain":0,"player_choice":"Fight","damage_taken":0,"max_hp_gain":0,"max_hp_loss":0,"event_name":"MindBloom","floor":38,"gold_loss":0}],"is_beta":false,"boss_relics":[{"not_picked":["Snecko Eye","aspiration:ServantSkillbook"],"picked":"Dota2Spire:RefresherOrb"},{"not_picked":["vexMod:CursedCompass","ReplayTheSpireMod:DimensionalGlitch"],"picked":"Ring of Chaos"}],"items_purged_floors":[],"is_endless":false,"potions_floor_spawned":[1,16,22,27,28,38,45],"ascension_level":1}}