{"host":"n7mxhpjy89lltbhc","time":1608574651,"event":{"mods":["2.2 Compatiblity","Act Like it!","Bard","BaseMod","Better Match","Better Sensory Stone","Better Synergies","Better Third Choice","Better Vampires","BetterRewards","Challenge The Spire","Colored Map","Colored Powertips","Downfall","Hubris","Infinite Spire","Jedi Mod","Marisa????????","Marked Mod","Minty Spire (QoL Compilation)","Permanent Neow","Rare Cards Sparkle","Relic Sorter","Relic Stats","Replay The Spire","Shop Mod","Spicy Shops","StSLib","Strawberry Spire","The Blue Laboratory","The Disciple","The Servant 0.9.4","Uncapped","Waifu the Spire"],"gold_per_floor":[99,129,129,129,129,139,139,169,169,202,232,259,279,51,69,181,181,181,222,248,277,277,294,341,266,302,342,462,7,7,97,131,253,253,253,389,50,87,109,109,109,134,134,170,95,142,280,300,336,35,113,135],"floor_reached":53,"playtime":2405,"items_purged":["Regret","hexamod:Strike"],"score":1043,"play_id":"3511a647-1e17-46b9-b484-edbceb3f39b1","local_time":"25631222011731","is_ascension_mode":true,"campfire_choices":[{"data":"hexamod:WildfireWeapon","floor":1,"key":"SMITH"},{"floor":5,"key":"REST"},{"floor":9,"key":"REST"},{"data":"infinitespire:Execution","floor":18,"key":"SMITH"},{"data":"hexamod:RainOfEmbers","floor":22,"key":"SMITH"},{"data":"hexamod:TimeOfNeed","floor":25,"key":"SMITH"},{"floor":35,"key":"RECALL"},{"data":"hubris:Rewind","floor":45,"key":"SMITH"}],"circlet_count":0,"master_deck":["hexamod:Strike","hexamod:Strike+1","hexamod:Defend+1","hexamod:Defend+1","hexamod:Defend+1","hexamod:Defend","hexamod:Sear","hexamod:Float+1","hexamod:WildfireWeapon+1","hexamod:NightmareGuise+1","infinitespire:Execution+1","hexamod:ShieldOfDarkness","hexamod:RainOfEmbers+1","hexamod:ThermalTransfer","hexamod:HeatCrush+1","hexamod:Hexaguard","hexamod:GhostLash","hexamod:SpectersWail","hexamod:TimeOfNeed+1","hexamod:NightmareStrike+1","hexamod:ThermalTransfer+1","hexamod:BurningTouch","hexamod:UnlimitedPower","hexamod:EmpoweringStance+1","hexamod:SwordOfDarkness","hexamod:SixthSeal","hexamod:GhostShield","hexamod:Incineration","hexamod:Hexaguard","hexamod:UnlimitedPower","hexamod:GhostflameBarrier+1","hubris:Rewind+1","hexamod:Toasty","Apotheosis","hexamod:VolcanoVisage","hexamod:Incineration","hexamod:GhostLash+1","hexamod:HeatShield+1","hexamod:GhostLash+1","hexamod:SearingWound"],"relics":["hexamod:SpiritBrand","PreservedInsect","infinitespire:WardingShard","Kunai","Replay:Bandana","hexamod:RecyclingMachine","Velvet Choker","infinitespire:Bottled Soul","downfall:HeartBlessingBlue","Replay:Mystery Machine","strawberrySpire:BonfireDress","Iron Hammer","jedi:archwizardhat","Replay:Rubber Ducky","strawberrySpire:JuiceKeg","Replay:Kaleidoscope","hubris:MobiusCoin","Anchor","Pet Ghost","downfall:HeartBlessingRed","Toy Ornithopter","Orrery","Membership Card"],"acts_visited":["Exordium","TheCity","TheBeyond"],"potions_floor_usage":[16,16,21],"damage_taken":[{"damage":27,"enemies":"Gremlin Nob","floor":2,"turns":5},{"damage":2,"enemies":"Jaw Worm","floor":6,"turns":4},{"damage":17,"enemies":"3 Sentries","floor":8,"turns":9},{"damage":2,"enemies":"Gremlin Nob","floor":10,"turns":3},{"damage":3,"enemies":"Small Slimes","floor":11,"turns":3},{"damage":0,"enemies":"2 Louse","floor":12,"turns":3},{"damage":9,"enemies":"Lots of Slimes","floor":13,"turns":4},{"damage":3,"enemies":"downfall:FleeingMerchant","floor":14,"turns":4},{"damage":11,"enemies":"2 Fungi Beasts","floor":15,"turns":4},{"damage":28,"enemies":"downfall:Silent","floor":16,"turns":8},{"damage":18,"enemies":"Slavers","floor":19,"turns":5},{"damage":2,"enemies":"Spheric Guardian","floor":20,"turns":4},{"damage":0,"enemies":"3 Byrds","floor":21,"turns":3},{"damage":9,"enemies":"Cultist and Chosen","floor":23,"turns":5},{"damage":0,"enemies":"3 Cultists","floor":26,"turns":5},{"damage":31,"enemies":"Gremlin Leader","floor":27,"turns":5},{"damage":6,"enemies":"downfall:Ironclad","floor":28,"turns":3},{"damage":2,"enemies":"downfall:FleeingMerchant","floor":29,"turns":4},{"damage":0,"enemies":"downfall:FleeingMerchant","floor":31,"turns":1},{"damage":0,"enemies":"Snake Plant","floor":32,"turns":3},{"damage":7,"enemies":"downfall:Watcher","floor":33,"turns":6},{"damage":0,"enemies":"infinitespire:Three Voidlings","floor":36,"turns":3},{"damage":0,"enemies":"Nightmare_Alpha","floor":36,"turns":6},{"damage":39,"enemies":"Reptomancer","floor":38,"turns":4},{"damage":0,"enemies":"3 Darklings","floor":39,"turns":5},{"damage":0,"enemies":"Orb Walker","floor":42,"turns":2},{"damage":0,"enemies":"Giant Head","floor":44,"turns":6},{"damage":0,"enemies":"Nemesis","floor":46,"turns":5},{"damage":0,"enemies":"Spire Growth","floor":47,"turns":2},{"damage":0,"enemies":"Writhing Mass","floor":48,"turns":2},{"damage":0,"enemies":"Sphere and 2 Shapes","floor":49,"turns":3},{"damage":0,"enemies":"3 Darklings","floor":51,"turns":2},{"damage":3,"enemies":"downfall:Ironclad","floor":52,"turns":6}],"seed_played":"8433376496889004549","potions_obtained":[{"floor":2,"key":"blueLaboratory:Moonshine"},{"floor":6,"key":"champ:CounterPotion"},{"floor":12,"key":"Regen Potion"},{"floor":15,"key":"Strength Potion"},{"floor":20,"key":"LiquidBronze"},{"floor":21,"key":"SpeedPotion"},{"floor":26,"key":"blueLaboratory:FrostheartPotion"}],"is_trial":false,"path_per_floor":["R","E","?","?","R","M","T","E","R","E","M","M","M","$","M","B",null,"R","E","M","M","R","M","T","R","M","E","?","$","?","$","M","B",null,"R","?","$","E","M","PTL","PTL","M","T","E","R","E","M","M","M","$","M","B",null],"character_chosen":"THE_SPIRIT","items_purchased":["hexamod:GhostLash","hexamod:RecyclingMachine","jedi:archwizardhat","hexamod:GhostShield","hexamod:Incineration","Replay:Rubber Ducky","hexamod:Toasty","Apotheosis","Orrery","Membership Card","hexamod:SearingWound"],"campfire_rested":2,"item_purchase_floors":[14,14,29,29,29,31,37,37,50,50,50],"current_hp_per_floor":[70,43,43,26,47,45,45,28,49,47,44,44,35,32,21,7,70,70,52,50,50,50,41,41,51,51,20,14,12,12,12,12,5,80,80,80,80,41,41,41,41,41,41,41,41,41,41,41,41,41,41,38],"gold":135,"neow_bonus":"ONE_RANDOM_RARE_CARD","is_daily":false,"chose_seed":false,"campfire_upgraded":5,"win_rate":0.0,"timestamp":1608574651,"path_taken":["R","E","?","?","R","M","T","E","R","E","M","M","M","?","M","BOSS","R","E","M","?","R","M","T","R","M","E","?","$","?","?","M","BOSS","R","?","?","E","M","PTL","PTL","M","T","E","R","E","M","M","M","$","M","BOSS"],"items_purchased_type":["Card","Relic","Relic","Card","Card","Relic","Card","Card","Relic","Relic","Card"],"build_version":"2020-12-13","purchased_purges":2,"victory":true,"max_hp_per_floor":[70,70,70,70,70,70,70,70,70,70,70,70,70,70,70,70,70,70,70,70,70,70,70,70,80,80,80,80,80,80,80,80,80,80,80,80,80,80,80,80,80,80,80,80,80,80,80,80,80,80,80,80],"relic_stats":{"counters":[33,137],"PreservedInsect":604,"Kunai":[21],"obtain_stats":[{"hubris:MobiusCoin":38,"downfall:HeartBlessingRed":45,"Velvet Choker":17,"PreservedInsect":2,"Replay:Kaleidoscope":36,"Replay:Mystery Machine":27,"jedi:archwizardhat":29,"Pet Ghost":44,"Replay:Rubber Ducky":31,"Replay:Bandana":10,"Anchor":43,"infinitespire:WardingShard":7,"infinitespire:Bottled Soul":19,"downfall:HeartBlessingBlue":25,"Orrery":50,"Iron Hammer":28,"Kunai":8,"hexamod:RecyclingMachine":14,"Membership Card":50,"hexamod:SpiritBrand":0,"strawberrySpire:BonfireDress":28,"strawberrySpire:JuiceKeg":34,"Toy Ornithopter":46},{"hubris:MobiusCoin":24,"downfall:HeartBlessingRed":27,"Velvet Choker":10,"PreservedInsect":1,"Replay:Kaleidoscope":23,"Replay:Mystery Machine":16,"jedi:archwizardhat":18,"Pet Ghost":27,"Replay:Rubber Ducky":19,"Replay:Bandana":4,"Anchor":26,"infinitespire:WardingShard":2,"infinitespire:Bottled Soul":11,"downfall:HeartBlessingBlue":14,"Orrery":31,"Iron Hammer":17,"Kunai":3,"hexamod:RecyclingMachine":8,"Membership Card":31,"hexamod:SpiritBrand":0,"strawberrySpire:BonfireDress":17,"strawberrySpire:JuiceKeg":21,"Toy Ornithopter":28},{"hubris:MobiusCoin":104,"downfall:HeartBlessingRed":117,"Velvet Choker":47,"PreservedInsect":5,"Replay:Kaleidoscope":100,"Replay:Mystery Machine":74,"jedi:archwizardhat":81,"Pet Ghost":117,"Replay:Rubber Ducky":82,"Replay:Bandana":21,"Anchor":111,"infinitespire:WardingShard":9,"infinitespire:Bottled Soul":52,"downfall:HeartBlessingBlue":64,"Orrery":129,"Iron Hammer":77,"Kunai":18,"hexamod:RecyclingMachine":35,"Membership Card":129,"hexamod:SpiritBrand":0,"strawberrySpire:BonfireDress":77,"strawberrySpire:JuiceKeg":91,"Toy Ornithopter":122}],"Toy Ornithopter":0},"card_choices":[{"not_picked":["hexamod:RainOfEmbers","hexamod:InspiringFlames"],"picked":"hexamod:NightmareGuise","floor":2},{"not_picked":["infinitespire:FinalStrike","infinitespire:Oblivion"],"picked":"infinitespire:Execution","floor":4},{"not_picked":["hexamod:Haunt","hexamod:ChargedBarrage"],"picked":"hexamod:ShieldOfDarkness","floor":6},{"not_picked":["hexamod:EmpoweredFlame","hexamod:InspiringFlames"],"picked":"hexamod:RainOfEmbers","floor":8},{"not_picked":["hexamod:Rewind","hexamod:GhostOfSpirePast"],"picked":"hexamod:ThermalTransfer","floor":10},{"not_picked":["hexamod:ShieldOfDarkness","hexamod:Firestarter"],"picked":"hexamod:HeatCrush","floor":11},{"not_picked":["hexamod:HeatCrush","hexamod:FastForward","hexamod:AdvancingGuard"],"picked":"SKIP","floor":12},{"not_picked":["hexamod:RainOfEmbers","hexamod:Firestarter","hexamod:Haunt"],"picked":"SKIP","floor":13},{"not_picked":["hexamod:HexaLevel","hexamod:ThermalTransfer"],"picked":"hexamod:Hexaguard","floor":14},{"not_picked":["hexamod:NightmareGuise","hexamod:HeatMetal"],"picked":"hexamod:SpectersWail","floor":15},{"not_picked":["hexamod:ParanormalForm","hexamod:TurnItUp"],"picked":"hexamod:TimeOfNeed","floor":16},{"not_picked":["hexamod:BacktrackSmack","hexamod:SkipABeat"],"picked":"hexamod:NightmareStrike+1","floor":19},{"not_picked":["hexamod:HeatShield","hexamod:DynamicBlow"],"picked":"hexamod:ThermalTransfer+1","floor":20},{"not_picked":["hexamod:GhostLash","hexamod:HauntingEcho+1"],"picked":"hexamod:BurningTouch","floor":21},{"not_picked":["hexamod:SpectersWail","hexamod:AdvancingGuard","hexamod:GhostLash+1"],"picked":"SKIP","floor":23},{"not_picked":["hexamod:RainOfEmbers","hexamod:HeatMetal"],"picked":"hexamod:UnlimitedPower","floor":26},{"not_picked":["hexamod:CatchUp+1","hexamod:Firestarter+1"],"picked":"hexamod:EmpoweringStance","floor":27},{"not_picked":["hexamod:StepThrough","hexamod:EmpoweredFlame"],"picked":"hexamod:SwordOfDarkness","floor":28},{"not_picked":["hexamod:HeatShield","hexamod:NightmareGuise"],"picked":"hexamod:SixthSeal","floor":29},{"not_picked":["hexamod:Rewind+1","hexamod:NecessarySacrifice","hexamod:SkipABeat"],"picked":"SKIP","floor":31},{"not_picked":["hexamod:RecurringNightmare","hexamod:SuperheatedStrike"],"picked":"hexamod:Hexaguard","floor":32},{"not_picked":["hexamod:ApocalypseNow","hexamod:TimeOfNeed"],"picked":"hexamod:UnlimitedPower","floor":33},{"not_picked":["hexamod:PhantomCloak","hexamod:SpectersWail+1"],"picked":"hexamod:GhostflameBarrier+1","floor":36},{"not_picked":["infinitespire:Fortify","ReplayTheSpireMod:Echoes of Time"],"picked":"hubris:Rewind","floor":36},{"not_picked":["hexamod:SpectralAdrenaline","hexamod:InspiringFlames","hexamod:FastForward"],"picked":"SKIP","floor":38},{"not_picked":["hexamod:HauntingEcho+1","hexamod:RainOfEmbers+1","hexamod:AdvancingGuard"],"picked":"SKIP","floor":39},{"not_picked":["hexamod:RainOfEmbers+1","hexamod:InspiringFlames"],"picked":"hexamod:VolcanoVisage","floor":42},{"not_picked":["hexamod:EtherealExpedition+1","hexamod:SpectersWail+1"],"picked":"hexamod:Incineration","floor":44},{"not_picked":["hexamod:Firestarter+1","hexamod:RadiantFlame"],"picked":"hexamod:GhostLash+1","floor":46},{"not_picked":["hexamod:RainOfEmbers","hexamod:NightmareGuise","hexamod:InspiringFlames+1"],"picked":"SKIP","floor":47},{"not_picked":["hexamod:GhostLash+1","hexamod:NightmareGuise+1","hexamod:RainOfEmbers+1"],"picked":"SKIP","floor":48},{"not_picked":["hexamod:SwordOfDarkness+1","hexamod:FastForward","hexamod:SoulSteal+1"],"picked":"SKIP","floor":49},{"not_picked":["hexamod:SkipABeat","hexamod:SpectersWail"],"picked":"hexamod:HeatShield+1","floor":50},{"not_picked":["hexamod:ThermalTransfer","hexamod:SwordOfDarkness+1"],"picked":"hexamod:GhostLash+1","floor":50},{"not_picked":["hexamod:FourthSeal","hexamod:Rewind","hexamod:RetreatToShadows+1"],"picked":"SKIP","floor":51}],"player_experience":983607,"relics_obtained":[{"floor":2,"key":"PreservedInsect"},{"floor":7,"key":"infinitespire:WardingShard"},{"floor":8,"key":"Kunai"},{"floor":10,"key":"Replay:Bandana"},{"floor":19,"key":"infinitespire:Bottled Soul"},{"floor":27,"key":"Replay:Mystery Machine"},{"floor":28,"key":"strawberrySpire:BonfireDress"},{"floor":28,"key":"Iron Hammer"},{"floor":36,"key":"Replay:Kaleidoscope"},{"floor":38,"key":"hubris:MobiusCoin"},{"floor":43,"key":"Anchor"},{"floor":44,"key":"Pet Ghost"},{"floor":46,"key":"Toy Ornithopter"}],"event_choices":[{"cards_removed":["hexamod:Strike"],"damage_healed":0,"gold_gain":0,"player_choice":"Elegance","damage_taken":0,"max_hp_gain":0,"max_hp_loss":0,"event_name":"betterThird:BetterWriting","floor":30,"gold_loss":0}],"is_beta":false,"boss_relics":[{"not_picked":["Tiny House","Ring of Chaos"],"picked":"Velvet Choker"},{"not_picked":["Calling Bell","Runic Pyramid"],"picked":"strawberrySpire:JuiceKeg"}],"items_purged_floors":[29,31],"is_endless":false,"potions_floor_spawned":[2,6,12,15,20,21,26,32,33,36,36,38,49,51],"ascension_level":2}}