{"host":"91kqwblrqvon3fcz","time":1608582831,"event":{"mods":["Act Like it!","BaseMod","Elementarium","Hermit","Minty Spire (QoL Compilation)","Quick Restart","StSLib"],"gold_per_floor":[110,30,105,105,105,105,118,118,118,134,154,175,189,207,207,330,330,348,348,53,53,30,66,91,91,141,161,197,197,197],"floor_reached":29,"playtime":814,"items_purged":["Regret"],"score":266,"play_id":"ef827868-cc00-42c8-b43c-629542b51489","local_time":"20201221123351","is_ascension_mode":true,"campfire_choices":[{"data":"Eruption","floor":6.0,"key":"SMITH"},{"floor":15.0,"key":"REST"},{"floor":25.0,"key":"REST"}],"circlet_count":0,"master_deck":["Strike_P+1","Strike_P+1","Strike_P+1","Strike_P+1","Defend_P+1","Defend_P+1","Defend_P+1","Defend_P+1","Eruption+1","Vigilance","Deep Breath","ForeignInfluence+1","Swivel","Consecrate","Injury","Meditate","Crescendo","Tantrum","EmptyBody","Worship","Brilliance","Prostrate","Writhe","MentalFortress","FlurryOfBlows","EmptyBody","WreathOfFlame","TalkToTheHand"],"relics":["PureWater","Damaru","Golden Idol","Darkstone Periapt","Sozu","Matryoshka","Omamori","Frozen Egg 2","Nunchaku","Juzu Bracelet","Blood Vial","Art of War","Bag of Marbles"],"acts_visited":[],"potions_floor_usage":[],"damage_taken":[{"damage":2.0,"enemies":"Small Slimes","floor":1.0,"turns":3.0},{"damage":0.0,"enemies":"Jaw Worm","floor":7.0,"turns":1.0},{"damage":0.0,"enemies":"Cultist","floor":10.0,"turns":2.0},{"damage":11.0,"enemies":"Exordium Thugs","floor":11.0,"turns":4.0},{"damage":3.0,"enemies":"Blue Slaver","floor":12.0,"turns":4.0},{"damage":13.0,"enemies":"Red Slaver","floor":13.0,"turns":4.0},{"damage":5.0,"enemies":"Looter","floor":14.0,"turns":3.0},{"damage":38.0,"enemies":"Hexaghost","floor":16.0,"turns":10.0},{"damage":20.0,"enemies":"Spheric Guardian","floor":18.0,"turns":4.0},{"damage":37.0,"enemies":"Slavers","floor":23.0,"turns":6.0},{"damage":10.0,"enemies":"Shell Parasite","floor":27.0,"turns":4.0},{"damage":21.0,"enemies":"Book of Stabbing","floor":28.0,"turns":5.0},{"damage":31,"enemies":"Snake Plant","floor":29,"turns":3}],"seed_played":"6157158809062656384","potions_obtained":[{"floor":7.0,"key":"Strength Potion"},{"floor":12.0,"key":"LiquidMemories"},{"floor":13.0,"key":"Dexterity Potion"},{"floor":14.0,"key":"Dexterity Potion"}],"is_trial":false,"path_per_floor":["M","$","?","?","?","R","M","?","T","M","M","M","M","M","R","B",null,"M","?","$","?","$","E","T","R","T","M","E","M"],"character_chosen":"WATCHER","items_purchased":["Swivel","MentalFortress","Omamori","FlurryOfBlows"],"campfire_rested":2,"item_purchase_floors":[2,20,20,22],"current_hp_per_floor":[70,70,59,59,59,59,59,59,59,59,48,45,32,27,48,10,72,52,58,58,58,58,21,21,44,44,36,17,0,0],"gold":197,"neow_bonus":"RANDOM_COLORLESS","is_daily":false,"chose_seed":false,"campfire_upgraded":1,"win_rate":0.0,"timestamp":1608582831,"path_taken":["M","$","?","?","?","R","M","?","T","M","M","M","?","M","R","BOSS","M","?","$","?","$","E","?","R","T","M","E","M"],"items_purchased_type":["Card","Card","Relic","Card"],"build_version":"2020-12-13","purchased_purges":1,"victory":false,"max_hp_per_floor":[72,72,72,72,72,72,72,72,72,72,72,72,72,72,72,72,72,72,78,78,78,78,78,78,78,78,78,78,78,78],"card_choices":[{"not_picked":["Panacea","Impatience"],"picked":"Deep Breath","floor":0.0},{"not_picked":["BowlingBash","Protect"],"picked":"ForeignInfluence","floor":1.0},{"not_picked":["Protect","ClearTheMind"],"picked":"Consecrate","floor":7.0},{"not_picked":["Nirvana","JustLucky"],"picked":"Meditate","floor":10.0},{"not_picked":["Perseverance","CutThroughFate"],"picked":"Crescendo","floor":11.0},{"not_picked":["FlyingSleeves","DeceiveReality"],"picked":"Tantrum","floor":12.0},{"not_picked":["SandsOfTime","WheelKick"],"picked":"EmptyBody","floor":13.0},{"not_picked":["SandsOfTime","FlurryOfBlows"],"picked":"Worship","floor":14.0},{"not_picked":["Scrawl","Omniscience"],"picked":"Brilliance","floor":16.0},{"not_picked":["Halt","JustLucky"],"picked":"Prostrate","floor":18.0},{"not_picked":["Consecrate+1","CutThroughFate+1"],"picked":"EmptyBody","floor":23.0},{"not_picked":["SandsOfTime+1","SashWhip"],"picked":"WreathOfFlame","floor":27.0},{"not_picked":["ClearTheMind","Nirvana+1"],"picked":"TalkToTheHand","floor":28.0}],"player_experience":396206,"relics_obtained":[{"floor":9.0,"key":"Darkstone Periapt"},{"floor":23.0,"key":"Frozen Egg 2"},{"floor":24.0,"key":"Nunchaku"},{"floor":24.0,"key":"Juzu Bracelet"},{"floor":26.0,"key":"Blood Vial"},{"floor":26.0,"key":"Art of War"},{"floor":28.0,"key":"Bag of Marbles"}],"event_choices":[{"damage_healed":0.0,"max_hp_gain":0.0,"max_hp_loss":0.0,"gold_gain":75.0,"event_name":"World of Goop","player_choice":"Gather Gold","floor":3.0,"gold_loss":0.0,"damage_taken":11.0},{"damage_healed":0.0,"max_hp_gain":0.0,"max_hp_loss":0.0,"gold_gain":0.0,"event_name":"Living Wall","player_choice":"Grow","floor":4.0,"gold_loss":0.0,"damage_taken":0.0,"cards_upgraded":["ForeignInfluence"]},{"damage_healed":0.0,"max_hp_gain":0.0,"max_hp_loss":0.0,"gold_gain":0.0,"event_name":"Big Fish","player_choice":"Box","floor":5.0,"gold_loss":0.0,"damage_taken":0.0,"relics_obtained":["Damaru"],"cards_obtained":["Regret"]},{"damage_healed":0.0,"max_hp_gain":0.0,"max_hp_loss":0.0,"gold_gain":0.0,"event_name":"Golden Idol","player_choice":"Take Wound","floor":8.0,"gold_loss":0.0,"damage_taken":0.0,"relics_obtained":["Golden Idol"],"cards_obtained":["Injury"]},{"damage_healed":0.0,"max_hp_gain":0.0,"max_hp_loss":0.0,"gold_gain":0.0,"event_name":"The Mausoleum","player_choice":"Opened","floor":19.0,"gold_loss":0.0,"damage_taken":0.0,"relics_obtained":["Matryoshka"],"cards_obtained":["Writhe"]},{"damage_healed":0.0,"max_hp_gain":0.0,"max_hp_loss":0.0,"gold_gain":0.0,"event_name":"Back to Basics","player_choice":"Simplicity","floor":21.0,"gold_loss":0.0,"damage_taken":0.0,"cards_upgraded":["Strike_P","Strike_P","Strike_P","Strike_P","Defend_P","Defend_P","Defend_P","Defend_P"]}],"is_beta":false,"boss_relics":[{"not_picked":["Tiny House","Pandora\u0027s Box"],"picked":"Sozu"}],"items_purged_floors":[20],"is_endless":false,"potions_floor_spawned":[7,12,13,14,23,28],"killed_by":"Snake Plant","ascension_level":1}}