{"host":"zt56gx41altgtukx","time":1608565070,"event":{"mods":["Act Like it!","Aspiration","BaseMod","Better Altar","Better Match","Better Note","Better Sensory Stone","Better Skull","Better Third Choice","BetterRewards","Conspire","Downfall","GifTheSpireLib","Halation","Hallownest","Highlight Path","Hubris","Mimic Mod","Minty Spire (QoL Compilation)","Replay The Spire","Shade Mod","StSLib","Stuff the Spire","The Cursed","Unceasing Turn Reminder","everything is the same but u backflip on backflip"],"gold_per_floor":[118,18,18,62,92,151,151,194,194,224,224,76,76,109,109,258,258,270,308,308,70,25,25,141,175,215,425,425,460,460,500,500,597,597,609,609,52,52,88,88,98,46,86,86,86,117,142,67,67,7,7,111],"floor_reached":53,"playtime":5206,"items_purged":["ReplayTheSpireMod:Splinters"],"score":743,"play_id":"60e3e096-c0b3-499d-aa65-7ce8856d25bc","local_time":"20201221093750","is_ascension_mode":false,"campfire_choices":[{"data":"Crystallizer","floor":7,"key":"SMITH"},{"data":"1","floor":13,"key":"LIFT"},{"floor":15,"key":"REST"},{"data":"2","floor":23,"key":"LIFT"},{"floor":28,"key":"REST"},{"floor":32,"key":"REST"},{"data":"3","floor":40,"key":"LIFT"},{"floor":49,"key":"REST"},{"data":"aspiration:Polymerization","floor":51,"key":"SMITH"},{"data":"hubris:PowerSurge","floor":51,"key":"SMITH"}],"circlet_count":0,"master_deck":["Strike_B","Strike_B","Strike_B","Strike_B","Defend_B","Defend_B","Defend_B","Defend_B","Zap","Dualcast","hubris:PowerSurge+1","Coolheaded","Coolheaded","Streamline","Crystallizer+1","Stack","StuffTheSpire:Plugnplay","Cold Snap","Crystallizer+1","aspiration:Polymerization+1","Electrodynamics","BasicCrystalCard+1","ReplaySolidLightProjector+1","Shame","hubris:DuctTapeCard","Leap","Barrage+1","Ball Lightning","Time Bomb","Aggregate","Demon Form","Coolheaded","Reboot","Machine Learning","StuffTheSpire:LoadUp","Consume+1","Capacitor+1","BasicCrystalCard","Capacitor","ReplayTheSpireMod:Dual Polarity+1","Biased Cognition"],"relics":["Cracked Core","conspire:IceCreamScoop","PreservedInsect","hubris:Zylophone","hubris:TinFlute","Girya","halation:StarCompass","DollysMirror","SacredBark","aspiration:SeaSaltIceCream","aspiration:Nostalgia","m_GuardianBlood","hubris:DuctTape","InkBottle","ChewingGum","hubris:Towel","hubris:SphereOfDissonance","hubris:Icosahedron","Ginger","halation:PenCase","StuffTheSpire:EmeraldSignet","halation:SelfBoilingWater"],"acts_visited":["Hallownest:Greenpath","Hallownest:CityofTears","Hallownest:KingdomsEdge"],"potions_floor_usage":[10,33,33,33,52,52],"damage_taken":[{"damage":0,"enemies":"Hallownest:monsterHuskWarrior","floor":1,"turns":2},{"damage":6,"enemies":"Hallownest:2_MossCreeps","floor":4,"turns":6},{"damage":2,"enemies":"Hallownest:2_Baldur","floor":5,"turns":4},{"damage":7,"enemies":"Hallownest:eliteVengeflyKing","floor":6,"turns":6},{"damage":14,"enemies":"Hallownest:1_Ooma_and_2_Uuma","floor":8,"turns":6},{"damage":0,"enemies":"Hallownest:eliteMossKnight","floor":10,"turns":8},{"damage":7,"enemies":"Hallownest:1_Baldur_1_Crawlid_1_Warrior","floor":14,"turns":4},{"damage":35,"enemies":"Hallownest:BossHornet","floor":16,"turns":13},{"damage":16,"enemies":"Hallownest:2_Mistakes","floor":18,"turns":5},{"damage":15,"enemies":"Hallownest:Guard_and_Sentry","floor":19,"turns":5},{"damage":27,"enemies":"Hallownest:monsterShrumalOgre","floor":25,"turns":6},{"damage":0,"enemies":"Hallownest:2_Husk_Sentries","floor":26,"turns":5},{"damage":37,"enemies":"Hallownest:2_Husk_Sentries","floor":29,"turns":5},{"damage":0,"enemies":"Hallownest:Master_and_Novice","floor":31,"turns":6},{"damage":41,"enemies":"Hallownest:BossMantisLord","floor":33,"turns":7},{"damage":25,"enemies":"Hallownest:Shield_Heavy","floor":35,"turns":4},{"damage":15,"enemies":"Hallownest:3_Siblings","floor":39,"turns":7},{"damage":18,"enemies":"Hallownest:2_Wing_and_1_Kings","floor":41,"turns":6},{"damage":10,"enemies":"Hallownest:2_Wandering_and_1_Horned","floor":43,"turns":5},{"damage":16,"enemies":"Hallownest:2_Wandering_and_1_Horned","floor":46,"turns":8},{"damage":44,"enemies":"Hallownest:eliteHiveKnight","floor":47,"turns":5},{"damage":26,"enemies":"Hallownest:BossHollowKnight","floor":52,"turns":6}],"seed_played":"-6251239364906538781","potions_obtained":[{"floor":1,"key":"AttackPotion"},{"floor":4,"key":"LiquidBronze"},{"floor":16,"key":"ColorlessPotion"},{"floor":18,"key":"Adrenaline Potion"},{"floor":25,"key":"FocusPotion"},{"floor":31,"key":"PowerPotion"},{"floor":33,"key":"PotionOfCapacity"},{"floor":39,"key":"PowerPotion"},{"floor":41,"key":"SpeedPotion"},{"floor":47,"key":"champ:CounterPotion"}],"is_trial":false,"path_per_floor":["M","?","?","M","M","E","R","M","T","E","?","$","R","M","R","B",null,"M","M","?","$","?","R","?","M","MIM","?","R","M","?","M","R","B",null,"M","?","$","?","M","R","M","$","MIM","PTL","PTL","M","E","$","R","?","R","B",null],"character_chosen":"DEFECT","items_purchased":["conspire:IceCreamScoop","PreservedInsect","hubris:PowerSurge","DollysMirror","hubris:DuctTape","Reboot","Machine Learning","hubris:SphereOfDissonance","Capacitor+1"],"campfire_rested":4,"item_purchase_floors":[0,0,0,12,21,37,37,37,42],"current_hp_per_floor":[75,75,75,69,67,60,60,46,46,46,46,46,46,39,61,26,75,59,44,44,44,50,50,41,20,26,26,50,19,19,25,49,14,81,62,62,62,62,53,53,41,41,80,80,80,70,43,43,67,67,67,47],"gold":111,"neow_bonus":"","is_daily":false,"chose_seed":false,"campfire_upgraded":3,"win_rate":0.0,"timestamp":1608565070,"path_taken":["M","?","?","M","M","E","R","M","T","E","?","$","R","M","R","BOSS","M","M","?","$","?","R","?","M","MIM","?","R","M","?","?","R","BOSS","M","?","$","?","M","R","M","$","MIM","PTL","PTL","M","E","$","R","?","R","BOSS"],"items_purchased_type":["Relic","Relic","Card","Relic","Relic","Card","Card","Relic","Card"],"build_version":"2020-12-13","purchased_purges":1,"victory":true,"max_hp_per_floor":[75,75,75,75,75,75,75,75,75,75,75,75,75,75,75,75,75,75,75,75,75,81,81,81,81,81,81,81,81,81,81,81,81,81,81,81,81,81,81,81,81,81,81,81,81,81,81,81,81,81,81,81],"card_choices":[{"not_picked":["Double Energy","Redo"],"picked":"Coolheaded","floor":1},{"not_picked":["Gash","Leap"],"picked":"Streamline","floor":4},{"not_picked":["Barrage","Self Repair"],"picked":"Crystallizer","floor":5},{"not_picked":["Leap","Force Field"],"picked":"Stack","floor":6},{"not_picked":["StuffTheSpire:Rend","Ball Lightning"],"picked":"StuffTheSpire:Plugnplay","floor":8},{"not_picked":["Static Discharge","Multi-Cast"],"picked":"Cold Snap","floor":10},{"not_picked":["Glacier","hubris:Ukulele"],"picked":"aspiration:Polymerization","floor":14},{"not_picked":["Machine Learning","Multi-Cast"],"picked":"Electrodynamics","floor":16},{"not_picked":["Streamline+1","Ball Lightning+1"],"picked":"BasicCrystalCard+1","floor":18},{"not_picked":["Steam","StuffTheSpire:Plugnplay"],"picked":"ReplaySolidLightProjector+1","floor":19},{"not_picked":["Hologram","Body Slam"],"picked":"Leap","floor":25},{"not_picked":["hubris:PowerSurge","Gash"],"picked":"Barrage+1","floor":26},{"not_picked":["ReplayTheSpireMod:Omega Cannon","StuffTheSpire:Plugnplay"],"picked":"Ball Lightning","floor":27},{"not_picked":["Chaos","Guardian:Gem_Red"],"picked":"Time Bomb","floor":29},{"not_picked":["Streamline","StuffTheSpire:Plugnplay+1"],"picked":"Aggregate","floor":31},{"not_picked":["All For One","Multi-Cast"],"picked":"Demon Form","floor":33},{"not_picked":["StuffTheSpire:Plugnplay","StuffTheSpire:LoadUp"],"picked":"Coolheaded","floor":35},{"not_picked":["Streamline","Steam"],"picked":"StuffTheSpire:LoadUp","floor":39},{"not_picked":["StuffTheSpire:Plugnplay","ReplayTheSpireMod:Dual Polarity"],"picked":"Consume+1","floor":41},{"not_picked":["Steam+1","Multi-Cast"],"picked":"BasicCrystalCard","floor":43},{"not_picked":["Barrage","Go for the Eyes+1"],"picked":"Capacitor","floor":46},{"not_picked":["BasicCrystalCard+1","Steam+1"],"picked":"ReplayTheSpireMod:Dual Polarity+1","floor":47},{"not_picked":["Mirror Shield","Buffer"],"picked":"Biased Cognition","floor":52}],"player_experience":49405,"relics_obtained":[{"floor":6,"key":"hubris:Zylophone"},{"floor":9,"key":"hubris:TinFlute"},{"floor":10,"key":"Girya"},{"floor":26,"key":"InkBottle"},{"floor":43,"key":"Ginger"},{"floor":43,"key":"halation:PenCase"},{"floor":47,"key":"StuffTheSpire:EmeraldSignet"}],"event_choices":[{"damage_healed":0,"gold_gain":0,"player_choice":"Invest 2","damage_taken":0,"max_hp_gain":0,"max_hp_loss":0,"event_name":"conspire:Investor","floor":2,"gold_loss":0},{"damage_healed":0,"gold_gain":116,"player_choice":"GO ","damage_taken":10,"relics_obtained":[],"max_hp_gain":0,"max_hp_loss":0,"event_name":"betterSkull:BetterSkull","floor":24,"gold_loss":0,"cards_upgraded":[]}],"is_beta":false,"boss_relics":[{"not_picked":["Replay:Bronze Core","ReplayTheSpireMod:DimensionalGlitch"],"picked":"SacredBark"},{"not_picked":["aspiration:SecretTechniqueScroll","conspire:RoyalGoblet"],"picked":"ChewingGum"}],"items_purged_floors":[48],"is_endless":false,"potions_floor_spawned":[1,4,16,18,25,31,33,39,41,47],"ascension_level":0}}