{"host":"ktoxvvst1mwxww91","time":1608565522,"event":{"mods":["BaseMod","Hermit","Minty Spire (QoL Compilation)","StSLib","The Hierophant","The Mystic","The Necromancer"],"gold_per_floor":[113,126,201,201,151,179,179,213,213,213,233,259,276,293,293,367,367,382,292,99,83,2,2,2],"floor_reached":23,"playtime":486,"items_purged":["Dualcast"],"score":508,"play_id":"a3751931-5c15-412e-bf8e-f1e74bdec8e9","local_time":"20201221164522","is_ascension_mode":true,"campfire_choices":[{"data":"Glacier","floor":7,"key":"SMITH"},{"data":"Defend_B","floor":15,"key":"SMITH"}],"circlet_count":0,"master_deck":["AscendersBane","Defend_B","Defend_B","Defend_B+1","Defend_B+1","Zap","Gash","Gash+1","Glacier+1","Gash","Gash","Creative AI","Darkness+1","Blizzard+1","Gash","Capacitor","Gash","Coolheaded","Self Repair"],"relics":["Cracked Core","NeowsBlessing","Singing Bowl","Whetstone","Lantern","Omamori","StrikeDummy","Astrolabe"],"acts_visited":["Exordium","TheCity"],"potions_floor_usage":[8,12,12,16,23],"damage_taken":[{"damage":0,"enemies":"Jaw Worm","floor":1,"turns":1},{"damage":0,"enemies":"2 Louse","floor":2,"turns":1},{"damage":0,"enemies":"3 Sentries","floor":6,"turns":1},{"damage":7,"enemies":"Lagavulin","floor":8,"turns":6},{"damage":0,"enemies":"Small Slimes","floor":11,"turns":2},{"damage":4,"enemies":"Gremlin Nob","floor":12,"turns":3},{"damage":0,"enemies":"Exordium Thugs","floor":13,"turns":2},{"damage":0,"enemies":"Looter","floor":14,"turns":3},{"damage":0,"enemies":"Slime Boss","floor":16,"turns":8},{"damage":18,"enemies":"Chosen","floor":18,"turns":5},{"damage":17,"enemies":"2 Thieves","floor":21,"turns":4},{"damage":36,"enemies":"Slavers","floor":23,"turns":3}],"seed_played":"7438838278605628284","potions_obtained":[{"floor":1,"key":"DistilledChaos"},{"floor":2,"key":"BlessingOfTheForge"},{"floor":8,"key":"SteroidPotion"},{"floor":11,"key":"Fire Potion"},{"floor":14,"key":"AttackPotion"},{"floor":18,"key":"EssenceOfSteel"}],"is_trial":false,"path_per_floor":["M","M","?","?","?","E","R","E","T","?","M","E","M","M","R","B",null,"M","?","$","M","$","E"],"character_chosen":"DEFECT","items_purchased":["Capacitor","Gash","Self Repair"],"campfire_rested":0,"item_purchase_floors":[20,20,22],"current_hp_per_floor":[64,64,53,50,50,50,50,43,43,43,45,43,43,45,45,45,69,51,51,51,34,34,0,0],"gold":2,"neow_bonus":"THREE_ENEMY_KILL","is_daily":false,"chose_seed":false,"campfire_upgraded":2,"win_rate":0.0,"timestamp":1608565522,"path_taken":["M","M","?","?","?","E","R","E","T","?","M","E","?","M","R","BOSS","M","?","?","?","$","E"],"items_purchased_type":["Card","Card","Card"],"build_version":"2020-12-13","purchased_purges":1,"victory":false,"max_hp_per_floor":[71,71,71,71,71,71,71,71,71,71,73,75,75,77,77,77,77,77,77,77,77,77,77,77],"card_choices":[{"not_picked":["Genetic Algorithm","Reinforced Body"],"picked":"Gash","floor":1},{"not_picked":["Recycle","Reprogram"],"picked":"Gash","floor":2},{"not_picked":["Conserve Battery","Streamline"],"picked":"Glacier","floor":6},{"not_picked":["Cold Snap","Loop"],"picked":"Gash","floor":8},{"not_picked":["Tempest","Consume","Beam Cell"],"picked":"Singing Bowl","floor":11},{"not_picked":["Skim","Steam Power","Meteor Strike"],"picked":"Singing Bowl","floor":12},{"not_picked":["Recycle","Genetic Algorithm"],"picked":"Gash","floor":13},{"not_picked":["Steam","Sweeping Beam","Compile Driver"],"picked":"Singing Bowl","floor":14},{"not_picked":["Echo Form","Meteor Strike"],"picked":"Creative AI","floor":16},{"not_picked":["Streamline+1","Reprogram"],"picked":"Gash","floor":18},{"not_picked":["Storm","Beam Cell"],"picked":"Coolheaded","floor":21}],"player_experience":905977,"relics_obtained":[{"floor":6,"key":"Whetstone"},{"floor":8,"key":"Lantern"},{"floor":9,"key":"Omamori"},{"floor":12,"key":"StrikeDummy"}],"event_choices":[{"damage_healed":0,"gold_gain":75,"player_choice":"Gather Gold","damage_taken":11,"max_hp_gain":0,"max_hp_loss":0,"event_name":"World of Goop","floor":3,"gold_loss":0},{"damage_healed":0,"gold_gain":0,"player_choice":"Success","damage_taken":3,"relics_obtained":["Singing Bowl"],"max_hp_gain":0,"max_hp_loss":0,"event_name":"Scrap Ooze","floor":4,"gold_loss":0},{"cards_removed":["Strike_B"],"damage_healed":0,"gold_gain":0,"player_choice":"Card Removal","damage_taken":0,"max_hp_gain":0,"max_hp_loss":0,"event_name":"The Cleric","floor":5,"gold_loss":50},{"damage_healed":0,"gold_gain":0,"player_choice":"Forge","damage_taken":0,"max_hp_gain":0,"max_hp_loss":0,"event_name":"Accursed Blacksmith","floor":10,"gold_loss":0,"cards_upgraded":["Defend_B"]},{"cards_removed":["Tempest"],"damage_healed":0,"gold_gain":0,"player_choice":"Upgrade and Remove","damage_taken":0,"max_hp_gain":0,"max_hp_loss":0,"event_name":"Designer","floor":19,"gold_loss":90,"cards_upgraded":["Gash"]}],"is_beta":false,"boss_relics":[{"not_picked":["Coffee Dripper","Ectoplasm"],"picked":"Astrolabe"}],"items_purged_floors":[20],"is_endless":false,"potions_floor_spawned":[1,2,8,11,14,18],"killed_by":"Slavers","ascension_level":14}}