{"host":"zivz6e0vf73jivdq","time":1608545107,"event":{"mods":["ATMod(°¢èªMod)","Act Like it!","BaseMod","Friendly Minions","Gensokyo","HololiveMod","Koishi","Marisa£¨ìFÓê¡¡Ä§ÀíÉ³£©","Minty Spire (QoL Compilation)","MostiFishMod","Pale of the Ancients","Prisma Mod","Reimu£¨²©ÀöÁéÃÎ£©","Remilia£¨ÀÙÃ×ÀòÑÇ£©","Replay The Spire","RumiaBox-Â¶Ã×æ«µÄÉñÃØºÐ×Ó","StSLib","The Jungle","The Servant 0.9.4","Youmu£¨»êÆÇÑýÃÎ£©","¡¾¶«·½¶þ´Î´´×÷¡¿°ËÔÆ×Ïmod","¡¾ÒÅÎï¿¨ÅÆ¡¿REMEMod"],"gold_per_floor":[116,30,30,30,45,74,91,118,143,143,195,280,280,333,333,529,529,573,634,700,293,384,491,491,542,594,646,396,451,516,77,77,249,249,386,558,595,713,454,509,509,563,563,620,620,723,798,898,898,923,923,923,482,558,585],"floor_reached":56,"playtime":3328,"items_purged":["Defend_G","Strike_G","Defend_G","Defend_G"],"score":2523,"play_id":"f8197fe4-1523-4458-8373-2dd5cdd0d719","local_time":"20201221180507","is_ascension_mode":true,"campfire_choices":[{"data":"AT_Desolate","floor":10.0,"key":"SMITH"},{"data":"AT_FamilyPortrait","floor":15.0,"key":"SMITH"},{"data":"MostiFishMod:LethalBlade","floor":32,"key":"SMITH"},{"floor":41,"key":"RECALL"},{"data":"Blade Dance","floor":45,"key":"SMITH"},{"data":"Hidden Blade","floor":49,"key":"SMITH"},{"data":"Blade Dance","floor":52,"key":"SMITH"}],"circlet_count":0,"master_deck":["Strike_G+1","Strike_G+1","Defend_G+2","Survivor+1","Neutralize","MostiFishMod:Confrontation","AT_FamilyPortrait+1","Dagger Spray","Venomology","Blade Dance+1","AT_Desolate+1","Hidden Blade+1","Infinite Blades","MostiFishMod:LethalBlade+1","GremboGang","Burst+1","Replay:Bag of Tricks+1","Acrobatics","Blade Dance+1","MostiFishMod:Volcan+1","Adrenaline+1","Well Laid Plans+1","Acrobatics","ReplayTheSpireMod:Exploit Weakness"],"relics":["Ring of the Snake","DaveBox","REME_ComplimentaryCards","AT_ATBox","NeowsBlessing","HaiYi:Twilight","Question Card","REME_HandOfSuture","Strawberry","Pantograph","ZombieArmy","AT_MibuBalloonWealth","GodSword6","ImportantClient","PatriotShield","BrkXgEgg","AT_LudenTempest","Omamori","Nunchaku","Replay:Baseball","Ornamental Fan","Simple Rune","Hololive_LightStick","Toolbox","Black Star","CatCart","Bag of Marbles","Kunai","War Paint","Iron Hammer","Quantum Egg","ArrowTower","Dream Catcher","Ninja Scroll","Snake Skull","Replay:PocketPolymizer","TimeFreeze","Bottled Lightning","Replay:Bottled Snecko"],"acts_visited":["Exordium","TheCity","TheBeyond","TheEnding"],"potions_floor_usage":[33,35,35,36,40,46,54,55,55,55],"damage_taken":[{"damage":0.0,"enemies":"2 Louse","floor":1.0,"turns":1.0},{"damage":0.0,"enemies":"Cultist","floor":5.0,"turns":1.0},{"damage":0.0,"enemies":"3 Sentries","floor":6.0,"turns":1.0},{"damage":3.0,"enemies":"Small Slimes","floor":7.0,"turns":2.0},{"damage":3.0,"enemies":"Gremlin Nob","floor":8.0,"turns":3.0},{"damage":1.0,"enemies":"Exordium Thugs","floor":12.0,"turns":2.0},{"damage":0.0,"enemies":"Lagavulin","floor":14.0,"turns":3.0},{"damage":43.0,"enemies":"Fading Forest","floor":16.0,"turns":11.0},{"damage":0.0,"enemies":"Spheric Guardian","floor":18.0,"turns":3.0},{"damage":0.0,"enemies":"2 Thieves","floor":19.0,"turns":3.0},{"damage":1.0,"enemies":"Centurion and Healer","floor":20.0,"turns":2.0},{"damage":1.0,"enemies":"3 Cultists","floor":22.0,"turns":3.0},{"damage":1.0,"enemies":"Gremlin Leader","floor":23.0,"turns":2.0},{"damage":0.0,"enemies":"REME_1_Revenger","floor":25.0,"turns":2.0},{"damage":0.0,"enemies":"Book of Stabbing","floor":27.0,"turns":1.0},{"damage":0.0,"enemies":"REME_1_Revenger","floor":29.0,"turns":2.0},{"damage":0.0,"enemies":"Cultist and Chosen","floor":30.0,"turns":1.0},{"damage":0,"enemies":"Automaton","floor":33,"turns":3},{"damage":0,"enemies":"3 Darklings","floor":35,"turns":2},{"damage":0,"enemies":"Orin","floor":36,"turns":7},{"damage":0,"enemies":"Orb Walker","floor":37,"turns":1},{"damage":0,"enemies":"4 Shapes","floor":38,"turns":2},{"damage":0,"enemies":"R_Hoarder","floor":40,"turns":4},{"damage":0,"enemies":"Giant Head","floor":42,"turns":2},{"damage":0,"enemies":"R_Hoarder","floor":44,"turns":2},{"damage":0,"enemies":"Reptomancer","floor":46,"turns":1},{"damage":0,"enemies":"Mind Bloom Boss Battle","floor":47,"turns":1},{"damage":0,"enemies":"Time Eater","floor":50,"turns":2},{"damage":0,"enemies":"Shield and Spear","floor":54,"turns":1},{"damage":0,"enemies":"The Heart","floor":55,"turns":3}],"seed_played":"-8001339517984384839","potions_obtained":[{"floor":6.0,"key":"DistilledChaos"},{"floor":7.0,"key":"Elixir"},{"floor":8.0,"key":"Dexterity Potion"},{"floor":27.0,"key":"EssenceOfSteel"},{"floor":37,"key":"Energy Potion"},{"floor":42,"key":"CunningPotion"},{"floor":47,"key":"Block Potion"}],"is_trial":false,"path_per_floor":["M","?","$","?","M","E","M","E","T","R","T","M","?","E","R","B",null,"M","M","M","$","M","E","?","E","T","E","?","E","M","$","R","B",null,"M","?","M","M","$","E","R","E","T","E","R","E","?","?","R","B",null,"R","$","E","B",null],"character_chosen":"THE_SILENT","items_purchased":["BrkXgEgg","AT_LudenTempest","Hololive_LightStick","Burst+1","Toolbox","Bag of Marbles","Blade Dance","TimeFreeze","Bottled Lightning"],"campfire_rested":0,"item_purchase_floors":[21,21,31,31,31,39,39,53,53],"current_hp_per_floor":[63,63,63,63,63,70,67,64,64,64,64,63,48,48,48,41,68,68,68,67,67,66,65,65,65,65,65,65,65,65,65,65,77,77,77,77,77,77,77,77,77,77,77,77,77,77,77,77,77,77,77,77,77,77,77],"gold":585,"neow_bonus":"THREE_ENEMY_KILL","is_daily":false,"chose_seed":false,"campfire_upgraded":6,"win_rate":0.0,"timestamp":1608545107,"path_taken":["M","?","?","?","?","E","M","E","T","R","?","M","?","E","R","BOSS","M","M","M","$","M","E","?","E","T","E","?","E","M","$","R","BOSS","M","?","M","M","$","E","R","E","T","E","R","E","?","?","R","BOSS","R","$","E","BOSS"],"items_purchased_type":["Relic","Relic","Relic","Card","Relic","Relic","Card","Relic","Relic"],"build_version":"2020-12-13","purchased_purges":4,"victory":true,"max_hp_per_floor":[70,70,70,70,70,77,77,77,77,77,77,77,77,77,77,77,77,77,77,77,77,77,77,77,77,77,77,77,77,77,77,77,77,77,77,77,77,77,77,77,77,77,77,77,77,77,77,77,77,77,77,77,77,77,77],"card_choices":[{"not_picked":["Flechettes","ReplayTheSpireMod:Scrap Shanks"],"picked":"Dagger Spray","floor":1.0},{"not_picked":["Quick Slash","AT_TwilightShroud","PiercingWail"],"picked":"Blade Dance","floor":5.0},{"not_picked":["Quick Slash","Acrobatics","Fluid Movement"],"picked":"AT_Desolate","floor":6.0},{"not_picked":["Poisoned Stab","Deadly Poison","ReplayTheSpireMod:Exploit Weakness","Sucker Punch"],"picked":"SKIP","floor":7.0},{"not_picked":["ReplayTheSpireMod:Exploit Weakness","Sucker Punch","PiercingWail","Corpse Explosion"],"picked":"SKIP","floor":8.0},{"not_picked":["Predator","Dodge and Roll","PiercingWail"],"picked":"Hidden Blade","floor":12.0},{"not_picked":["Dodge and Roll","Leg Sweep","Dagger Throw"],"picked":"Infinite Blades","floor":14.0},{"not_picked":["Tools of the Trade","Storm of Steel","MostiFishMod:Neurotoxin"],"picked":"MostiFishMod:LethalBlade","floor":16.0},{"not_picked":["Underhanded Strike+1","Outmaneuver+1","Deflect","Deadly Poison+1"],"picked":"SKIP","floor":18.0},{"not_picked":["Slice","All Out Attack","Distraction","Heel Hook"],"picked":"SKIP","floor":19.0},{"not_picked":["Underhanded Strike+1","MostiFishMod:PerfectParry","Flying Knee","PiercingWail+1"],"picked":"SKIP","floor":20.0},{"not_picked":["Dagger Throw","Masterful Stab","Slice+1","Poisoned Stab"],"picked":"SKIP","floor":22.0},{"not_picked":["Slice","REME_ShadowStrike","Underhanded Strike","MostiFishMod:PoisonShield+1"],"picked":"SKIP","floor":23.0},{"not_picked":["AT_WindFlip","Catalyst","MostiFishMod:PoisonShield","AT_WomanClash+1"],"picked":"SKIP","floor":25.0},{"not_picked":["AT_WindFlip","Catalyst","MostiFishMod:PoisonShield","AT_WomanClash+1"],"picked":"SKIP","floor":25.0},{"not_picked":["Infinite Blades+1","MostiFishMod:InvigoratingSolution","Calculated Gamble","Dagger Spray"],"picked":"SKIP","floor":27.0},{"not_picked":["Finisher","AT_KneejerkReflex","Calculated Gamble","Dagger Spray"],"picked":"SKIP","floor":29.0},{"not_picked":["Finisher","AT_KneejerkReflex","Calculated Gamble","Dagger Spray"],"picked":"SKIP","floor":29.0},{"not_picked":["ReplayTheSpireMod:Exploit Weakness+1","Replay:Poison Smokescreen","Outmaneuver","Dodge and Roll"],"picked":"SKIP","floor":30},{"not_picked":["Poison Darts+1","Storm of Steel+1","ReplayTheSpireMod:Necrosis+1"],"picked":"Replay:Bag of Tricks+1","floor":33},{"not_picked":["Predator","Toxin Wave+1","Deadly Poison","Flechettes+1"],"picked":"SKIP","floor":35},{"not_picked":["MostiFishMod:PerfectParry+1","Dodge and Roll","Poisoned Stab+1"],"picked":"Acrobatics","floor":36},{"not_picked":["Underhanded Strike+1","Blur","Crippling Poison+1","Quick Slash"],"picked":"SKIP","floor":37},{"not_picked":["Prepared","Deadly Poison+1","Acrobatics+1","Quick Slash+1"],"picked":"SKIP","floor":38},{"not_picked":["Deadly Poison+1","REME_GreenPollution+1","Accuracy+1"],"picked":"MostiFishMod:Volcan+1","floor":40},{"not_picked":["Bouncing Flask+1","PiercingWail","Dagger Spray","Underhanded Strike"],"picked":"SKIP","floor":42},{"not_picked":["Bane","Tactician","Riddle With Holes+1"],"picked":"Adrenaline+1","floor":44},{"not_picked":["AT_WindFlip+1","Draining Mist+1","Deadly Poison","Cloak And Dagger"],"picked":"SKIP","floor":46},{"not_picked":["PiercingWail+1","Dagger Spray","Eviscerate+1"],"picked":"Well Laid Plans+1","floor":47},{"not_picked":["Fluid Movement","AT_WindFlip+1","Poisoned Stab","Burst+1"],"picked":"SKIP","floor":54}],"player_experience":714549,"relics_obtained":[{"floor":1.0,"key":"Question Card"},{"floor":6.0,"key":"Strawberry"},{"floor":8.0,"key":"Pantograph"},{"floor":9.0,"key":"ZombieArmy"},{"floor":11.0,"key":"AT_MibuBalloonWealth"},{"floor":14.0,"key":"GodSword6"},{"floor":16.0,"key":"ImportantClient"},{"floor":23.0,"key":"Omamori"},{"floor":25.0,"key":"Nunchaku"},{"floor":26.0,"key":"Replay:Baseball"},{"floor":27.0,"key":"Ornamental Fan"},{"floor":29.0,"key":"Simple Rune"},{"floor":36,"key":"CatCart"},{"floor":40,"key":"Kunai"},{"floor":40,"key":"War Paint"},{"floor":42,"key":"Iron Hammer"},{"floor":42,"key":"Quantum Egg"},{"floor":44,"key":"ArrowTower"},{"floor":44,"key":"Dream Catcher"},{"floor":46,"key":"Ninja Scroll"},{"floor":46,"key":"Snake Skull"},{"floor":47,"key":"Replay:PocketPolymizer"},{"floor":54,"key":"Replay:Bottled Snecko"}],"event_choices":[{"damage_healed":0.0,"max_hp_gain":0.0,"max_hp_loss":0.0,"gold_gain":0.0,"event_name":"WeMeetAgain","player_choice":"Paid Gold","floor":2.0,"gold_loss":86.0,"damage_taken":0.0,"relics_obtained":["REME_HandOfSuture"]},{"damage_healed":0.0,"max_hp_gain":0.0,"max_hp_loss":0.0,"gold_gain":0.0,"cards_transformed":["Strike_G"],"event_name":"Transmorgrifier","player_choice":"Transformed","floor":4.0,"gold_loss":0.0,"damage_taken":0.0,"cards_obtained":["Venomology"]},{"damage_healed":0.0,"max_hp_gain":0.0,"max_hp_loss":0.0,"gold_gain":0.0,"event_name":"Shining Light","player_choice":"Entered Light","floor":13.0,"gold_loss":0.0,"damage_taken":15.0,"cards_upgraded":["Strike_G","Strike_G"]},{"damage_healed":0,"gold_gain":0,"player_choice":"Fight","damage_taken":0,"max_hp_gain":0,"max_hp_loss":0,"event_name":"OrinTheCat","floor":36,"gold_loss":0},{"damage_healed":0,"gold_gain":0,"player_choice":"Fight","damage_taken":0,"max_hp_gain":0,"max_hp_loss":0,"event_name":"MindBloom","floor":47,"gold_loss":0},{"damage_healed":0,"gold_gain":100,"player_choice":"Pray","damage_taken":0,"max_hp_gain":0,"max_hp_loss":0,"event_name":"Golden Shrine","floor":48,"gold_loss":0}],"is_beta":false,"boss_relics":[{"not_picked":["Velvet Choker","Replay:Drink Me"],"picked":"PatriotShield"},{"not_picked":["Runic Dome","WristBlade"],"picked":"Black Star"}],"items_purged_floors":[21,31,39,53],"is_endless":false,"potions_floor_spawned":[6,7,8,18,23,25,27,29,33,37,38,40,42,47,54],"ascension_level":8}}