{"host":"93x13jgem5w43hjr","time":1608584165,"event":{"mods":["AchievementEnabler","BaseMod","Colored Map","Colored Powertips","Downfall","Minty Spire (QoL Compilation)","Replay The Spire","StSLib"],"gold_per_floor":[119,119,21,21,36,36,70,70,70,80,80,91,105,280,280,382,382,357,370,142,142,142,142,159,171,221,234,134,167,183,196,196,293,293,305,527,527,527],"floor_reached":39,"playtime":2487,"items_purged":["Doubt","Bite"],"score":531,"play_id":"ad89d52c-a9f9-49a0-879b-960351508f93","local_time":"20201221135605","is_ascension_mode":false,"campfire_choices":[{"data":"Replay:Parry","floor":6,"key":"SMITH"},{"data":"Iron Wave","floor":8,"key":"SMITH"},{"data":"Body Slam","floor":11,"key":"SMITH"},{"data":"Metallicize","floor":15,"key":"SMITH"},{"floor":23,"key":"RECALL"},{"floor":32,"key":"REST"}],"circlet_count":0,"master_deck":["Defend_R+1","Defend_R","Defend_R+1","Defend_R","Body Slam+1","Replay:Parry+1","Iron Wave+1","ReplayReversal","Metallicize+1","Impervious","Shrug It Off+1","Power Through","Power Through","Good Instincts","Bite","Bite","Bite","Bite","Evolve","Entrench+1","Fire Breathing","Iron Wave+1"],"relics":["Burning Blood","NeowsBlessing","Bag of Preparation","ReplayTheSpireMod:Spearhead","Fusion Hammer","Nloth\u0027s Gift","Simple Rune","Red Mask","expansioncontent:StudyCardRelic"],"acts_visited":["Exordium","TheCity","TheBeyond"],"potions_floor_usage":[12,13,16,27,29,33,33],"damage_taken":[{"damage":0,"enemies":"Jaw Worm","floor":1,"turns":1},{"damage":0,"enemies":"2 Louse","floor":5,"turns":1},{"damage":0,"enemies":"Lagavulin","floor":7,"turns":1},{"damage":0,"enemies":"Cultist","floor":10,"turns":3},{"damage":0,"enemies":"Blue Slaver","floor":12,"turns":3},{"damage":0,"enemies":"2 Fungi Beasts","floor":13,"turns":3},{"damage":70,"enemies":"Fading Forest","floor":16,"turns":11},{"damage":20,"enemies":"2 Thieves","floor":18,"turns":5},{"damage":0,"enemies":"Spheric Guardian","floor":19,"turns":7},{"damage":0,"enemies":"Shelled Parasite and Fungi","floor":24,"turns":5},{"damage":3,"enemies":"Snake Plant","floor":25,"turns":3},{"damage":2,"enemies":"3 Cultists","floor":27,"turns":6},{"damage":0,"enemies":"Masked Bandits","floor":29,"turns":4},{"damage":0,"enemies":"Centurion and Healer","floor":30,"turns":7},{"damage":1,"enemies":"Sentry and Sphere","floor":31,"turns":6},{"damage":5,"enemies":"Pondfish","floor":33,"turns":13},{"damage":0,"enemies":"3 Shapes","floor":35,"turns":4},{"damage":76,"enemies":"Replay:Hell Engine","floor":38,"turns":19}],"seed_played":"5092756760022515233","potions_obtained":[{"floor":5,"key":"Adrenaline Potion"},{"floor":7,"key":"Guardian:BlockOnCardUsePotion"},{"floor":10,"key":"Fire Potion"},{"floor":25,"key":"ColorlessPotion"},{"floor":27,"key":"champ:CounterPotion"},{"floor":29,"key":"Reflective Coating"},{"floor":30,"key":"ColorlessPotion"}],"is_trial":false,"path_per_floor":["M","?","$","?","M","R","E","R","T","M","R","M","M","?","R","B",null,"M","M","$","?","?","R","M","M","T","M","$","?","M","M","R","B",null,"M","?","?","B",null],"character_chosen":"IRONCLAD","items_purchased":["Replay:Parry","Power Through","Good Instincts"],"campfire_rested":1,"item_purchase_floors":[3,20,20],"current_hp_per_floor":[80,67,67,60,66,66,72,72,72,78,78,84,85,85,85,33,85,71,77,77,59,59,59,59,59,59,59,59,59,59,59,59,59,59,59,59,59,19],"gold":527,"neow_bonus":"THREE_ENEMY_KILL","is_daily":false,"chose_seed":false,"campfire_upgraded":4,"win_rate":0.0,"timestamp":1608584165,"path_taken":["M","?","$","?","?","R","E","R","T","?","R","M","M","?","R","BOSS","M","M","$","?","?","R","?","M","T","M","$","?","M","M","R","BOSS","M","?","?","BOSS"],"items_purchased_type":["Card","Card","Card"],"build_version":"2020-12-13","purchased_purges":2,"victory":true,"max_hp_per_floor":[80,85,85,85,85,85,85,85,85,85,85,85,85,85,85,85,85,85,85,85,59,59,59,59,59,59,59,59,59,59,59,59,59,59,59,59,59,59],"card_choices":[{"not_picked":["Pommel Strike","Thunderclap"],"picked":"Body Slam","floor":1},{"not_picked":["Intimidate","Cleave"],"picked":"Iron Wave","floor":5},{"not_picked":["Flex","Pummel","Life Link"],"picked":"SKIP","floor":7},{"not_picked":["Evolve","Twin Strike"],"picked":"ReplayReversal","floor":10},{"not_picked":["Heavy Blade","Burning Pact","Spot Weakness"],"picked":"SKIP","floor":12},{"not_picked":["Cleave","ReplayTheSpireMod:Corrosion Curse"],"picked":"Metallicize","floor":13},{"not_picked":["Replay:Many Hands","Immolate"],"picked":"Impervious","floor":16},{"not_picked":["Warcry+1","Infernal Blade"],"picked":"Shrug It Off+1","floor":18},{"not_picked":["Run Through","Cleave","Pummel+1"],"picked":"SKIP","floor":19},{"not_picked":["Body Slam","True Grit"],"picked":"Evolve","floor":24},{"not_picked":["Life Link","Shockwave"],"picked":"Entrench+1","floor":25},{"not_picked":["Havoc+1","Brutality","Hemokinesis"],"picked":"SKIP","floor":27},{"not_picked":["Headbutt+1","Wild Strike"],"picked":"Fire Breathing","floor":29},{"not_picked":["Run Through","Thunderclap","Sword Boomerang"],"picked":"SKIP","floor":30},{"not_picked":["Corruption","True Grit","Pummel"],"picked":"SKIP","floor":31},{"not_picked":["Bloodletting+1","Pommel Strike"],"picked":"Iron Wave+1","floor":35}],"player_experience":133997,"relics_obtained":[{"floor":7,"key":"Bag of Preparation"},{"floor":9,"key":"ReplayTheSpireMod:Spearhead"},{"floor":26,"key":"Simple Rune"},{"floor":29,"key":"Red Mask"}],"event_choices":[{"damage_healed":0,"gold_gain":0,"player_choice":"Success","damage_taken":18,"relics_obtained":["Durian"],"max_hp_gain":0,"max_hp_loss":0,"event_name":"Scrap Ooze","floor":2,"gold_loss":0},{"cards_removed":["Bash"],"damage_healed":0,"gold_gain":0,"player_choice":"Card Removal","damage_taken":7,"max_hp_gain":0,"max_hp_loss":0,"event_name":"Golden Wing","floor":4,"gold_loss":0},{"damage_healed":0,"gold_gain":175,"player_choice":"AGREE","damage_taken":0,"max_hp_gain":0,"max_hp_loss":0,"event_name":"Liars Game","floor":14,"gold_loss":0,"cards_obtained":["Doubt"]},{"damage_healed":0,"gold_gain":0,"player_choice":"Became a vampire","damage_taken":0,"max_hp_gain":0,"max_hp_loss":26,"event_name":"Vampires","floor":21,"gold_loss":0,"cards_obtained":["Bite","Bite","Bite","Bite","Bite"]},{"damage_healed":0,"gold_gain":0,"player_choice":"Traded Relic","damage_taken":0,"relics_obtained":["Nloth\u0027s Gift"],"max_hp_gain":0,"max_hp_loss":0,"event_name":"N\u0027loth","floor":22,"relics_lost":["Durian"],"gold_loss":0},{"damage_healed":0,"gold_gain":0,"player_choice":"Fought Bandits","damage_taken":0,"max_hp_gain":0,"max_hp_loss":0,"event_name":"Masked Bandits","floor":29,"gold_loss":0},{"damage_healed":0,"gold_gain":222,"player_choice":"Wore Mask","damage_taken":0,"max_hp_gain":0,"max_hp_loss":0,"event_name":"Tomb of Lord Red Mask","floor":36,"gold_loss":0},{"damage_healed":0,"gold_gain":0,"player_choice":"Took Portal","damage_taken":0,"max_hp_gain":0,"max_hp_loss":0,"event_name":"SecretPortal","floor":37,"gold_loss":0}],"is_beta":false,"boss_relics":[{"not_picked":["Runic Dome","Runic Cube"],"picked":"Fusion Hammer"},{"not_picked":["Ring of Chaos","Electric Blood"],"picked":"expansioncontent:StudyCardRelic"}],"items_purged_floors":[20,28],"is_endless":false,"potions_floor_spawned":[5,7,10,25,27,29,30],"ascension_level":0}}