{"host":"6t1lyqu4vs0bu9t8","time":1608553758,"event":{"mods":["AchievementEnabler","BaseMod","Colored Map","Keyboard Shortcuts","Minty Spire (QoL Compilation)","Permanent Neow","Quick Restart","Rare Cards Sparkle","StSLib","SuperFastMode","everything is the same but u backflip on backflip"],"gold_per_floor":[12,12,24,40,57,57,89,89,114,70,85,119,133,133,133,204,204,204,204],"floor_reached":18,"playtime":306,"items_purged":[],"score":374,"play_id":"d80ce539-fbb4-4c6d-9e35-fcdd32e91088","local_time":"20201221212918","is_ascension_mode":true,"campfire_choices":[{"data":"Ragnarok","floor":6.0,"key":"SMITH"},{"data":"FlurryOfBlows","floor":8.0,"key":"SMITH"},{"data":"ForeignInfluence","floor":15.0,"key":"SMITH"}],"circlet_count":0,"master_deck":["AscendersBane","Strike_P+1","Strike_P+1","Defend_P","Defend_P","Defend_P","Eruption+1","Vigilance","Ragnarok+1","ReachHeaven","Evaluate","FlurryOfBlows+1","Halt","FearNoEvil","Adaptation","ForeignInfluence+1","WheelKick","WheelKick","DeusExMachina"],"relics":["PureWater","Whetstone","Oddly Smooth Stone","MealTicket","Empty Cage"],"acts_visited":["Exordium","TheCity"],"potions_floor_usage":[16],"damage_taken":[{"damage":0.0,"enemies":"2 Louse","floor":1.0,"turns":2.0},{"damage":0.0,"enemies":"Cultist","floor":3.0,"turns":1.0},{"damage":0.0,"enemies":"Jaw Worm","floor":4.0,"turns":3.0},{"damage":0.0,"enemies":"2 Fungi Beasts","floor":5.0,"turns":2.0},{"damage":15.0,"enemies":"3 Sentries","floor":7.0,"turns":4.0},{"damage":0.0,"enemies":"Looter","floor":11.0,"turns":2.0},{"damage":0.0,"enemies":"Gremlin Nob","floor":12.0,"turns":2.0},{"damage":0.0,"enemies":"Blue Slaver","floor":13.0,"turns":2.0},{"damage":22,"enemies":"The Guardian","floor":16,"turns":9},{"damage":0,"enemies":"3 Byrds","floor":18,"turns":2}],"seed_played":"1378672855043627851","potions_obtained":[{"floor":5.0,"key":"Dexterity Potion"},{"floor":7.0,"key":"Energy Potion"},{"floor":11.0,"key":"ColorlessPotion"},{"floor":16,"key":"BlessingOfTheForge"}],"is_trial":false,"path_per_floor":["M","?","M","M","M","R","E","R","T","$","M","E","M","?","R","B",null,"M"],"character_chosen":"WATCHER","items_purchased":["Adaptation"],"campfire_rested":0,"item_purchase_floors":[10],"current_hp_per_floor":[61,61,61,61,61,61,46,46,46,46,46,46,46,46,46,24,57,57,57],"gold":204,"neow_bonus":"THREE_RARE_CARDS","is_daily":false,"chose_seed":false,"campfire_upgraded":3,"win_rate":0.0,"timestamp":1608553758,"path_taken":["M","?","M","M","?","R","E","R","T","$","M","E","M","?","R","BOSS","M"],"items_purchased_type":["Card"],"build_version":"2020-12-13","purchased_purges":0,"victory":false,"max_hp_per_floor":[68,68,68,68,68,68,68,68,68,68,68,68,68,68,68,68,68,68,68],"card_choices":[{"not_picked":["MasterReality","Scrawl"],"picked":"Ragnarok","floor":0.0},{"not_picked":["ClearTheMind","CrushJoints"],"picked":"ReachHeaven","floor":1.0},{"not_picked":["SashWhip","CrushJoints"],"picked":"Evaluate","floor":3.0},{"not_picked":["SashWhip","Conclude"],"picked":"FlurryOfBlows","floor":4.0},{"not_picked":["FlurryOfBlows","BowlingBash"],"picked":"Halt","floor":5.0},{"not_picked":["DeusExMachina","SashWhip"],"picked":"FearNoEvil","floor":7.0},{"not_picked":["FlurryOfBlows","Fasting2"],"picked":"ForeignInfluence","floor":11.0},{"not_picked":["Halt","Consecrate"],"picked":"WheelKick","floor":12.0},{"not_picked":["CarveReality","TalkToTheHand"],"picked":"WheelKick","floor":13.0},{"not_picked":["Omniscience","Brilliance"],"picked":"DeusExMachina","floor":16}],"player_experience":410946,"relics_obtained":[{"floor":7.0,"key":"Whetstone"},{"floor":9.0,"key":"Oddly Smooth Stone"},{"floor":12.0,"key":"MealTicket"}],"event_choices":[{"damage_healed":0.0,"max_hp_gain":0.0,"max_hp_loss":0.0,"gold_gain":0.0,"event_name":"Accursed Blacksmith","player_choice":"Forge","floor":2.0,"gold_loss":0.0,"damage_taken":0.0,"cards_upgraded":["Eruption"]},{"cards_removed":["Strike_P"],"damage_healed":0.0,"max_hp_gain":0.0,"max_hp_loss":0.0,"gold_gain":0.0,"event_name":"Living Wall","player_choice":"Forget","floor":14.0,"gold_loss":0.0,"damage_taken":0.0}],"is_beta":false,"boss_relics":[{"not_picked":["SacredBark","Coffee Dripper"],"picked":"Empty Cage"}],"items_purged_floors":[],"is_endless":false,"potions_floor_spawned":[5,7,11,16],"killed_by":"3 Byrds","ascension_level":18}}