{"host":"0rg7s82m7tu5l1cb","time":1608524550,"event":{"mods":["BaseMod","Downfall","Hermit","Minty Spire (QoL Compilation)","Replay The Spire","StSLib"],"gold_per_floor":[112,112,136,136,152,191,191,191,191,40,40,63,107,121,121,121,121],"floor_reached":16,"playtime":1002,"items_purged":[],"score":110,"play_id":"8279904b-8573-4986-91e2-7768cd92b87f","local_time":"20201221012230","is_ascension_mode":false,"campfire_choices":[{"floor":8,"key":"REST"},{"data":"hermit:Shortfuse","floor":11,"key":"SMITH"}],"circlet_count":0,"master_deck":["hermit:Strike_Hermit","hermit:Strike_Hermit","hermit:Strike_Hermit","hermit:Strike_Hermit","hermit:Defend_Hermit","hermit:Defend_Hermit","hermit:Defend_Hermit+1","hermit:Defend_Hermit","hermit:Snapshot","hermit:Covet","hermit:Quickdraw","Injury","hermit:Shortfuse+1","hermit:Feint+1","hermit:FlashPowder+1","Writhe","hermit:LoneWolf+1","hermit:WideOpen+1","hermit:Coalescence+1"],"relics":["hermit:Momento","Golden Idol","Toxic Egg 2","Blue Candle","Turnip","Frozen Eye","Incense Burner"],"acts_visited":["Exordium"],"potions_floor_usage":[],"damage_taken":[{"damage":2,"enemies":"Small Slimes","floor":1,"turns":4},{"damage":0,"enemies":"Jaw Worm","floor":3,"turns":3},{"damage":6,"enemies":"Cultist","floor":5,"turns":3},{"damage":26,"enemies":"Lagavulin","floor":6,"turns":7},{"damage":23,"enemies":"3 Louse","floor":12,"turns":4},{"damage":14,"enemies":"Gremlin Nob","floor":13,"turns":5},{"damage":0,"enemies":"Blue Slaver","floor":14,"turns":3},{"damage":53,"enemies":"Fading Forest","floor":16,"turns":7}],"seed_played":"-8356070036215211812","potions_obtained":[{"floor":3,"key":"Doom Potion"},{"floor":13,"key":"Flashbang"}],"is_trial":false,"path_per_floor":["M","?","M","?","M","E","?","R","T","$","R","M","E","M","R","B"],"character_chosen":"HERMIT","items_purchased":["Frozen Eye"],"campfire_rested":1,"item_purchase_floors":[10],"current_hp_per_floor":[73,73,73,66,60,34,34,56,56,56,56,33,19,19,41,0,0],"gold":121,"neow_bonus":"RANDOM_EVENT","is_daily":false,"chose_seed":false,"campfire_upgraded":1,"win_rate":0.0,"timestamp":1608524550,"path_taken":["M","?","M","?","M","E","?","R","T","$","R","M","E","M","R","BOSS"],"items_purchased_type":["Relic"],"build_version":"2020-12-13","purchased_purges":0,"victory":false,"max_hp_per_floor":[75,75,75,75,75,75,75,75,75,75,75,75,75,75,75,75,75],"card_choices":[{"not_picked":["hermit:TrackingShot","hermit:Roulette"],"picked":"hermit:Quickdraw","floor":1},{"not_picked":["hermit:Brawl","hermit:Misfire"],"picked":"hermit:Shortfuse","floor":3},{"not_picked":["hermit:TrackingShot","hermit:TakeCover+1"],"picked":"hermit:Feint+1","floor":5},{"not_picked":["hermit:Adapt","hermit:HighCaliber"],"picked":"hermit:FlashPowder+1","floor":6},{"not_picked":["hermit:Shortfuse","hermit:WideOpen"],"picked":"hermit:LoneWolf+1","floor":12},{"not_picked":["hermit:LoneWolf+1","hermit:Cheat+1"],"picked":"hermit:WideOpen","floor":13},{"not_picked":["hermit:Feint+1","hermit:Roulette"],"picked":"hermit:Coalescence+1","floor":14}],"player_experience":85056,"relics_obtained":[{"floor":6,"key":"Blue Candle"},{"floor":9,"key":"Turnip"},{"floor":13,"key":"Incense Burner"}],"event_choices":[{"damage_healed":0,"gold_gain":0,"player_choice":"Take Wound","damage_taken":0,"relics_obtained":["Golden Idol"],"max_hp_gain":0,"max_hp_loss":0,"event_name":"Golden Idol","floor":2,"gold_loss":0,"cards_obtained":["Injury"]},{"damage_healed":0,"gold_gain":0,"player_choice":"Success","damage_taken":7,"relics_obtained":["Toxic Egg 2"],"max_hp_gain":0,"max_hp_loss":0,"event_name":"Scrap Ooze","floor":4,"gold_loss":0}],"is_beta":false,"boss_relics":[],"items_purged_floors":[],"is_endless":false,"potions_floor_spawned":[3,13],"killed_by":"Fading Forest","ascension_level":0}}