{"host":"e0cd4bhk462yjjnf","time":1608592311,"event":{"mods":["AchievementEnabler","BaseMod","Better Note","Colored Map","Colored Powertips","Downfall","Gremlin Mod","Highlight Path","Hubris","Minty Spire (QoL Compilation)","Replay The Spire","Shop Mod","Spicy Shops","StSLib","The Disciple","The Jungle","The Vixen","Wandering Minibosses"],"gold_per_floor":[117,117,117,136,136,162,162,178,178,178,30,30,30,40,40,145,145,158,458,458,472,483,483,517,517,571,585,608,608,608,640,640,736,736,747,762,762,762,773,773,789,807,830,847,896,896,915,915,915],"floor_reached":51,"playtime":3616,"items_purged":["Gremlin:Strike"],"score":785,"play_id":"296e8180-0caf-42fb-87b6-1b62044c1757","local_time":"20201221181151","is_ascension_mode":false,"campfire_choices":[{"floor":13.0,"key":"REST"},{"floor":15.0,"key":"DIG"},{"floor":25,"key":"REST"},{"floor":32,"key":"REST"},{"floor":40,"key":"RECALL"},{"data":"Gremlin:EdibleArmor","floor":49,"key":"SMITH"}],"circlet_count":0,"master_deck":["Gremlin:Strike","Gremlin:Defend","Gremlin:Defend+1","Gremlin:TagTeam","Gremlin:GremlinDance","Gremlin:Revel","Gremlin:Unforgiving+1","Gremlin:TwistTheKnife","Gremlin:Pretaliation","Gremlin:Changeo","Gremlin:CongaLine","Gremlin:IrksomeBlow+1","Gremlin:PinNeedle+1","Gremlin:Wizardry","Gremlin:Jeer","Gremlin:Presto","Gremlin:Necromancy","Gremlin:GremlinArms","Gremlin:Irritability","Gremlin:Tricksy","Gremlin:Changeo","Gremlin:Encore","Gremlin:Tadah+1","Gremlin:Irritability+1","Gremlin:Changeo+1","Parasite","Gremlin:GremlinToss","Gremlin:PourSalt+1","Gremlin:EdibleArmor+1"],"relics":["Gremlin:GremlinKnob","GremlinMask","Ice Cream","Toolbox","Vajra","Busted Crown","hubris:NiceRug","Happy Flower","hubris:PeanutButter","ClockworkSouvenir","Orichalcum","Regal Pillow","Cauldron","hubris:FunFungus","hubris:ToyBattleship","Dream Catcher","ReplayTheSpireMod:TigerMarble","Replay:WaspNest","hubris:VirtuousBlindfold","hubris:SlimyHat","hubris:Teleporter"],"acts_visited":["Exordium","Exordium","TheBeyond"],"potions_floor_usage":[24,24,24,31,36,45],"damage_taken":[{"damage":3.0,"enemies":"2 Louse","floor":1.0,"turns":3.0},{"damage":2.0,"enemies":"Jaw Worm","floor":4.0,"turns":5.0},{"damage":22.0,"enemies":"Replay:BlueRogue","floor":6.0,"turns":5.0},{"damage":0.0,"enemies":"Cultist","floor":8.0,"turns":2.0},{"damage":0.0,"enemies":"Looter","floor":14.0,"turns":1.0},{"damage":40.0,"enemies":"The Guardian","floor":16.0,"turns":8.0},{"damage":6.0,"enemies":"theJungle:MUSHROOMGANG","floor":18.0,"turns":3.0},{"damage":12.0,"enemies":"hubris:Merchant","floor":19.0,"turns":4.0},{"damage":0,"enemies":"theJungle:Flameango_and_Byrd","floor":21,"turns":5},{"damage":4,"enemies":"theJungle:2_Flameangoes","floor":22,"turns":3},{"damage":0,"enemies":"theJungle:Cassacara","floor":24,"turns":4},{"damage":3,"enemies":"theJungle:2_Snecko_Cultists","floor":27,"turns":4},{"damage":0,"enemies":"theJungle:2_Phrogs","floor":31,"turns":5},{"damage":9,"enemies":"theJungle:TotemBoss","floor":33,"turns":6},{"damage":7,"enemies":"3 Darklings","floor":35,"turns":4},{"damage":0,"enemies":"Orb Walker","floor":36,"turns":2},{"damage":0,"enemies":"Spire Growth","floor":39,"turns":5},{"damage":0,"enemies":"Writhing Mass","floor":41,"turns":5},{"damage":0,"enemies":"Maw","floor":42,"turns":6},{"damage":0,"enemies":"Jaw Worm Horde","floor":44,"turns":5},{"damage":0,"enemies":"2 Orb Walkers","floor":45,"turns":4},{"damage":0,"enemies":"3 Darklings","floor":47,"turns":3},{"damage":0,"enemies":"Time Eater","floor":50,"turns":7}],"seed_played":"4982187952922346591","potions_obtained":[{"floor":1.0,"key":"Adrenaline Potion"},{"floor":6.0,"key":"Doom Potion"},{"floor":16.0,"key":"SkillPotion"},{"floor":18.0,"key":"GamblersBrew"},{"floor":19,"key":"BlessingOfTheForge"},{"floor":19,"key":"champ:CounterPotion"},{"floor":19,"key":"Fire Potion"},{"floor":19,"key":"Dexterity Potion"},{"floor":21,"key":"FearPotion"},{"floor":27,"key":"Explosive Potion"},{"floor":35,"key":"Weak Potion"},{"floor":39,"key":"DistilledChaos"},{"floor":44,"key":"Reflective Coating"},{"floor":45,"key":"AttackPotion"},{"floor":47,"key":"Swift Potion"}],"is_trial":false,"path_per_floor":["M","?","?","M","?","E","?","M","T","R","$","$","R","M","R_BF","B",null,"M","$","?","M","M","R","E","R","T","M","T","?","$","E","R","B",null,"M","M","?","?","M","R","M","M","T","M","?","?","M","R_BF","B",null],"character_chosen":"GREMLIN","items_purchased":["Toolbox"],"campfire_rested":3,"item_purchase_floors":[11],"current_hp_per_floor":[21,21,21,21,21,21,21,18,18,18,18,18,20,20,20,20,20,20,20,20,4,18,18,19,19,19,19,19,19,19,19,19,19,19,12,19,19,19,19,19,19,19,19,19,19,19,19,19,19],"gold":915,"neow_bonus":"TEN_PERCENT_HP_BONUS","is_daily":false,"chose_seed":false,"campfire_upgraded":1,"win_rate":0.0,"timestamp":1608592311,"path_taken":["M","?","?","?","?","E","?","M","T","R","?","$","R","M","R_BF","BOSS","M","$","?","M","M","R","E","R","T","M","?","?","$","E","R","BOSS","M","M","?","?","M","R","?","M","T","M","?","?","?","R_BF","BOSS"],"items_purchased_type":["Relic"],"build_version":"2020-12-13","purchased_purges":1,"victory":true,"max_hp_per_floor":[21,21,21,21,21,21,21,21,21,20,20,20,20,20,20,20,20,20,20,20,20,20,19,19,19,19,19,19,19,19,19,19,19,19,19,19,19,19,19,19,19,19,19,19,19,19,19,19,19],"card_choices":[{"not_picked":["Gremlin:Pinprick","Gremlin:ShankStone"],"picked":"Gremlin:Revel","floor":1.0},{"not_picked":["Gremlin:Pinprick","Gremlin:Enthusiasm"],"picked":"Gremlin:TwistTheKnife","floor":4.0},{"not_picked":["Gremlin:BurlyBlow","Gremlin:FanOfKnives"],"picked":"Gremlin:Pretaliation","floor":6.0},{"not_picked":["Gremlin:Enthusiasm","Gremlin:Glimmer"],"picked":"Gremlin:Changeo","floor":8.0},{"not_picked":["Gremlin:Raid","Gremlin:Pretaliation","Gremlin:Stupend"],"picked":"SKIP","floor":14.0},{"not_picked":["Gremlin:Exacerbate","Gremlin:Duplicate"],"picked":"Gremlin:CongaLine","floor":16.0},{"not_picked":[],"picked":"Gremlin:IrksomeBlow+1","floor":18.0},{"not_picked":[],"picked":"Gremlin:PinNeedle+1","floor":19},{"not_picked":[],"picked":"Gremlin:Wizardry","floor":19},{"not_picked":["Gremlin:BurlyBlow"],"picked":"SKIP","floor":19},{"not_picked":["Gremlin:ShowOfHands"],"picked":"SKIP","floor":19},{"not_picked":["Gremlin:Raid"],"picked":"SKIP","floor":19},{"not_picked":["expansioncontent:YouAreMine"],"picked":"SKIP","floor":19},{"not_picked":["Midas Touch"],"picked":"SKIP","floor":19},{"not_picked":[],"picked":"Gremlin:Jeer","floor":21},{"not_picked":[],"picked":"Gremlin:Presto","floor":22},{"not_picked":[],"picked":"Gremlin:Necromancy","floor":24},{"not_picked":[],"picked":"Gremlin:GremlinArms","floor":27},{"not_picked":[],"picked":"Gremlin:Tricksy","floor":31},{"not_picked":[],"picked":"Gremlin:Changeo","floor":32},{"not_picked":[],"picked":"Gremlin:Encore","floor":33},{"not_picked":[],"picked":"Gremlin:Tadah+1","floor":35},{"not_picked":[],"picked":"Gremlin:Irritability+1","floor":36},{"not_picked":[],"picked":"Gremlin:Changeo+1","floor":39},{"not_picked":[],"picked":"Gremlin:GremlinToss","floor":41},{"not_picked":[],"picked":"Gremlin:PourSalt+1","floor":42},{"not_picked":["Gremlin:Glimmer"],"picked":"SKIP","floor":44},{"not_picked":[],"picked":"Gremlin:EdibleArmor","floor":47}],"player_experience":363045,"relics_obtained":[{"floor":6.0,"key":"Ice Cream"},{"floor":15.0,"key":"Vajra"},{"floor":19,"key":"Happy Flower"},{"floor":19,"key":"hubris:PeanutButter"},{"floor":19,"key":"ClockworkSouvenir"},{"floor":19,"key":"Orichalcum"},{"floor":19,"key":"Regal Pillow"},{"floor":19,"key":"Cauldron"},{"floor":24,"key":"hubris:ToyBattleship"},{"floor":26,"key":"Dream Catcher"},{"floor":28,"key":"ReplayTheSpireMod:TigerMarble"},{"floor":31,"key":"Replay:WaspNest"},{"floor":43,"key":"hubris:SlimyHat"},{"floor":45,"key":"hubris:Teleporter"}],"event_choices":[{"damage_healed":0.0,"max_hp_gain":0.0,"max_hp_loss":0.0,"gold_gain":0.0,"event_name":"FaceTrader","player_choice":"Trade","floor":3.0,"gold_loss":0.0,"damage_taken":0.0,"relics_obtained":["GremlinMask"]},{"cards_removed":["Gremlin:Strike"],"damage_healed":0.0,"max_hp_gain":0.0,"max_hp_loss":0.0,"gold_gain":0.0,"event_name":"Living Wall","player_choice":"Forget","floor":7.0,"gold_loss":0.0,"damage_taken":0.0},{"damage_healed":0,"gold_gain":0,"player_choice":"Gave Potion","damage_taken":0,"relics_obtained":["hubris:FunFungus"],"max_hp_gain":0,"max_hp_loss":0,"event_name":"WeMeetAgain","floor":20,"gold_loss":0},{"damage_healed":0,"gold_gain":0,"cards_transformed":["Gremlin:Defend"],"player_choice":"Transformed","damage_taken":0,"max_hp_gain":0,"max_hp_loss":0,"event_name":"Transmorgrifier","floor":29,"gold_loss":0,"cards_obtained":["Gremlin:Irritability"]},{"damage_healed":0,"gold_gain":0,"player_choice":"Ignored","damage_taken":0,"max_hp_gain":0,"max_hp_loss":0,"event_name":"Tomb of Lord Red Mask","floor":37,"gold_loss":0},{"cards_removed":["Gremlin:Strike"],"damage_healed":0,"gold_gain":0,"player_choice":"Purged","damage_taken":0,"max_hp_gain":0,"max_hp_loss":0,"event_name":"Purifier","floor":38,"gold_loss":0},{"damage_healed":0,"gold_gain":0,"player_choice":"Fight","damage_taken":0,"max_hp_gain":0,"max_hp_loss":0,"event_name":"Mysterious Sphere","floor":45,"gold_loss":0},{"cards_removed":["Gremlin:Jeer"],"damage_healed":0,"gold_gain":0,"player_choice":"Give","damage_taken":0,"max_hp_gain":0,"max_hp_loss":0,"event_name":"betterNote:BetterNote","floor":46,"gold_loss":0,"cards_obtained":["Strike_P"]}],"is_beta":false,"boss_relics":[{"not_picked":["Runic Dome","Replay:Grab Bag"],"picked":"Busted Crown"},{"not_picked":["Replay:Ancient Bell","Sozu"],"picked":"hubris:VirtuousBlindfold"}],"items_purged_floors":[11],"is_endless":false,"potions_floor_spawned":[1,6,16,18,21,27,35,39,44,45,47],"ascension_level":0}}