{"host":"2461dio7vetlq1z3","time":1608590797,"event":{"mods":["2.2 Compatiblity","AchievementEnabler","BaseMod","Better Third Choice","Hermit","Infinite Spire","Minty Spire (QoL Compilation)","Relic Stats","Spicy Shops","StSLib","Waifu the Spire"],"gold_per_floor":[110,110,110,12,29,58,83,110,136,150,150,150,182,194,194,298,348,358,283,283,307,331,358,358,372,372,416,416,435,435,502,502,674,674,688,688,688,700,610,610,610,610],"floor_reached":41,"playtime":2248,"items_purged":[],"score":725,"play_id":"758b2d9c-8aae-4798-af23-b74cd5e00657","local_time":"20201221234637","is_ascension_mode":true,"campfire_choices":[{"data":"hermit:CursedWeapon","floor":12,"key":"SMITH"},{"data":"hermit:Snapshot","floor":15,"key":"SMITH"},{"data":"infinitespire:NeuralNetwork","floor":24,"key":"SMITH"},{"data":"hermit:Cheat","floor":28,"key":"SMITH"},{"data":"infinitespire:UltimateForm","floor":30,"key":"SMITH"},{"data":"hermit:Gambit","floor":32,"key":"SMITH"},{"data":"hermit:Dissolve","floor":40,"key":"SMITH"}],"circlet_count":0,"master_deck":["hermit:Strike_Hermit","hermit:Strike_Hermit+1","hermit:Defend_Hermit","hermit:Defend_Hermit","hermit:Defend_Hermit","hermit:Defend_Hermit+1","hermit:Snapshot+1","hermit:Covet","hermit:Ricochet","infinitespire:UltimateForm+1","hermit:Desperado+1","hermit:CursedWeapon+1","hermit:Horror","hermit:Quickdraw+1","hermit:HoleUp","hermit:Dissolve+1","hermit:Horror","hermit:Cheat+1","infinitespire:NeuralNetwork+1","hermit:DeadMansHand","hermit:DeadOrAlive","hermit:Cheat+1","hermit:Gambit+1","hermit:FinalCanter","hermit:Feint+1"],"relics":["infinitespire:DarkRift","NeowsBlessing","infinitespire:Cubic Diamond","Omamori","Bag of Marbles","Tiny Chest","Whetstone","hermit:RyeStalk","Lantern","Tiny House","Toy Ornithopter","Ancient Tea Set","Potion Belt","Eternal Feather","Red Mask","Meat on the Bone","Philosopher\u0027s Stone","Mummified Hand"],"acts_visited":["Exordium","TheCity","TheBeyond"],"potions_floor_usage":[13,33],"damage_taken":[{"damage":0,"enemies":"Small Slimes","floor":1,"turns":1},{"damage":0,"enemies":"Jaw Worm","floor":5,"turns":1},{"damage":2,"enemies":"3 Sentries","floor":6,"turns":1},{"damage":2,"enemies":"Gremlin Nob","floor":8,"turns":2},{"damage":0,"enemies":"Cultist","floor":10,"turns":2},{"damage":3,"enemies":"Lagavulin","floor":13,"turns":4},{"damage":5,"enemies":"Looter","floor":14,"turns":2},{"damage":15,"enemies":"Hexaghost","floor":16,"turns":8},{"damage":9,"enemies":"2 Thieves","floor":18,"turns":4},{"damage":0,"enemies":"Gremlin Leader","floor":23,"turns":1},{"damage":23,"enemies":"3 Byrds","floor":25,"turns":5},{"damage":6,"enemies":"Masked Bandits","floor":27,"turns":3},{"damage":15,"enemies":"Cultist and Chosen","floor":29,"turns":6},{"damage":19,"enemies":"Slavers","floor":31,"turns":5},{"damage":25,"enemies":"Champ","floor":33,"turns":14},{"damage":8,"enemies":"3 Shapes","floor":35,"turns":4},{"damage":6,"enemies":"3 Darklings","floor":38,"turns":3},{"damage":71,"enemies":"Reptomancer","floor":41,"turns":5}],"seed_played":"1408039069685675488","potions_obtained":[{"floor":1,"key":"LiquidMemories"},{"floor":5,"key":"Weak Potion"},{"floor":13,"key":"SpeedPotion"},{"floor":17,"key":"hermit:Tonic"},{"floor":29,"key":"GamblersBrew"},{"floor":31,"key":"AttackPotion"},{"floor":33,"key":"hermit:BlackBile"}],"is_trial":false,"path_per_floor":["M","?","?","$","M","E","T","E","T","M","?","R","E","M","R","B",null,"M","?","AVR","T","T","E","R","M","T","?","R","M","R","E","R","B",null,"M","?","T","M","?","R","E"],"character_chosen":"HERMIT","items_purchased":["hermit:Desperado","hermit:Tonic"],"campfire_rested":0,"item_purchase_floors":[4,4],"current_hp_per_floor":[68,51,51,51,51,49,49,47,47,47,47,47,44,39,39,24,67,58,58,58,58,58,58,58,35,35,29,41,26,38,19,31,23,66,58,58,58,52,52,67,0,0],"gold":610,"neow_bonus":"THREE_ENEMY_KILL","is_daily":false,"chose_seed":false,"campfire_upgraded":7,"win_rate":0.0,"timestamp":1608590797,"path_taken":["M","?","?","?","M","E","?","E","T","?","?","R","E","M","R","BOSS","M","?","AVR","?","?","E","R","M","T","?","R","M","R","E","R","BOSS","M","?","?","M","?","R","E"],"items_purchased_type":["Card","Potion"],"build_version":"2020-12-13","purchased_purges":0,"victory":false,"max_hp_per_floor":[75,75,75,75,75,75,75,75,75,75,75,75,75,75,75,75,80,80,80,80,80,80,80,80,80,80,80,80,80,80,80,80,80,80,80,80,80,80,80,80,80,80],"relic_stats":{"counters":[18,71],"Mummified Hand":[3],"Tiny Chest":2,"Eternal Feather":51,"Whetstone":["hermit:Desperado","hermit:Strike_Hermit"],"obtain_stats":[{"Potion Belt":23,"Lantern":13,"Tiny House":17,"NeowsBlessing":0,"Eternal Feather":26,"infinitespire:Cubic Diamond":3,"Omamori":6,"Whetstone":9,"Ancient Tea Set":22,"hermit:RyeStalk":11,"infinitespire:DarkRift":3,"Mummified Hand":37,"Tiny Chest":8,"Philosopher\u0027s Stone":34,"Bag of Marbles":7,"Red Mask":27,"hermit:Momento":0,"Toy Ornithopter":21,"Meat on the Bone":31},{"Potion Belt":10,"Lantern":6,"Tiny House":8,"NeowsBlessing":0,"Eternal Feather":11,"infinitespire:Cubic Diamond":1,"Omamori":3,"Whetstone":4,"Ancient Tea Set":9,"hermit:RyeStalk":5,"infinitespire:DarkRift":1,"Mummified Hand":16,"Tiny Chest":4,"Philosopher\u0027s Stone":15,"Bag of Marbles":3,"Red Mask":12,"hermit:Momento":0,"Toy Ornithopter":9,"Meat on the Bone":14},{"Potion Belt":26,"Lantern":11,"Tiny House":21,"NeowsBlessing":0,"Eternal Feather":31,"infinitespire:Cubic Diamond":1,"Omamori":3,"Whetstone":5,"Ancient Tea Set":25,"hermit:RyeStalk":7,"infinitespire:DarkRift":1,"Mummified Hand":63,"Tiny Chest":5,"Philosopher\u0027s Stone":59,"Bag of Marbles":3,"Red Mask":34,"hermit:Momento":0,"Toy Ornithopter":25,"Meat on the Bone":45}],"Toy Ornithopter":5,"Meat on the Bone":12},"card_choices":[{"not_picked":["hermit:Headshot","hermit:Manifest"],"picked":"hermit:Ricochet","floor":1},{"not_picked":["infinitespire:NeuralNetwork","infinitespire:Execution"],"picked":"infinitespire:UltimateForm","floor":2},{"not_picked":["hermit:WideOpen","hermit:BlackWind"],"picked":"hermit:CursedWeapon","floor":5},{"not_picked":["hermit:Roulette","hermit:Headshot"],"picked":"hermit:Horror","floor":6},{"not_picked":["hermit:Determination","hermit:BodyArmor"],"picked":"hermit:Quickdraw","floor":8},{"not_picked":["hermit:HighCaliber","hermit:Misfire","hermit:Headshot"],"picked":"SKIP","floor":10},{"not_picked":["hermit:Showdown","hermit:FullyLoaded"],"picked":"hermit:HoleUp","floor":13},{"not_picked":["hermit:Showdown","hermit:TakeAim","hermit:Quickdraw"],"picked":"SKIP","floor":14},{"not_picked":["hermit:Purgatory","hermit:OverwhelmingPower"],"picked":"hermit:Dissolve","floor":16},{"not_picked":["hermit:ItchyTrigger","hermit:TrackingShot"],"picked":"hermit:Horror","floor":17},{"not_picked":["hermit:CursedWeapon","hermit:Manifest"],"picked":"hermit:Cheat","floor":18},{"not_picked":["hermit:Ricochet","hermit:Shortfuse+1"],"picked":"hermit:DeadMansHand","floor":23},{"not_picked":["hermit:Roulette","hermit:CalledShot"],"picked":"hermit:DeadOrAlive","floor":25},{"not_picked":["hermit:LowProfile+1","hermit:Roulette"],"picked":"hermit:Cheat+1","floor":27},{"not_picked":["hermit:HighCaliber","hermit:TakeAim","hermit:Glare"],"picked":"SKIP","floor":29},{"not_picked":["hermit:Roulette","hermit:TrackingShot"],"picked":"hermit:Gambit","floor":31},{"not_picked":["hermit:Dissolve","hermit:FatalDesire"],"picked":"hermit:FinalCanter","floor":33},{"not_picked":["hermit:GhostlyPresence","hermit:Vantage"],"picked":"hermit:Feint+1","floor":35},{"not_picked":["hermit:Misfire","hermit:Scavenge","hermit:TrackingShot+1"],"picked":"SKIP","floor":38}],"player_experience":816830,"relics_obtained":[{"floor":6,"key":"Omamori"},{"floor":7,"key":"Bag of Marbles"},{"floor":8,"key":"Tiny Chest"},{"floor":9,"key":"Whetstone"},{"floor":13,"key":"Lantern"},{"floor":21,"key":"Toy Ornithopter"},{"floor":22,"key":"Ancient Tea Set"},{"floor":23,"key":"Potion Belt"},{"floor":26,"key":"Eternal Feather"},{"floor":27,"key":"Red Mask"},{"floor":31,"key":"Meat on the Bone"},{"floor":37,"key":"Mummified Hand"}],"event_choices":[{"damage_healed":0,"gold_gain":0,"player_choice":"Box","damage_taken":0,"relics_obtained":["hermit:RyeStalk"],"max_hp_gain":0,"max_hp_loss":0,"event_name":"Big Fish","floor":11,"gold_loss":0,"cards_obtained":["Regret"]},{"cards_removed":["hermit:Strike_Hermit"],"damage_healed":0,"gold_gain":0,"player_choice":"Gave Gold","damage_taken":0,"max_hp_gain":0,"max_hp_loss":0,"event_name":"Beggar","floor":19,"gold_loss":75},{"damage_healed":0,"gold_gain":0,"player_choice":"Fought Bandits","damage_taken":0,"max_hp_gain":0,"max_hp_loss":0,"event_name":"Masked Bandits","floor":27,"gold_loss":0},{"damage_healed":0,"gold_gain":0,"player_choice":"0 cards matched","damage_taken":0,"max_hp_gain":0,"max_hp_loss":0,"event_name":"Match and Keep!","floor":36,"gold_loss":0,"cards_obtained":[]},{"cards_removed":["hermit:Strike_Hermit"],"damage_healed":0,"gold_gain":0,"player_choice":"Upgrade and Remove","damage_taken":0,"max_hp_gain":0,"max_hp_loss":0,"event_name":"Designer","floor":39,"gold_loss":90,"cards_upgraded":["hermit:Quickdraw"]}],"is_beta":false,"boss_relics":[{"not_picked":["hermit:DentedPlate","Runic Dome"],"picked":"Tiny House"},{"not_picked":["infinitespire:Cupcake","Runic Pyramid"],"picked":"Philosopher\u0027s Stone"}],"items_purged_floors":[],"is_endless":false,"potions_floor_spawned":[1,5,13,29,31,33],"killed_by":"Reptomancer","ascension_level":8}}