{"host":"yuhy0i501zzmn1iz","time":1608527398,"event":{"mods":["AchievementEnabler","AlwaysNeverKeys","BaseMod","Bestiary","Better Match","Better Third Choice","Curses Come First","Downfall","Minty Spire (QoL Compilation)","StSLib","The Blue Laboratory","slay the spire mod where everything is the same but ironclad has a cowboy hat"],"gold_per_floor":[99,123,123,165,192,42,42,68,68,68,87,113,132,38,58,58,58,58],"floor_reached":16,"playtime":1038,"items_purged":[],"score":102,"play_id":"363dfb22-c012-4898-bdd6-ac704d1935eb","local_time":"20201221000958","is_ascension_mode":false,"campfire_choices":[{"data":"champ:Taunt","floor":1,"key":"SMITH"},{"data":"champ:Execute","floor":3,"key":"SMITH"},{"floor":6,"key":"REST"},{"floor":10,"key":"REST"}],"circlet_count":0,"master_deck":["champ:Strike","champ:Strike","champ:Strike","champ:Strike","champ:Defend","champ:Defend","champ:Defend","champ:Defend","champ:Execute+1","champ:Taunt+1","champ:Control","champ:GutPunch","champ:DefensiveShout","champ:HeavySlash","champ:Lariat","champ:HeartStrike","champ:ArenaPreparation","champ:TornadoPunch","champ:Backstep","champ:Aggression"],"relics":["champ:ChampionCrown","Unceasing Top","CeramicFish","champ:DefensiveTrainingManual","downfall:HeartBlessingBlue","downfall:HeartBlessingRed","Frozen Egg 2","Gremlin Horn"],"acts_visited":["Exordium"],"potions_floor_usage":[12,16],"damage_taken":[{"damage":64,"enemies":"Lagavulin","floor":4,"turns":8},{"damage":6,"enemies":"Cultist","floor":5,"turns":3},{"damage":9,"enemies":"Jaw Worm","floor":8,"turns":4},{"damage":0,"enemies":"Small Slimes","floor":11,"turns":2},{"damage":0,"enemies":"Blue Slaver","floor":12,"turns":2},{"damage":9,"enemies":"3 Louse","floor":13,"turns":2},{"damage":40,"enemies":"downfall:FleeingMerchant","floor":14,"turns":4},{"damage":25,"enemies":"2 Fungi Beasts","floor":15,"turns":3},{"damage":75,"enemies":"downfall:Watcher","floor":16,"turns":5}],"seed_played":"2328864478562192832","potions_obtained":[{"floor":4,"key":"Swift Potion"},{"floor":5,"key":"champ:CounterPotion"},{"floor":8,"key":"champ:OpenerPotion"},{"floor":12,"key":"EntropicBrew"}],"is_trial":false,"path_per_floor":["R","T","R","E","M","R","T","M","T","R","M","M","M","$","M","B"],"character_chosen":"THE_CHAMP","items_purchased":["champ:TornadoPunch","champ:Backstep"],"campfire_rested":2,"item_purchase_floors":[14,14],"current_hp_per_floor":[63,63,63,19,18,58,58,52,52,82,82,82,78,68,53,0,0,0],"gold":58,"neow_bonus":"ONE_RARE_RELIC","is_daily":false,"chose_seed":false,"campfire_upgraded":2,"win_rate":0.0,"timestamp":1608527398,"path_taken":["R","?","R","E","M","R","T","?","?","R","M","?","M","$","M","BOSS"],"items_purchased_type":["Card","Card"],"build_version":"2020-12-13","purchased_purges":0,"victory":false,"max_hp_per_floor":[90,90,90,90,90,100,100,100,100,100,100,100,100,100,100,100,100,100],"card_choices":[{"not_picked":["champ:FocusedGladiator","champ:BerserkerStyle"],"picked":"champ:Control","floor":4},{"not_picked":["champ:FanOfKnives","champ:Haymaker"],"picked":"champ:GutPunch","floor":5},{"not_picked":["champ:BladeFlurry","champ:BringItOn"],"picked":"champ:DefensiveShout","floor":8},{"not_picked":["champ:FanOfKnives","champ:BladeFlurry"],"picked":"champ:HeavySlash","floor":11},{"not_picked":["champ:Backstep","champ:BerserkersShout"],"picked":"champ:Lariat","floor":12},{"not_picked":["champ:Backstep","champ:Circumvent"],"picked":"champ:HeartStrike","floor":13},{"not_picked":["champ:BerserkersShout","champ:CrookedStrike"],"picked":"champ:ArenaPreparation","floor":14},{"not_picked":["champ:FanOfKnives","champ:EnGarde"],"picked":"champ:Aggression","floor":15}],"player_experience":217881,"relics_obtained":[{"floor":2,"key":"CeramicFish"},{"floor":4,"key":"champ:DefensiveTrainingManual"},{"floor":7,"key":"Frozen Egg 2"},{"floor":9,"key":"Gremlin Horn"}],"event_choices":[],"is_beta":false,"boss_relics":[],"items_purged_floors":[],"is_endless":false,"potions_floor_spawned":[4,5,8,12],"killed_by":"downfall:Watcher","ascension_level":0}}