{"host":"o7j6aatxjwpw1421","time":1608557226,"event":{"mods":["2.2 Compatiblity","BaseMod","Colored Map","DeckTracker","Highlight Path","Keyboard Shortcuts","Minty Spire (QoL Compilation)","Permanent Neow","Quick Restart","StSLib","SuperFastMode","everything is the same but u backflip on backflip"],"gold_per_floor":[109,59,72,91,102,102,137,155,155,155,165,185,216,227,227,325,325,339,349,349,349],"floor_reached":20,"playtime":1175,"items_purged":[],"score":266,"play_id":"b6524a34-0bdf-4bf2-afc7-9edba8dbbe71","local_time":"20201221222706","is_ascension_mode":true,"campfire_choices":[{"data":"Uppercut","floor":6.0,"key":"SMITH"},{"data":"Madness","floor":10.0,"key":"SMITH"},{"data":"Shrug It Off","floor":15.0,"key":"SMITH"}],"circlet_count":0,"master_deck":["Strike_R","Strike_R","Strike_R","Strike_R","Defend_R","Defend_R","Defend_R","Defend_R","Bash","Madness+1","Shrug It Off","Uppercut+1","Flex","Hemokinesis","Shrug It Off+1","Thunderclap","Barricade+1","Bloodletting","Entrench"],"relics":["Burning Blood","Frozen Egg 2","Prayer Wheel","WingedGreaves","Runic Cube"],"acts_visited":["TheCity"],"potions_floor_usage":[20,20],"damage_taken":[{"damage":4.0,"enemies":"Small Slimes","floor":1.0,"turns":4.0},{"damage":6.0,"enemies":"Jaw Worm","floor":3.0,"turns":5.0},{"damage":5.0,"enemies":"Cultist","floor":4.0,"turns":4.0},{"damage":6.0,"enemies":"Blue Slaver","floor":5.0,"turns":4.0},{"damage":14.0,"enemies":"Gremlin Nob","floor":7.0,"turns":3.0},{"damage":3.0,"enemies":"Looter","floor":8.0,"turns":3.0},{"damage":3.0,"enemies":"2 Fungi Beasts","floor":11.0,"turns":3.0},{"damage":4.0,"enemies":"Blue Slaver","floor":12.0,"turns":3.0},{"damage":29.0,"enemies":"Lagavulin","floor":13.0,"turns":6.0},{"damage":7.0,"enemies":"Red Slaver","floor":14.0,"turns":2.0},{"damage":32.0,"enemies":"The Guardian","floor":16.0,"turns":12.0},{"damage":13.0,"enemies":"Chosen","floor":18.0,"turns":5.0},{"damage":33.0,"enemies":"2 Thieves","floor":19.0,"turns":5.0},{"damage":32,"enemies":"Cultist and Chosen","floor":20,"turns":8}],"seed_played":"-2956780759371301175","potions_obtained":[{"floor":3.0,"key":"Regen Potion"},{"floor":7.0,"key":"FearPotion"},{"floor":11.0,"key":"Dexterity Potion"},{"floor":14.0,"key":"LiquidBronze"},{"floor":16.0,"key":"ColorlessPotion"}],"is_trial":false,"path_per_floor":["M","?","M","M","M","R","E","M","T","R","M","M","E","M","R","B",null,"M","M","M"],"character_chosen":"IRONCLAD","items_purchased":[],"campfire_rested":0,"item_purchase_floors":[],"current_hp_per_floor":[74,74,74,75,75,75,67,70,70,70,73,75,52,51,51,25,66,59,32,15,15],"gold":349,"neow_bonus":"RANDOM_COLORLESS","is_daily":false,"chose_seed":false,"campfire_upgraded":3,"win_rate":0.0,"timestamp":1608557226,"path_taken":["M","?","M","M","M","R","E","M","T","R","M","M","E","M","R","BOSS","M","M","M"],"items_purchased_type":[],"build_version":"2020-12-13","purchased_purges":0,"victory":false,"max_hp_per_floor":[80,80,80,80,80,80,80,80,80,80,80,80,80,80,80,80,80,80,80,80,80],"card_choices":[{"not_picked":["Good Instincts","Flash of Steel"],"picked":"Madness","floor":0.0},{"not_picked":["Armaments","Heavy Blade"],"picked":"Shrug It Off","floor":1.0},{"not_picked":["Burning Pact","Clash"],"picked":"Uppercut","floor":3.0},{"not_picked":["Clash","Fiend Fire"],"picked":"Flex","floor":4.0},{"not_picked":["True Grit","Shrug It Off"],"picked":"Hemokinesis","floor":5.0},{"not_picked":["Exhume","Dark Embrace+1","Twin Strike"],"picked":"SKIP","floor":7.0},{"not_picked":["Perfected Strike","Iron Wave"],"picked":"Shrug It Off","floor":8.0},{"not_picked":["Infernal Blade","Clash","Headbutt"],"picked":"SKIP","floor":11.0},{"not_picked":["Metallicize+1","Evolve+1","Immolate"],"picked":"SKIP","floor":11.0},{"not_picked":["Dual Wield","Body Slam","Infernal Blade"],"picked":"SKIP","floor":12.0},{"not_picked":["Havoc","Metallicize+1","Clothesline"],"picked":"SKIP","floor":12.0},{"not_picked":["Dual Wield","Body Slam","Infernal Blade"],"picked":"SKIP","floor":12.0},{"not_picked":["Havoc","Metallicize+1","Clothesline"],"picked":"SKIP","floor":12.0},{"not_picked":["Searing Blow","Anger","Sword Boomerang"],"picked":"SKIP","floor":13.0},{"not_picked":["Dual Wield","Infernal Blade"],"picked":"Thunderclap","floor":14.0},{"not_picked":["Hemokinesis","Perfected Strike","Dropkick"],"picked":"SKIP","floor":14.0},{"not_picked":["Hemokinesis","Perfected Strike","Dropkick"],"picked":"SKIP","floor":14.0},{"not_picked":["Corruption+1","Brutality+1"],"picked":"Barricade+1","floor":16.0},{"not_picked":["Wild Strike","Havoc"],"picked":"Bloodletting","floor":18.0},{"not_picked":["Clothesline+1","Infernal Blade","Heavy Blade"],"picked":"SKIP","floor":18.0},{"not_picked":["Hemokinesis+1","Twin Strike+1"],"picked":"Entrench","floor":19.0},{"not_picked":["Inflame+1","Clothesline","Shrug It Off"],"picked":"SKIP","floor":19.0}],"player_experience":312103,"relics_obtained":[{"floor":7.0,"key":"Frozen Egg 2"},{"floor":9.0,"key":"Prayer Wheel"},{"floor":13.0,"key":"WingedGreaves"}],"event_choices":[{"cards_removed":["Strike_R"],"damage_healed":0.0,"max_hp_gain":0.0,"max_hp_loss":0.0,"gold_gain":0.0,"event_name":"The Cleric","player_choice":"Card Removal","floor":2.0,"gold_loss":50.0,"damage_taken":0.0}],"is_beta":false,"boss_relics":[{"not_picked":["SacredBark","Cursed Key"],"picked":"Runic Cube"}],"items_purged_floors":[],"is_endless":false,"potions_floor_spawned":[3,7,11,14,16],"killed_by":"Cultist and Chosen","ascension_level":8}}