{"host":"tj57avznel0uzvp6","time":1608567197,"event":{"mods":["BaseMod","Downfall","Glutton Mod","Minty Spire (QoL Compilation)","Remove Card Discount Mod","Replay The Spire","StSLib"],"gold_per_floor":[117,117,128,128,128,128,303,314,338,338,338,338,338,348,348,447,447,387,387,309,309,359,359,0,0,0,0,0,83,83,83,83,180,180,207,135,135,135,143,143],"floor_reached":39,"playtime":1183,"items_purged":[],"score":780,"play_id":"5f09254e-ba87-4de4-b809-b1c3c6c3290d","local_time":"20201221091317","daily_mods":["Blue Cards","Colorless Cards","Time Dilation","Flight","downfall:Jewelcrafting","downfall:Lament"],"is_ascension_mode":false,"campfire_choices":[{"data":"Glutton:StarvationMode","floor":6,"key":"SMITH"},{"data":"Slimebound:DuplicatedForm","floor":10,"key":"SMITH"},{"data":"Zap","floor":12,"key":"SMITH"},{"data":"Thunder Strike","floor":13,"key":"SMITH"},{"floor":15,"key":"REST"},{"floor":23,"key":"REST"},{"floor":25,"key":"REST"},{"data":"Echo Form","floor":27,"key":"SMITH"},{"data":"Self Repair","floor":30,"key":"SMITH"},{"floor":32,"key":"REST"}],"circlet_count":0,"master_deck":["Demon Form","Wraith Form v2","Echo Form+1","DevaForm","Glutton:StarvationMode+1","Guardian:ConstructionForm","hexamod:ParanormalForm","Slimebound:DuplicatedForm+1","sneckomod:SerpentMind","Strike_B","Strike_B","Strike_B","Strike_B","Defend_B","Defend_B","Defend_B","Defend_B","Zap+1","Dualcast","Guardian:ExploitGems","Guardian:ExploitGems","Sweeping Beam","Replay:SS_forest_2","BasicCrystalCard","Thunder Strike+1","Gash","Doubt","Sunder","Heatsinks","Multi-Cast","Echo Form+1","Genetic Algorithm","Self Repair+1","Sickly","ReplayTheSpireMod:Calculation Training","ReplayTheSpireMod:Splinters","Redo","BootSequence","Languid","expansioncontent:StudyTheSpire","Rebound","Loop","Loop"],"relics":["Cracked Core","Guardian:PickAxe","NeowsBlessing","replay:Trail_Library","ReplayTheSpireMod:Lightbulb","Black Star","Nilry\u0027s Codex","Ring of Greed","ReplayTheSpireMod:Ring of Challenge","Replay:Wax Seal","Replay:Bandana","Pear","Bronze Scales","Snecko Heart","Replay:Bottled Snecko"],"acts_visited":["Exordium","TheCity","TheBeyond"],"potions_floor_usage":[16,33,33,33],"damage_taken":[{"damage":0,"enemies":"2 Louse","floor":1,"turns":1},{"damage":0,"enemies":"Cultist","floor":3,"turns":1},{"damage":0,"enemies":"Small Slimes","floor":8,"turns":1},{"damage":7,"enemies":"3 Louse","floor":14,"turns":3},{"damage":41,"enemies":"The Guardian","floor":16,"turns":9},{"damage":20,"enemies":"2 Thieves","floor":18,"turns":4},{"damage":52,"enemies":"Pondfish","floor":33,"turns":9},{"damage":47,"enemies":"Orb Walker","floor":35,"turns":4},{"damage":69,"enemies":"3 Darklings","floor":39,"turns":4}],"seed_played":"8678306712492147065","potions_obtained":[{"floor":1,"key":"SkillPotion"},{"floor":16,"key":"Strength Potion"},{"floor":31,"key":"EssenceOfDarkness"},{"floor":31,"key":"hexamod:EctoCoolerPotion"},{"floor":31,"key":"hexamod:EctoCoolerPotion"}],"is_trial":true,"path_per_floor":["M","?","M","?","?","R","?","M","T","R","$","R","R","M","R","B",null,"M","?","$","?","?","R","?","R","T","R","$","?","R","?","R","B",null,"M","$","T","?","M"],"character_chosen":"DEFECT","items_purchased":["Self Repair","Loop"],"campfire_rested":4,"item_purchase_floors":[20,36],"current_hp_per_floor":[75,75,75,75,75,75,75,75,75,75,75,75,75,68,75,49,75,55,41,41,25,25,49,49,73,83,83,83,83,83,83,90,66,90,68,68,68,68,0,0],"gold":143,"neow_bonus":"","is_daily":false,"chose_seed":false,"campfire_upgraded":6,"win_rate":0.0,"timestamp":1608567197,"path_taken":["M","?","?","?","?","R","?","?","T","R","$","R","R","M","R","BOSS","M","?","$","?","?","R","?","R","T","R","?","?","R","?","R","BOSS","M","$","?","?","?"],"items_purchased_type":["Card","Card"],"build_version":"2020-12-13","purchased_purges":0,"victory":false,"max_hp_per_floor":[75,75,75,75,75,75,75,75,75,75,75,75,75,75,75,75,75,75,80,80,80,80,80,80,80,90,90,90,90,90,90,90,90,90,90,90,90,90,90,90],"card_choices":[{"not_picked":["ReplayTheSpireMod:Private Reserves","Go for the Eyes"],"picked":"Sweeping Beam","floor":1},{"not_picked":["Skim","Rebound"],"picked":"Gash","floor":3},{"not_picked":["ReplayTheSpireMod:Reroute Power","BasicCrystalCard"],"picked":"Sunder","floor":8},{"not_picked":["Blind","Beam Cell"],"picked":"Multi-Cast","floor":14},{"not_picked":["The Bomb","Replay:Resounding Blow"],"picked":"Echo Form","floor":16},{"not_picked":["PanicButton","Rebound+1"],"picked":"Genetic Algorithm","floor":18},{"not_picked":["Double Energy","Go for the Eyes"],"picked":"Redo","floor":29},{"not_picked":["Beam Cell","expansioncontent:ChargeUp+1"],"picked":"BootSequence","floor":29},{"not_picked":["Mirror Shield","Chrysalis"],"picked":"expansioncontent:StudyTheSpire","floor":33},{"not_picked":["Replay:SS_hec_1+1","Sweeping Beam"],"picked":"Rebound","floor":35}],"player_experience":567545,"relics_obtained":[{"floor":9,"key":"ReplayTheSpireMod:Lightbulb"},{"floor":21,"key":"Nilry\u0027s Codex"},{"floor":22,"key":"Ring of Greed"},{"floor":22,"key":"ReplayTheSpireMod:Ring of Challenge"},{"floor":22,"key":"Replay:Wax Seal"},{"floor":22,"key":"Replay:Bandana"},{"floor":26,"key":"Pear"},{"floor":29,"key":"Bronze Scales"},{"floor":37,"key":"Replay:Bottled Snecko"}],"event_choices":[{"damage_healed":0,"gold_gain":0,"player_choice":"3 cards matched","damage_taken":0,"max_hp_gain":0,"max_hp_loss":0,"event_name":"Match and Keep!","floor":2,"gold_loss":0,"cards_obtained":["Replay:SS_forest_2","BasicCrystalCard","Thunder Strike"]},{"damage_healed":0,"gold_gain":0,"player_choice":"Grow","damage_taken":0,"max_hp_gain":0,"max_hp_loss":0,"event_name":"Living Wall","floor":4,"gold_loss":0,"cards_upgraded":["Echo Form"]},{"damage_healed":0,"gold_gain":0,"player_choice":"Leave","damage_taken":0,"max_hp_gain":0,"max_hp_loss":0,"event_name":"The Cleric","floor":5,"gold_loss":0},{"damage_healed":0,"gold_gain":175,"player_choice":"AGREE","damage_taken":0,"max_hp_gain":0,"max_hp_loss":0,"event_name":"Liars Game","floor":7,"gold_loss":0,"cards_obtained":["Doubt"]},{"damage_healed":0,"gold_gain":0,"player_choice":"Shed Blood","damage_taken":19,"max_hp_gain":5,"max_hp_loss":0,"event_name":"Forgotten Altar","floor":19,"gold_loss":0},{"damage_healed":0,"gold_gain":0,"player_choice":"Obtained Book","damage_taken":16,"max_hp_gain":0,"max_hp_loss":0,"event_name":"Cursed Tome","floor":21,"gold_loss":0},{"damage_healed":0,"gold_gain":0,"player_choice":"Paid Fearfully","damage_taken":0,"max_hp_gain":0,"max_hp_loss":0,"event_name":"Masked Bandits","floor":24,"gold_loss":359},{"damage_healed":0,"gold_gain":0,"player_choice":"Got Potions","damage_taken":0,"max_hp_gain":0,"max_hp_loss":0,"event_name":"Lab","floor":31,"gold_loss":0}],"is_beta":false,"boss_relics":[{"not_picked":["Runic Dome","Abe\u0027s Treasure"],"picked":"Black Star"},{"not_picked":["Sozu","Pandora\u0027s Box"],"picked":"Snecko Heart"}],"items_purged_floors":[],"is_endless":true,"potions_floor_spawned":[1,16],"killed_by":"3 Darklings","ascension_level":0}}