{"host":"1lloeivxlnw527r2","time":1608518920,"event":{"mods":["2.2 Compatiblity","AchievementEnabler","Act Like it!","Ascension Reborn","Aspiration","Astrologer","BaseMod","BetterRewards","Colored Map","Colored Powertips","Conspire","Downfall","Duelist Mod","Friendly Minions","Gensokyo","Hallownest","Highlight Path","HololiveMod","Hubris","Infinite Spire","Jorbs\u0027s Wanderer Trilogy","KinomotoSakuraMod(????)","Koishi","KomeijiMod","Marisa????????","Minty Spire (QoL Compilation)","Quick Restart","Rare Cards Sparkle","Reimu??????","Replay The Spire","Robot Space Explorer","Shop Mod","StSLib","SuperFastMode","The Administrix","The Bug Knight","The Construct","The Cursed","The Disciple","The Hierophant","The Jungle","The Necromancer","The Runesmith"],"gold_per_floor":[118,131,131,71,82,108,108,142,192,192,222,254,279,314,314,412,412,429,282,301,301,318,318,349,383,462,473,485,485,516,528,528,528,528],"floor_reached":33,"playtime":3319,"items_purged":[],"score":378,"play_id":"4345cca7-ba61-4b53-a717-c590631c8124","local_time":"20201220184840","daily_mods":["Heirloom","Flight","DeadlyEvents","Elite Swarm"],"is_ascension_mode":true,"campfire_choices":[{"floor":7,"key":"REST"},{"floor":10,"key":"REST"},{"floor":15,"key":"REST"},{"floor":23,"key":"REST"},{"floor":29,"key":"REST"},{"floor":32,"key":"REST"}],"circlet_count":0,"master_deck":["RobotSpaceExplorer:Strike","RobotSpaceExplorer:Strike","RobotSpaceExplorer:Strike","RobotSpaceExplorer:Strike","RobotSpaceExplorer:Defend","RobotSpaceExplorer:Defend","RobotSpaceExplorer:Defend","RobotSpaceExplorer:Defend","RobotSpaceExplorer:Scan","RobotSpaceExplorer:MiniLasers","RobotSpaceExplorer:ImprovisedAttack","RobotSpaceExplorer:ScrapMissile","RobotSpaceExplorer:LuckyStrike+1","RobotSpaceExplorer:Blaster","RobotSpaceExplorer:Asteroid","RobotSpaceExplorer:Asteroid","RobotSpaceExplorer:Comet","RobotSpaceExplorer:HighVoltage","RobotSpaceExplorer:Comet","RobotSpaceExplorer:Multitool","RobotSpaceExplorer:Scanner","RobotSpaceExplorer:Electroshield","RobotSpaceExplorer:Asteroid","RobotSpaceExplorer:Blitz+1","RobotSpaceExplorer:Comet"],"relics":["RobotSpaceExplorer:RoboCore","Calipers","hubris:Icosahedron","hubris:TenFootPole","CaptainsWheel","Blue Doll","Ice Cream","Akabeko","Replay:Baseball","RobotSpaceExplorer:RingOfTheNewt","Painkiller Herb","Vajra","hubris:64BitClover","HoshigumaDish","conspire:DecoderRing","Ornamental Fan"],"acts_visited":["Hallownest:Greenpath","TheCity"],"potions_floor_usage":[16,25,33,33,33],"damage_taken":[{"damage":3,"enemies":"Hallownest:2_Baldur","floor":1,"turns":4},{"damage":6,"enemies":"Hallownest:2_MossCreeps","floor":2,"turns":8},{"damage":1,"enemies":"2_ Uuma","floor":5,"turns":6},{"damage":27,"enemies":"Hallownest:eliteCrystalGuardian","floor":6,"turns":6},{"damage":31,"enemies":"Hallownest:eliteMossKnight","floor":8,"turns":7},{"damage":7,"enemies":"Hallownest:eliteCrystalGuardian","floor":11,"turns":5},{"damage":15,"enemies":"Hallownest:eliteMossKnight","floor":12,"turns":7},{"damage":8,"enemies":"Hallownest:eliteVengeflyKing","floor":13,"turns":4},{"damage":0,"enemies":"Hallownest:eliteMossKnight","floor":14,"turns":3},{"damage":10,"enemies":"Hallownest:BossFalseKnight","floor":16,"turns":5},{"damage":15,"enemies":"2 Thieves","floor":18,"turns":3},{"damage":0,"enemies":"Spheric Guardian","floor":20,"turns":1},{"damage":19,"enemies":"Cultist and Chosen","floor":22,"turns":5},{"damage":22,"enemies":"HollowMod:Nosk","floor":24,"turns":6},{"damage":12,"enemies":"theDuelist:KaibaA2","floor":25,"turns":3},{"damage":5,"enemies":"Shelled Parasite and Fungi","floor":27,"turns":4},{"damage":5,"enemies":"Snake Plant","floor":28,"turns":3},{"damage":25,"enemies":"Replay:Snechameleon","floor":30,"turns":3},{"damage":0,"enemies":"Chosen and Byrds","floor":31,"turns":4},{"damage":62,"enemies":"Collector","floor":33,"turns":6}],"seed_played":"-3465876129060570959","potions_obtained":[{"floor":1,"key":"PowerPotion"},{"floor":2,"key":"CalmPotion"},{"floor":11,"key":"Slimebound:ThreeZeroPotion"},{"floor":16,"key":"Dexterity Potion"},{"floor":22,"key":"LifebloodPotion"},{"floor":30,"key":"RobotSpaceExplorer:RecyclePotion"}],"is_trial":true,"path_per_floor":["M","M","?","$","M","E","R","E","T","R","E","E","E","E","R","B",null,"?","T","?","?","?","T","E","E","T","?","?","T","E","?","T","B"],"character_chosen":"RobotSpaceExplorer","items_purchased":["RobotSpaceExplorer:LuckyStrike+1","Vajra"],"campfire_rested":6,"item_purchase_floors":[4,19],"current_hp_per_floor":[72,66,66,66,65,38,60,29,29,51,44,29,21,21,43,33,75,60,60,60,60,41,63,41,29,29,24,19,41,16,16,38,0,0],"gold":528,"neow_bonus":"","is_daily":false,"chose_seed":false,"campfire_upgraded":0,"win_rate":0.0,"timestamp":1608518920,"path_taken":["M","?","?","?","M","E","R","E","T","R","?","E","?","E","R","BOSS","?","T","?","?","?","T","E","E","T","?","?","T","E","?","T","BOSS"],"items_purchased_type":["Card","Relic"],"build_version":"2020-12-13","purchased_purges":0,"victory":false,"max_hp_per_floor":[75,75,75,75,75,75,75,75,75,75,75,75,75,75,75,75,75,75,75,75,75,75,75,75,75,75,75,75,75,75,75,75,75,75],"card_choices":[{"not_picked":["RobotSpaceExplorer:MetalStrike","RobotSpaceExplorer:Pulsar"],"picked":"RobotSpaceExplorer:ImprovisedAttack","floor":1},{"not_picked":["RobotSpaceExplorer:ShockKick","RobotSpaceExplorer:FreezeRay"],"picked":"RobotSpaceExplorer:ScrapMissile","floor":2},{"not_picked":["RobotSpaceExplorer:Smokescreen","RobotSpaceExplorer:Probe"],"picked":"RobotSpaceExplorer:Blaster","floor":5},{"not_picked":["RobotSpaceExplorer:Multitool","RobotSpaceExplorer:Exploration"],"picked":"RobotSpaceExplorer:Asteroid","floor":6},{"not_picked":["RobotSpaceExplorer:DroneSwarm","RobotSpaceExplorer:ShockMissile"],"picked":"RobotSpaceExplorer:Asteroid","floor":8},{"not_picked":["RobotSpaceExplorer:ChargingLaser","RobotSpaceExplorer:DroneSwarm"],"picked":"RobotSpaceExplorer:Comet","floor":11},{"not_picked":["RobotSpaceExplorer:Exploration","RobotSpaceExplorer:ShockMissile"],"picked":"RobotSpaceExplorer:HighVoltage","floor":12},{"not_picked":["RobotSpaceExplorer:Scanner","RobotSpaceExplorer:BlastShield"],"picked":"RobotSpaceExplorer:Comet","floor":13},{"not_picked":["RobotSpaceExplorer:Exploration","RobotSpaceExplorer:Blaster"],"picked":"RobotSpaceExplorer:Multitool","floor":14},{"not_picked":["RobotSpaceExplorer:Wormhole","RobotSpaceExplorer:Blaster"],"picked":"RobotSpaceExplorer:Scanner","floor":16},{"not_picked":["RobotSpaceExplorer:SurgingShield","RobotSpaceExplorer:MiniDrones"],"picked":"RobotSpaceExplorer:Electroshield","floor":18},{"not_picked":["RobotSpaceExplorer:SlimeMissile","RobotSpaceExplorer:StunGrenade","RobotSpaceExplorer:MiniDrones+1"],"picked":"SKIP","floor":20},{"not_picked":["RobotSpaceExplorer:SwiftStep","RobotSpaceExplorer:StunGrenade","RobotSpaceExplorer:SlimeMissile"],"picked":"SKIP","floor":22},{"not_picked":["RobotSpaceExplorer:ChargingLaser","RobotSpaceExplorer:Multitool"],"picked":"RobotSpaceExplorer:Asteroid","floor":24},{"not_picked":["RobotSpaceExplorer:Multitool","RobotSpaceExplorer:DroneSwarm"],"picked":"RobotSpaceExplorer:Exploration","floor":25},{"not_picked":["RobotSpaceExplorer:TurboDodge","RobotSpaceExplorer:FrostMissile+1"],"picked":"RobotSpaceExplorer:Blitz+1","floor":27},{"not_picked":["RobotSpaceExplorer:SurgingShield+1","RobotSpaceExplorer:LaserBurst","RobotSpaceExplorer:GlueShot"],"picked":"SKIP","floor":28},{"not_picked":["RobotSpaceExplorer:Exploration","RobotSpaceExplorer:Wormhole"],"picked":"RobotSpaceExplorer:Comet","floor":30},{"not_picked":["RobotSpaceExplorer:Pulsar+1","RobotSpaceExplorer:ShovelStrike","RobotSpaceExplorer:LaserBurst"],"picked":"SKIP","floor":31}],"player_experience":33250,"relics_obtained":[{"floor":6,"key":"hubris:TenFootPole"},{"floor":8,"key":"CaptainsWheel"},{"floor":9,"key":"Blue Doll"},{"floor":11,"key":"Ice Cream"},{"floor":12,"key":"Akabeko"},{"floor":13,"key":"Replay:Baseball"},{"floor":14,"key":"RobotSpaceExplorer:RingOfTheNewt"},{"floor":24,"key":"hubris:64BitClover"},{"floor":25,"key":"HoshigumaDish"},{"floor":26,"key":"conspire:DecoderRing"},{"floor":30,"key":"Ornamental Fan"}],"event_choices":[{"damage_healed":0,"gold_gain":0,"player_choice":"Ignored","damage_taken":0,"max_hp_gain":0,"max_hp_loss":0,"event_name":"Ghosts","floor":21,"gold_loss":0}],"is_beta":false,"boss_relics":[{"not_picked":["Hololive_TopUpMoneyS","hubris:BlackHole"],"picked":"Painkiller Herb"}],"items_purged_floors":[],"is_endless":false,"potions_floor_spawned":[1,2,11,12,16,20,22,28,30],"killed_by":"Collector","ascension_level":0}}