{"host":"pew4fjlaqz7m1maf","time":1608593480,"event":{"mods":["AchievementEnabler","Act Like it!","Bartender","BaseMod","Bestiary","Better Match","Better Note","Block Reminder","Booster Modes","Colored Map","Colored Powertips","Curses Come First","DeckTracker","Duelist Mod","GifTheSpireLib","GungeonMod","Hallownest","Hero for Fun","Hyrulean Relics","Jedi Mod","LagranYue(ùfäiòNÅEåé)","Magitek Elite","MarisaÅiñ∂âJÅ@ñÇóùçπÅj","Melee Mod","Minty Spire (QoL Compilation)","Prisma Mod","Quick Restart","Random Character Button","Rare Cards Sparkle","Relic Stats","Replay The Spire","SOSÅiézîb?îVéqÅj","StSLib","Td1madao Mod","The Animator","The Blue Laboratory","The Bug Knight","The Mystic","The Servant 0.9.4","The Wild Card","TheHero","TheWitcher","Uncapped","Waifu the Spire","Åyå˜î\ModÅz?ñæìIç≈?Boss"],"gold_per_floor":[114,130,130,142,155,155,170,170,170,194,194,469,481,493,493,595,595,611,630,640,640,658,677,691,691,760,775,791,716,502,502,502],"floor_reached":31,"playtime":3629,"items_purged":["PrismaMod:IllyaCommonAttack"],"score":310,"play_id":"3dc88804-c825-42e8-b315-8e55fef36e2a","local_time":"20201221163120","is_ascension_mode":false,"campfire_choices":[{"data":"PrismaMod:IllyaUncommonDefend","floor":6.0,"key":"SMITH"},{"data":"PrismaMod:IllyaDualEvoke","floor":8.0,"key":"SMITH"},{"floor":11.0,"key":"REST"},{"floor":15.0,"key":"REST"},{"floor":25.0,"key":"REST"}],"circlet_count":0,"master_deck":["PrismaMod:IllyaCommonAttack","PrismaMod:IllyaCommonDefend","PrismaMod:IllyaCommonAttack","PrismaMod:IllyaCommonDefend","PrismaMod:IllyaCommonDefend","PrismaMod:IllyaCommonAttack","PrismaMod:IllyaCommonDefend","PrismaMod:IllyaCommonAttack","PrismaMod:IllyaCommonDefend","PrismaMod:IllyaUncommonAttack","PrismaMod:IllyaUncommonDefend","PrismaMod:IllyaSaphire+1","PrismaMod:IllyaDualEvoke+1","PrismaMod:IllyaUberChannel","PrismaMod:IllyaUncommonDefend+1","PrismaMod:IllyaSaphire","PrismaMod:IllyaUberDefendChannel","Regret","PrismaMod:IllyaCheapDefend","PrismaMod:IllyaUpgradeOrbs","PrismaMod:IllyaUberPoisonChannel","Pot Of Greed","Pot Of Greed","betterMatch:CurseCard","Hallucinations","Pot Of Greed","theDuelist:CurseAnubis","PrismaMod:IllyaUberChannel+1","PrismaMod:IllyaFeed","PrismaMod:IllyaBoysLove+1","PrismaMod:IllyaReinForce","PrismaMod:IllyaCheapDefend","PrismaMod:IllyaStunPoison","PrismaMod:IllyaUberPoisonBlock","PrismaMod:IllyaPoisoningPhantasm+1","PrismaMod:IllyaDetonatingBlow+1","HandOfGreed+1","PrismaMod:IllyaRapidFire","Pot Of Greed","PrismaMod:IllyaTestament"],"relics":["PrismaMod:PrismaRuby","LagranYue:RandomDrawCardRelic","NeowsBlessing","StoneCalendar","Odd Mushroom","Replay:Ancient Bell","Grinning Jar","Darkstone Periapt","Counterbalance","Question Card"],"acts_visited":["Exordium","TheCity"],"potions_floor_usage":[],"damage_taken":[{"damage":0.0,"enemies":"Jaw Worm","floor":1.0,"turns":1.0},{"damage":0.0,"enemies":"Cultist","floor":2.0,"turns":1.0},{"damage":0.0,"enemies":"2 Louse","floor":4.0,"turns":1.0},{"damage":10.0,"enemies":"Gremlin Gang","floor":5.0,"turns":4.0},{"damage":17.0,"enemies":"Looter","floor":7.0,"turns":3.0},{"damage":16.0,"enemies":"The Mushroom Lair","floor":10.0,"turns":7.0},{"damage":2.0,"enemies":"3 Louse","floor":13.0,"turns":5.0},{"damage":9.0,"enemies":"Gremlin Gang","floor":14.0,"turns":7.0},{"damage":19.0,"enemies":"Hexaghost","floor":16.0,"turns":23.0},{"damage":15.0,"enemies":"Spheric Guardian","floor":18.0,"turns":6.0},{"damage":17.0,"enemies":"Shell Parasite","floor":19.0,"turns":5.0},{"damage":18.0,"enemies":"Snake Plant","floor":20.0,"turns":5.0},{"damage":30.0,"enemies":"Cultist and Chosen","floor":22.0,"turns":7.0},{"damage":15.0,"enemies":"Shelled Parasite and Fungi","floor":23.0,"turns":6.0},{"damage":13.0,"enemies":"Chosen and Byrds","floor":24.0,"turns":6.0},{"damage":10.0,"enemies":"Centurion and Healer","floor":27.0,"turns":7.0},{"damage":4.0,"enemies":"Sentry and Sphere","floor":28.0,"turns":7.0},{"damage":6,"enemies":"Book of Stabbing","floor":31,"turns":2}],"seed_played":"-447097196098611985","potions_obtained":[{"floor":1.0,"key":"FearPotion"},{"floor":2.0,"key":"DemoMod:LeadSkinPotion"},{"floor":5.0,"key":"blueLaboratory:BottleOfVodka"},{"floor":7.0,"key":"blueLaboratory:Moonshine"},{"floor":16.0,"key":"Regen Potion"},{"floor":18.0,"key":"blueLaboratory:ArtificerPotion"},{"floor":20.0,"key":"blueLaboratory:AbyssPotion"},{"floor":21.0,"key":"AttackPotion"},{"floor":21.0,"key":"SkillPotion"},{"floor":24.0,"key":"blueLaboratory:PhilterOfMotion"},{"floor":27.0,"key":"Ancient Potion"}],"is_trial":false,"path_per_floor":["M","M","?","M","M","R","M","R","T","?","R","?","M","M","R","B",null,"M","M","M","?","M","M","M","R","T","M","M","?","$","E"],"character_chosen":"ILLYA","items_purchased":["PrismaMod:IllyaRapidFire","PrismaMod:IllyaTestament"],"campfire_rested":3,"item_purchase_floors":[30,30],"current_hp_per_floor":[75,75,75,75,65,65,48,48,48,32,54,54,52,43,65,46,93,83,66,63,63,33,32,34,61,61,51,59,59,59,53,53],"gold":502,"neow_bonus":"THREE_ENEMY_KILL","is_daily":false,"chose_seed":false,"campfire_upgraded":2,"win_rate":0.0,"timestamp":1608593480,"path_taken":["M","M","?","?","M","R","M","R","T","?","R","?","M","M","R","BOSS","M","M","?","?","M","M","?","R","T","M","M","?","$","E"],"items_purchased_type":["Card","Card"],"build_version":"2020-12-13","purchased_purges":1,"victory":false,"max_hp_per_floor":[75,75,75,75,75,75,75,75,75,75,75,75,75,75,75,75,93,93,93,93,93,93,93,93,93,93,93,93,93,93,93,93],"relic_stats":{"Darkstone Periapt":18,"counters":[18,103],"StoneCalendar":[121],"Question Card":6,"obtain_stats":[{"Darkstone Periapt":17,"PrismaMod:PrismaRuby":0,"LagranYue:RandomDrawCardRelic":0,"NeowsBlessing":0,"Counterbalance":17,"StoneCalendar":9,"DemoMod:GlassGuonStoneRelic":1,"Replay:Ancient Bell":17,"Odd Mushroom":10,"Grinning Jar":17,"Question Card":26},{"Darkstone Periapt":9,"PrismaMod:PrismaRuby":0,"LagranYue:RandomDrawCardRelic":0,"NeowsBlessing":0,"Counterbalance":9,"StoneCalendar":5,"DemoMod:GlassGuonStoneRelic":1,"Replay:Ancient Bell":9,"Odd Mushroom":6,"Grinning Jar":9,"Question Card":15},{"Darkstone Periapt":52,"PrismaMod:PrismaRuby":0,"LagranYue:RandomDrawCardRelic":0,"NeowsBlessing":0,"Counterbalance":52,"StoneCalendar":10,"DemoMod:GlassGuonStoneRelic":1,"Replay:Ancient Bell":52,"Odd Mushroom":17,"Grinning Jar":52,"Question Card":87}]},"card_choices":[{"not_picked":["PrismaMod:IllyaCheapChannelAttack","PrismaMod:IllyaEvokeAll"],"picked":"PrismaMod:IllyaSaphire","floor":1.0},{"not_picked":["PrismaMod:IllyaHassanGift","PrismaMod:IllyaUberPoisonBlock"],"picked":"PrismaMod:IllyaDualEvoke","floor":2.0},{"not_picked":["PrismaMod:IllyaFriendMaker","PrismaMod:IllyaUncommonEvoke"],"picked":"PrismaMod:IllyaUberChannel","floor":4.0},{"not_picked":["PrismaMod:IllyaPoisonTippedWeapons","PrismaMod:IllyaFriendMaker"],"picked":"PrismaMod:IllyaUncommonDefend","floor":5.0},{"not_picked":["PrismaMod:IllyaGun","PrismaMod:IllyaCheapChannelPoison"],"picked":"PrismaMod:IllyaSaphire","floor":7.0},{"not_picked":["PrismaMod:IllyaUberChannel","PrismaMod:IllyaCheapChannelPoison"],"picked":"PrismaMod:IllyaUberDefendChannel","floor":10.0},{"not_picked":["PrismaMod:IllyaDevil","PrismaMod:IllyaRussianRoulette"],"picked":"PrismaMod:IllyaCheapDefend","floor":13.0},{"not_picked":["PrismaMod:IllyaMaid","PrismaMod:IllyaAssassinRevenge"],"picked":"PrismaMod:IllyaUpgradeOrbs","floor":14.0},{"not_picked":["PrismaMod:IllyaInstallAssassin","PrismaMod:IllyaInstallAvenger"],"picked":"PrismaMod:IllyaUberPoisonChannel","floor":16.0},{"not_picked":["theDuelist:VampireCurse","jedi:BattleThirst"],"picked":"betterMatch:CurseCard","floor":17.0},{"not_picked":["jedi:frostbite","theDuelist:GravekeeperCurse"],"picked":"Hallucinations","floor":17.0},{"not_picked":["Replay:Hysterical Blindness","Writhe"],"picked":"theDuelist:CurseAnubis","floor":17.0},{"not_picked":["PrismaMod:IllyaInstallShielder","PrismaMod:IllyaCheapDefend"],"picked":"PrismaMod:IllyaUberChannel+1","floor":18.0},{"not_picked":["PrismaMod:IllyaCheapDefend","PrismaMod:IllyaMinorReinForce"],"picked":"PrismaMod:IllyaFeed","floor":19.0},{"not_picked":["PrismaMod:IllyaGrailKun","PrismaMod:IllyaDevil"],"picked":"PrismaMod:IllyaBoysLove+1","floor":20.0},{"not_picked":["PrismaMod:IllyaPartialInstallAssassin","PrismaMod:IllyaAlice"],"picked":"PrismaMod:IllyaReinForce","floor":22.0},{"not_picked":["PrismaMod:IllyaCheapChannelAttack","PrismaMod:IllyaCheapChannelDefend"],"picked":"PrismaMod:IllyaCheapDefend","floor":23.0},{"not_picked":["PrismaMod:IllyaUncommonAttack","PrismaMod:IllyaBerserCAR"],"picked":"PrismaMod:IllyaStunPoison","floor":24.0},{"not_picked":["PrismaMod:IllyaTestament","PrismaMod:IllyaUncommonAttack","PrismaMod:IllyaBlindPoisonToss"],"picked":"PrismaMod:IllyaUberPoisonBlock","floor":27.0},{"not_picked":["PrismaMod:IllyaCheapChannelAttack","PrismaMod:IllyaCheapChannelPoison","PrismaMod:IllyaPoisonTippedWeapons"],"picked":"PrismaMod:IllyaPoisoningPhantasm+1","floor":28.0},{"not_picked":["PrismaMod:IllyaDevil+1","PrismaMod:IllyaAssassinRevenge+1","PrismaMod:IllyaCheapAttack+1"],"picked":"PrismaMod:IllyaDetonatingBlow+1","floor":29.0},{"not_picked":["Magnetism+1","Violence+1","Thinking Ahead+1"],"picked":"HandOfGreed+1","floor":29.0}],"player_experience":91152,"relics_obtained":[{"floor":9.0,"key":"StoneCalendar"},{"floor":10.0,"key":"Odd Mushroom"},{"floor":26.0,"key":"Question Card"}],"event_choices":[{"damage_healed":0.0,"max_hp_gain":0.0,"max_hp_loss":0.0,"gold_gain":0.0,"event_name":"Upgrade Shrine","player_choice":"Upgraded","floor":3.0,"gold_loss":0.0,"damage_taken":0.0,"cards_upgraded":["PrismaMod:IllyaSaphire"]},{"damage_healed":0.0,"max_hp_gain":0.0,"max_hp_loss":0.0,"gold_gain":0.0,"event_name":"Mushrooms","player_choice":"Fought Mushrooms","floor":10.0,"gold_loss":0.0,"damage_taken":0.0},{"damage_healed":0.0,"max_hp_gain":0.0,"max_hp_loss":0.0,"gold_gain":275.0,"event_name":"Golden Shrine","player_choice":"Desecrate","floor":12.0,"gold_loss":0.0,"damage_taken":0.0,"cards_obtained":["Regret"]},{"damage_healed":0.0,"max_hp_gain":0.0,"max_hp_loss":0.0,"gold_gain":0.0,"event_name":"Lab","player_choice":"Got Potions","floor":21.0,"gold_loss":0.0,"damage_taken":0.0},{"damage_healed":0.0,"max_hp_gain":0.0,"max_hp_loss":0.0,"gold_gain":0.0,"event_name":"betterMatch:BetterMatch","player_choice":"2","floor":29.0,"gold_loss":0.0,"damage_taken":0.0,"cards_obtained":["betterMatch:UncommonCard","betterMatch:ColorlessRareCard"]}],"is_beta":false,"boss_relics":[{"not_picked":["jedi:paperlyon","Astrolabe"],"picked":"Replay:Ancient Bell"},{"not_picked":["Omamori","Smiling Mask"],"picked":"Grinning Jar"},{"not_picked":["Shuriken","DemoMod:DecoyRelic"],"picked":"Darkstone Periapt"},{"not_picked":["Thread and Needle","Torii"],"picked":"Counterbalance"}],"items_purged_floors":[30],"is_endless":false,"potions_floor_spawned":[1,2,5,7,16,18,20,24,27,28],"killed_by":"Book of Stabbing","ascension_level":0}}