{"host":"0azimyi6n3ugndj4","time":1608564883,"event":{"mods":["BaseMod","Bestiary","Conspire","Curses Come First","Defuse TimeMaze Blight","Hyrulean Relics","Infinite Spire","Minty Spire (QoL Compilation)","Relic Sorter","Relic Stats","Replay The Spire","StSLib","SuperFastMode","Uncapped","¡¼?Úª?ø«¡½REMEMod"],"gold_per_floor":[138,138,180,17,71,176,176,233,256,256,346,397,484,484,484,706,706,739,739,775,775,814,814,859,859,859,940,985,1072,1072,1174,1174,1190,1190],"floor_reached":33,"playtime":748,"items_purged":["Pain"],"score":775,"play_id":"652b2126-696f-485b-a4bf-aff056e44674","local_time":"20201222003443","daily_mods":["Insanity","Chimera","Specialized","Vintage","ControlledChaos","Allstar","Diverse","Colorless Cards","Heirloom","Time Dilation","Binary","Elite Swarm","Lethality","Midas","Uncertain Future"],"is_ascension_mode":true,"campfire_choices":[{"floor":7,"key":"REST"},{"floor":10,"key":"REST"},{"floor":15,"key":"REST"},{"floor":23,"key":"REST"},{"floor":25,"key":"REST"},{"floor":32,"key":"REST"}],"circlet_count":0,"master_deck":["Wraith Form v2","Echo Form","DevaForm","AscendersBane","Bash","Survivor","Zap","Strike_R","Strike_G","Strike_B","Defend_R","Defend_G","Defend_P","Fluid Movement","EmptyBody","Perfected Strike","Accuracy","EmptyFist","Prepared","Replay:Anticipation","Pommel Strike","Barrage","Massacre","Flying Knee","Discovery","Redo","EmptyFist","Outmaneuver","Deadly Poison","Barrage","BootSequence","Pummel","Prostrate","Replay:Battleflow","Cloak And Dagger","Sword Boomerang","Massacre","Spot Weakness","All Out Attack","ClearTheMind","Terror","Seeing Red","Dagger Throw","Recycle","PiercingWail","Anger","Thunderclap","Sucker Punch","Dagger Spray","SashWhip","Worship","BasicCrystalCard","Dash","JustLucky","ReplayTheSpireMod:Reroute Power","Evaluate","Flex","ReplayTheSpireMod:Muscle Training","ReplayTheSpireMod:GoodbyeWorld","BasicCrystalCard","Cleave","Wild Strike","EmptyFist","Madness","REME_CopyPotion","Hemogenesis","Alpha","infinitespire:FinalStrike","A Thousand Cuts","ReplayTheSpireMod:Necrosis+1","Ragnarok","Fiend Fire"],"relics":["Cracked Core","Frozen Eye","REME_ComplimentaryCards","Lizard Tail","Oddly Smooth Stone","Anchor","ClockworkSouvenir","infinitespire:Freezer","zeldaRelics:CourageTriforce","PreservedInsect","infinitespire:Satchel","zeldaRelics:WisdomTriforce","zeldaRelics:MasterSword","Mirror","White Beast Statue","WarpedTongs","Replay:Baseball","Toxic Egg 2","Replay:Bandana","zeldaRelics:PowerPiece","ChewingGum","CaptainsWheel"],"acts_visited":["Exordium","TheCity"],"potions_floor_usage":[20,22,31,31,33],"damage_taken":[{"damage":3,"enemies":"2 Louse","floor":1,"turns":2},{"damage":0,"enemies":"Cultist","floor":3,"turns":2},{"damage":0,"enemies":"Jaw Worm","floor":5,"turns":2},{"damage":27,"enemies":"3 Sentries","floor":6,"turns":5},{"damage":0,"enemies":"Looter","floor":8,"turns":2},{"damage":21,"enemies":"Lagavulin","floor":11,"turns":3},{"damage":0,"enemies":"Blue Slaver","floor":12,"turns":1},{"damage":9,"enemies":"3 Sentries","floor":13,"turns":3},{"damage":56,"enemies":"Fading Forest","floor":16,"turns":13},{"damage":27,"enemies":"Shell Parasite","floor":18,"turns":6},{"damage":36,"enemies":"2 Thieves","floor":20,"turns":5},{"damage":28,"enemies":"Snecko","floor":22,"turns":4},{"damage":13,"enemies":"Cultist and Chosen","floor":24,"turns":4},{"damage":3,"enemies":"conspire:SneckoGhost","floor":27,"turns":4},{"damage":10,"enemies":"Snake Plant","floor":28,"turns":4},{"damage":9,"enemies":"Nightmare","floor":29,"turns":6},{"damage":23,"enemies":"REME_1_Revenger","floor":31,"turns":3},{"damage":40,"enemies":"Collector","floor":33,"turns":5}],"seed_played":"4366215362697418109","potions_obtained":[{"floor":1,"key":"LiquidBronze"},{"floor":6,"key":"Strength Potion"},{"floor":11,"key":"ColorlessPotion"},{"floor":22,"key":"Block Potion"},{"floor":24,"key":"Languid Potion"},{"floor":31,"key":"Swift Potion"}],"is_trial":true,"path_per_floor":["M","?","M","$","M","E","R","M","T","R","E","M","E","?","R","B",null,"M","?","M","?","M","R","M","R","T","E","M","NM","AVR","E","R","B"],"character_chosen":"DEFECT","items_purchased":["ClockworkSouvenir"],"campfire_rested":6,"item_purchase_floors":[4],"current_hp_per_floor":[61,81,81,81,81,54,78,78,78,81,60,60,51,31,55,4,47,38,38,2,2,28,46,33,51,51,48,43,34,34,11,29,0,0],"gold":1190,"neow_bonus":"","is_daily":false,"chose_seed":false,"campfire_upgraded":0,"win_rate":0.0,"timestamp":1608564883,"path_taken":["M","?","?","$","M","E","R","M","T","R","E","M","E","?","R","BOSS","M","?","M","?","M","R","M","R","T","E","?","NM","AVR","E","R","BOSS"],"items_purchased_type":["Relic"],"build_version":"2020-12-13","purchased_purges":1,"victory":false,"max_hp_per_floor":[71,81,81,81,81,81,81,81,81,81,81,81,81,81,81,81,61,61,61,61,61,61,61,61,61,61,61,61,61,61,61,61,61,61],"relic_stats":{"Lizard Tail":30,"counters":[18,74],"PreservedInsect":192,"obtain_stats":[{"zeldaRelics:WisdomPiece":13,"Oddly Smooth Stone":1,"PreservedInsect":8,"zeldaRelics:CourageTriforce":11,"White Beast Statue":20,"zeldaRelics:WisdomTriforce":27,"ClockworkSouvenir":4,"WarpedTongs":21,"Frozen Eye":0,"Lizard Tail":0,"Anchor":3,"Replay:Baseball":22,"Replay:Bandana":28,"CaptainsWheel":30,"infinitespire:Satchel":12,"ChewingGum":30,"zeldaRelics:MasterSword":17,"zeldaRelics:CouragePiece":6,"Toxic Egg 2":24,"Cracked Core":0,"Mirror":18,"zeldaRelics:PowerPiece":29,"REME_ComplimentaryCards":0,"infinitespire:Freezer":5},{"zeldaRelics:WisdomPiece":8,"Oddly Smooth Stone":1,"PreservedInsect":5,"zeldaRelics:CourageTriforce":6,"White Beast Statue":11,"zeldaRelics:WisdomTriforce":14,"ClockworkSouvenir":2,"WarpedTongs":11,"Frozen Eye":0,"Lizard Tail":0,"Anchor":2,"Replay:Baseball":12,"Replay:Bandana":15,"CaptainsWheel":16,"infinitespire:Satchel":7,"ChewingGum":16,"zeldaRelics:MasterSword":9,"zeldaRelics:CouragePiece":4,"Toxic Egg 2":13,"Cracked Core":0,"Mirror":10,"zeldaRelics:PowerPiece":16,"REME_ComplimentaryCards":0,"infinitespire:Freezer":3},{"zeldaRelics:WisdomPiece":20,"Oddly Smooth Stone":2,"PreservedInsect":13,"zeldaRelics:CourageTriforce":16,"White Beast Statue":44,"zeldaRelics:WisdomTriforce":56,"ClockworkSouvenir":4,"WarpedTongs":44,"Frozen Eye":0,"Lizard Tail":0,"Anchor":4,"Replay:Baseball":48,"Replay:Bandana":60,"CaptainsWheel":66,"infinitespire:Satchel":17,"ChewingGum":66,"zeldaRelics:MasterSword":33,"zeldaRelics:CouragePiece":11,"Toxic Egg 2":52,"Cracked Core":0,"Mirror":39,"zeldaRelics:PowerPiece":66,"REME_ComplimentaryCards":0,"infinitespire:Freezer":6}],"WarpedTongs":[30]},"card_choices":[{"not_picked":["Crow Ritual"],"picked":"REME_CopyPotion","floor":6},{"not_picked":["Barricade"],"picked":"Hemogenesis","floor":11},{"not_picked":["Panache"],"picked":"Alpha","floor":13},{"not_picked":["infinitespire:Punishment","ReplayTheSpireMod:Haul"],"picked":"infinitespire:FinalStrike","floor":14},{"not_picked":["Judgement"],"picked":"A Thousand Cuts","floor":16},{"not_picked":["Adrenaline+1"],"picked":"ReplayTheSpireMod:Necrosis+1","floor":27},{"not_picked":["Replay:AllIn+1"],"picked":"Ragnarok","floor":29},{"not_picked":["Omniscience+1"],"picked":"Fiend Fire","floor":31}],"player_experience":1488890,"relics_obtained":[{"floor":1,"key":"Oddly Smooth Stone"},{"floor":3,"key":"Anchor"},{"floor":5,"key":"infinitespire:Freezer"},{"floor":6,"key":"zeldaRelics:CouragePiece"},{"floor":8,"key":"PreservedInsect"},{"floor":9,"key":"zeldaRelics:CouragePiece"},{"floor":11,"key":"zeldaRelics:CouragePiece"},{"floor":12,"key":"infinitespire:Satchel"},{"floor":13,"key":"zeldaRelics:WisdomPiece"},{"floor":18,"key":"Mirror"},{"floor":20,"key":"White Beast Statue"},{"floor":22,"key":"Replay:Baseball"},{"floor":24,"key":"Toxic Egg 2"},{"floor":26,"key":"zeldaRelics:WisdomPiece"},{"floor":27,"key":"zeldaRelics:WisdomPiece"},{"floor":28,"key":"Replay:Bandana"},{"floor":29,"key":"zeldaRelics:PowerPiece"},{"floor":31,"key":"zeldaRelics:PowerPiece"}],"event_choices":[{"cards_removed":["Demon Form"],"damage_healed":10,"gold_gain":0,"player_choice":"Offered Rare","damage_taken":0,"max_hp_gain":10,"max_hp_loss":0,"event_name":"Bonfire Elementals","floor":2,"gold_loss":0},{"cards_removed":["Eruption"],"damage_healed":0,"gold_gain":0,"player_choice":"Elegance","damage_taken":0,"max_hp_gain":0,"max_hp_loss":0,"event_name":"Back to Basics","floor":19,"gold_loss":0},{"damage_healed":0,"gold_gain":0,"player_choice":"Rummage","damage_taken":0,"relics_obtained":["WarpedTongs"],"max_hp_gain":0,"max_hp_loss":0,"event_name":"Accursed Blacksmith","floor":21,"gold_loss":0,"cards_obtained":["Pain"]}],"is_beta":false,"boss_relics":[{"not_picked":["Replay:Drink Me","conspire:RunicOctahedron"],"picked":"zeldaRelics:MasterSword"}],"items_purged_floors":[30],"is_endless":true,"potions_floor_spawned":[1,6,11,22,24,27,28,29,31],"killed_by":"Collector","ascension_level":20}}