{"host":"usewcu4ohw2wtmxk","time":1608545111,"event":{"mods":["BaseMod","Minty Spire (QoL Compilation)","Permanent Neow","Quick Restart","Relic Stats"],"gold_per_floor":[114,137,152,165,176,176,196,226,295,295,327,327,2,12,12,87,87,99,149,149,159,171,206,206,236,263,188,188,188,188],"floor_reached":29,"playtime":621,"items_purged":[],"score":546,"play_id":"25e1753a-6308-4b21-97b7-b979b8b2b3c8","local_time":"20201221180511","is_ascension_mode":true,"campfire_choices":[{"data":"Searing Blow","floor":6.0,"key":"SMITH"},{"data":"Searing Blow+1","floor":10.0,"key":"SMITH"},{"data":"Searing Blow+2","floor":12.0,"key":"SMITH"},{"data":"Searing Blow+3","floor":15.0,"key":"SMITH"},{"data":"Searing Blow+4","floor":24.0,"key":"SMITH"},{"data":"Searing Blow+5","floor":28.0,"key":"SMITH"}],"circlet_count":0,"master_deck":["AscendersBane","Strike_R","Strike_R","Strike_R","Defend_R","Defend_R","Defend_R","Defend_R","Bash","Reaper","Searing Blow+6","Burning Pact","Barricade","Bloodletting+1","Shrug It Off"],"relics":["Burning Blood","PreservedInsect","Toy Ornithopter","Pear","Bronze Scales","Medical Kit","Bag of Preparation","Philosopher\u0027s Stone","Pocketwatch","Nunchaku","Red Skull"],"acts_visited":["Exordium","TheCity"],"potions_floor_usage":[],"damage_taken":[{"damage":12.0,"enemies":"Cultist","floor":1.0,"turns":4.0},{"damage":8.0,"enemies":"Small Slimes","floor":3.0,"turns":4.0},{"damage":10.0,"enemies":"2 Louse","floor":4.0,"turns":3.0},{"damage":22.0,"enemies":"Gremlin Gang","floor":5.0,"turns":8.0},{"damage":25.0,"enemies":"3 Louse","floor":7.0,"turns":4.0},{"damage":32.0,"enemies":"Gremlin Nob","floor":8.0,"turns":4.0},{"damage":30.0,"enemies":"3 Sentries","floor":11.0,"turns":5.0},{"damage":20.0,"enemies":"Large Slime","floor":14.0,"turns":6.0},{"damage":23.0,"enemies":"Hexaghost","floor":16.0,"turns":9.0},{"damage":32.0,"enemies":"Shell Parasite","floor":18.0,"turns":3.0},{"damage":0.0,"enemies":"Chosen","floor":21.0,"turns":3.0},{"damage":31.0,"enemies":"Snecko","floor":22.0,"turns":3.0},{"damage":11.0,"enemies":"Slavers","floor":23.0,"turns":5.0},{"damage":30.0,"enemies":"Gremlin Leader","floor":25.0,"turns":3.0},{"damage":41,"enemies":"Book of Stabbing","floor":29,"turns":2}],"seed_played":"6691159820342340404","potions_obtained":[{"floor":1.0,"key":"SpeedPotion"},{"floor":4.0,"key":"Fire Potion"},{"floor":5.0,"key":"Fire Potion"},{"floor":11.0,"key":"Energy Potion"},{"floor":16.0,"key":"AttackPotion"},{"floor":18.0,"key":"GamblersBrew"},{"floor":21.0,"key":"HeartOfIron"}],"is_trial":false,"path_per_floor":["M","T","M","M","M","R","M","E","T","R","E","R","$","M","R","B",null,"M","?","?","M","M","E","R","E","T","?","R","E"],"character_chosen":"IRONCLAD","items_purchased":["Medical Kit","Bag of Preparation"],"campfire_rested":0,"item_purchase_floors":[13,13],"current_hp_per_floor":[66,66,64,68,56,56,49,27,37,37,30,30,30,16,16,13,67,46,46,46,52,27,44,44,32,32,32,32,0,0],"gold":188,"neow_bonus":"ONE_RANDOM_RARE_CARD","is_daily":false,"chose_seed":false,"campfire_upgraded":6,"win_rate":0.0,"timestamp":1608545111,"path_taken":["M","?","M","M","M","R","M","E","T","R","E","R","$","M","R","BOSS","M","?","?","M","?","E","R","E","T","?","R","E"],"items_purchased_type":["Relic","Relic"],"build_version":"2020-12-13","purchased_purges":0,"victory":false,"max_hp_per_floor":[75,75,75,75,75,75,75,75,85,85,85,85,85,85,85,85,85,85,85,85,85,85,85,85,85,85,85,85,85,85],"relic_stats":{"Nunchaku":[0],"counters":[15,66],"Bronze Scales":[96],"PreservedInsect":187,"Bag of Preparation":[16],"Medical Kit":[3],"obtain_stats":[{"Nunchaku":25,"Pear":9,"Bronze Scales":11,"Philosopher\u0027s Stone":17,"PreservedInsect":2,"Bag of Preparation":13,"Medical Kit":13,"Burning Blood":0,"Toy Ornithopter":8,"Red Skull":26,"Pocketwatch":23},{"Nunchaku":14,"Pear":6,"Bronze Scales":7,"Philosopher\u0027s Stone":9,"PreservedInsect":1,"Bag of Preparation":7,"Medical Kit":7,"Burning Blood":0,"Toy Ornithopter":6,"Red Skull":14,"Pocketwatch":13},{"Nunchaku":64,"Pear":27,"Bronze Scales":32,"Philosopher\u0027s Stone":47,"PreservedInsect":4,"Bag of Preparation":32,"Medical Kit":32,"Burning Blood":0,"Toy Ornithopter":27,"Red Skull":64,"Pocketwatch":61}],"Burning Blood":84,"Toy Ornithopter":30,"Pocketwatch":[6]},"card_choices":[{"not_picked":["Fire Breathing","Sword Boomerang"],"picked":"Searing Blow","floor":1.0},{"not_picked":["Iron Wave","Infernal Blade","Headbutt"],"picked":"SKIP","floor":3.0},{"not_picked":["Searing Blow","True Grit"],"picked":"Burning Pact","floor":4.0},{"not_picked":["Flex","Infernal Blade","Intimidate"],"picked":"SKIP","floor":5.0},{"not_picked":["Iron Wave","Intimidate","Dual Wield"],"picked":"SKIP","floor":7.0},{"not_picked":["True Grit","Metallicize","Thunderclap"],"picked":"SKIP","floor":8.0},{"not_picked":["Juggernaut","Entrench","Ghostly Armor"],"picked":"SKIP","floor":11.0},{"not_picked":["Hemokinesis","Metallicize","Headbutt"],"picked":"SKIP","floor":14.0},{"not_picked":["Reaper","Limit Break"],"picked":"Barricade","floor":16.0},{"not_picked":["Wild Strike","Iron Wave"],"picked":"Bloodletting+1","floor":18.0},{"not_picked":["Bloodletting","Body Slam","Blood for Blood"],"picked":"SKIP","floor":21.0},{"not_picked":["Twin Strike","Clothesline"],"picked":"Shrug It Off","floor":22.0},{"not_picked":["Warcry","Brutality","True Grit"],"picked":"SKIP","floor":23.0},{"not_picked":["Bloodletting","Cleave+1","Feel No Pain"],"picked":"SKIP","floor":25.0}],"player_experience":208186,"relics_obtained":[{"floor":2.0,"key":"PreservedInsect"},{"floor":8.0,"key":"Toy Ornithopter"},{"floor":9.0,"key":"Pear"},{"floor":11.0,"key":"Bronze Scales"},{"floor":23.0,"key":"Pocketwatch"},{"floor":25.0,"key":"Nunchaku"},{"floor":26.0,"key":"Red Skull"}],"event_choices":[{"damage_healed":0.0,"max_hp_gain":0.0,"max_hp_loss":0.0,"gold_gain":50.0,"event_name":"Nest","player_choice":"Stole From Cult","floor":19.0,"gold_loss":0.0,"damage_taken":0.0},{"cards_removed":["Strike_R"],"damage_healed":0.0,"max_hp_gain":0.0,"max_hp_loss":0.0,"gold_gain":0.0,"event_name":"Purifier","player_choice":"Purged","floor":20.0,"gold_loss":0.0,"damage_taken":0.0},{"cards_removed":["Strike_R"],"damage_healed":0.0,"max_hp_gain":0.0,"max_hp_loss":0.0,"gold_gain":0.0,"event_name":"Beggar","player_choice":"Gave Gold","floor":27.0,"gold_loss":75.0,"damage_taken":0.0}],"is_beta":false,"boss_relics":[{"not_picked":["Ectoplasm","Astrolabe"],"picked":"Philosopher\u0027s Stone"}],"items_purged_floors":[],"is_endless":false,"potions_floor_spawned":[1,4,5,11,16,18,21],"killed_by":"Book of Stabbing","ascension_level":20}}