{"host":"llpusn9usp8rznkj","time":1608570756,"event":{"mods":["2.2 Compatiblity","Aspiration","BaseMod","Colored Map","Colored Powertips","Conspire","Hubris","Minty Spire (QoL Compilation)","Rare Cards Sparkle","Replay The Spire","StSLib","The Cursed"],"gold_per_floor":[115,127,227,243,284,311,311,311,311],"floor_reached":8,"playtime":297,"items_purged":[],"score":112,"play_id":"742709cc-fb11-4cd8-b71f-e73dc2b4d986","local_time":"20201221121236","is_ascension_mode":true,"campfire_choices":[],"circlet_count":0,"master_deck":["AscendersBane","Strike_G","Strike_G","Strike_G","Strike_G","Strike_G","Defend_G","Defend_G","Defend_G","Defend_G","Defend_G","Survivor","Neutralize","Prepared","Catalyst","Leg Sweep","Pain","Bouncing Flask","Escape Plan"],"relics":["Ring of the Snake","NeowsBlessing","Singing Bowl","Art of War"],"acts_visited":["Exordium"],"potions_floor_usage":[6],"damage_taken":[{"damage":0,"enemies":"Jaw Worm","floor":1,"turns":1},{"damage":0,"enemies":"Cultist","floor":2,"turns":1},{"damage":0,"enemies":"2 Louse","floor":4,"turns":1},{"damage":10,"enemies":"Lagavulin","floor":6,"turns":7},{"damage":55,"enemies":"3 Sentries","floor":8,"turns":10}],"seed_played":"8579280568744889084","potions_obtained":[{"floor":5,"key":"SkillPotion"}],"is_trial":false,"path_per_floor":["M","M","?","M","?","E","R","E"],"character_chosen":"THE_SILENT","items_purchased":[],"campfire_rested":0,"item_purchase_floors":[],"current_hp_per_floor":[59,59,59,59,59,49,49,0,0],"gold":311,"neow_bonus":"THREE_ENEMY_KILL","is_daily":false,"chose_seed":false,"campfire_upgraded":0,"win_rate":0.0,"timestamp":1608570756,"path_taken":["M","M","?","?","?","E","R","E"],"items_purchased_type":[],"build_version":"2020-12-13","purchased_purges":0,"victory":false,"max_hp_per_floor":[66,66,66,66,66,66,66,66,66],"card_choices":[{"not_picked":["Dagger Throw","Deflect"],"picked":"Prepared","floor":1},{"not_picked":["Acrobatics","Deadly Poison"],"picked":"Catalyst","floor":2},{"not_picked":["Dagger Spray","hubris:SlightOfHand"],"picked":"Leg Sweep","floor":4},{"not_picked":["Underhanded Strike","Blade Dance"],"picked":"Bouncing Flask","floor":5},{"not_picked":["Acrobatics","Flechettes"],"picked":"Escape Plan","floor":6}],"player_experience":1103492,"relics_obtained":[{"floor":5,"key":"Singing Bowl"},{"floor":6,"key":"Art of War"}],"event_choices":[{"damage_healed":0,"gold_gain":100,"player_choice":"Gold","damage_taken":0,"max_hp_gain":0,"max_hp_loss":0,"event_name":"Wheel of Change","floor":3,"gold_loss":0}],"is_beta":false,"boss_relics":[],"items_purged_floors":[],"is_endless":false,"potions_floor_spawned":[],"killed_by":"3 Sentries","ascension_level":20}}