{"host":"05vhm55ztg7fyvhd","time":1608552545,"event":{"mods":["BaseMod","Downfall","Googly Eyes","Hubris","Minty Spire (QoL Compilation)","Replay The Spire","Shop Mod","StSLib"],"gold_per_floor":[99,99,16,16,16,116,139,158,158,192,211,221,231,231,245,245,245,245],"floor_reached":16,"playtime":1130,"items_purged":[],"score":100,"play_id":"c8ad5d7f-403b-4b6a-82ac-c4c8a135d21d","local_time":"20201221130905","is_ascension_mode":false,"campfire_choices":[{"data":"champ:Taunt","floor":1,"key":"SMITH"},{"data":"expansioncontent:DonusPower","floor":4,"key":"SMITH"},{"data":"champ:CrookedStrike","floor":9,"key":"SMITH"}],"circlet_count":0,"master_deck":["champ:Strike","champ:Strike","champ:Strike","champ:Defend","champ:Defend","champ:Defend","champ:Defend","champ:Execute","champ:Taunt+1","champ:Haymaker","expansioncontent:DonusPower+1","champ:BringItOn","champ:FocusedBerserking","champ:TornadoPunch","Hallucinations","champ:Taunt","Purity","champ:CrookedStrike+1","champ:Backstep","champ:FalseCounter","champ:BerserkersShout","champ:Backstep","champ:PerfectedStrike","champ:PerfectForm"],"relics":["champ:ChampionCrown","downfall:HeartsMalice","downfall:GremlinSack","Simple Rune","Replay:WaspNest"],"acts_visited":["Exordium"],"potions_floor_usage":[13,16,16,16],"damage_taken":[{"damage":0,"enemies":"Small Slimes","floor":2,"turns":1},{"damage":0,"enemies":"downfall:FleeingMerchant","floor":3,"turns":1},{"damage":0,"enemies":"downfall:FleeingMerchant","floor":6,"turns":1},{"damage":0,"enemies":"Cultist","floor":8,"turns":4},{"damage":22,"enemies":"3 Sentries","floor":10,"turns":7},{"damage":10,"enemies":"2 Louse","floor":11,"turns":2},{"damage":21,"enemies":"Lots of Slimes","floor":12,"turns":3},{"damage":21,"enemies":"Large Slime","floor":13,"turns":6},{"damage":8,"enemies":"Exordium Wildlife","floor":15,"turns":5},{"damage":42,"enemies":"downfall:Defect","floor":16,"turns":6}],"seed_played":"2339962398431615145","potions_obtained":[{"floor":10,"key":"SteroidPotion"},{"floor":11,"key":"Elixir"},{"floor":12,"key":"Energy Potion"},{"floor":13,"key":"Guardian:BlockOnCardUsePotion"}],"is_trial":false,"path_per_floor":["R","M","$","R","?","?","T","M","R","E","M","M","M","?","M","B"],"character_chosen":"THE_CHAMP","items_purchased":["expansioncontent:DonusPower"],"campfire_rested":0,"item_purchase_floors":[3],"current_hp_per_floor":[90,90,90,90,90,90,90,90,90,73,73,57,44,44,41,0,0,0],"gold":245,"neow_bonus":"THREE_ENEMY_KILL","is_daily":false,"chose_seed":false,"campfire_upgraded":3,"win_rate":0.0,"timestamp":1608552545,"path_taken":["R","M","$","R","?","?","T","M","R","E","M","M","?","?","M","BOSS"],"items_purchased_type":["Card"],"build_version":"2020-12-13","purchased_purges":0,"victory":false,"max_hp_per_floor":[90,90,90,90,90,90,90,90,90,90,90,90,90,90,90,90,90,90],"card_choices":[{"not_picked":["champ:EnGarde","champ:DefensiveShout","champ:StanceDance"],"picked":"SKIP","floor":2},{"not_picked":["champ:Backstep","champ:HeartStrike"],"picked":"champ:Haymaker","floor":3},{"not_picked":["champ:BerserkersShout","champ:GladiatorsShout"],"picked":"champ:BringItOn","floor":6},{"not_picked":["champ:TornadoPunch","champ:PerfectedStrike"],"picked":"champ:CrookedStrike","floor":8},{"not_picked":["champ:BringItOn","champ:FightOn"],"picked":"champ:Backstep","floor":10},{"not_picked":["champ:FanOfKnives","champ:Riposte"],"picked":"champ:FalseCounter","floor":11},{"not_picked":["champ:CrookedStrike","champ:Encircle"],"picked":"champ:BerserkersShout","floor":12},{"not_picked":["champ:AdrenalArmor","champ:Circumvent"],"picked":"champ:Backstep","floor":13},{"not_picked":["champ:BerserkersShout","champ:EnGarde"],"picked":"champ:PerfectForm","floor":15}],"player_experience":431122,"relics_obtained":[{"floor":6,"key":"downfall:GremlinSack"},{"floor":7,"key":"Simple Rune"},{"floor":10,"key":"Replay:WaspNest"}],"event_choices":[{"damage_healed":0,"gold_gain":0,"cards_transformed":["champ:DancingMaster"],"player_choice":"Transformed","damage_taken":0,"max_hp_gain":0,"max_hp_loss":0,"event_name":"Transmorgrifier","floor":14,"gold_loss":0,"cards_obtained":["champ:PerfectedStrike"]}],"is_beta":false,"boss_relics":[],"items_purged_floors":[],"is_endless":false,"potions_floor_spawned":[10,11,12,13],"killed_by":"downfall:Defect","ascension_level":0}}