{"host":"jmrtcms4w8pdo4je","time":1608536677,"event":{"mods":["AchievementEnabler","BaseMod","Colored Powertips","Gremlin Mod","Infinite Spire","Minty Spire (QoL Compilation)","Replay The Spire","StSLib","The Forsaken","The Hierophant","The Necromancer"],"gold_per_floor":[117,117,36,211,83,83,83,97,145,145,159,159,172,172,172,185,185,282,282,297,297,315,327,267,267,293,293,293,307,109,157,157,157,157,260,260,279,279,279,291,291,99,99,99,167,184,184,199,23,41,41,142,142,146,3,3,19,19,19,25,25,25,39,44,51,51,51,51,63,63,159,159,156,156,156,34,34,34,52,302,302,302,309,309,318,160,160,241,241,230,230,248,238,226,226,216,216,216,216,96,94,94,99,99,60,60],"floor_reached":105,"playtime":4970,"items_purged":["Doubt","Finger_Of_Death","Sickly","Regret"],"score":1682,"play_id":"6e84a68c-8264-41b0-8721-570a592fe123","local_time":"20201221014437","daily_mods":["SealedDeck","Heirloom"],"is_ascension_mode":false,"campfire_choices":[{"floor":6,"key":"DIG"},{"floor":10,"key":"DIG"},{"data":"Summon_Undead_Army","floor":17,"key":"SMITH"},{"data":"infinitespire:NeuralNetwork","floor":25,"key":"SMITH"},{"data":"Summon_Death_Knight","floor":27,"key":"SMITH"},{"data":"Uncharnel","floor":32,"key":"SMITH"},{"floor":34,"key":"REST"},{"data":"Summon_Undead","floor":43,"key":"SMITH"},{"data":"Summon_Undead_Army","floor":51,"key":"SMITH"},{"data":"Summon_Vampire_Lady","floor":59,"key":"SMITH"},{"data":"Summon_Undead_Army","floor":61,"key":"SMITH"},{"data":"Madness","floor":70,"key":"SMITH"},{"data":"Skeleton_Dragon","floor":78,"key":"SMITH"},{"data":"Summon_Death_Knight","floor":84,"key":"SMITH"},{"data":"Summon_Lich","floor":87,"key":"SMITH"},{"data":"Summon_Vampire_Lady","floor":95,"key":"SMITH"},{"data":"Spectral_Walk","floor":99,"key":"SMITH"},{"data":"Bone_Armor","floor":102,"key":"SMITH"},{"data":"Summon_Vampire_Lady","floor":104,"key":"SMITH"}],"circlet_count":0,"master_deck":["Spectral_Walk+1","Life_Drain","Finger_Of_Death+1","Finger_Of_Death+1","Finger_Of_Death","Bone_Armor+1","Uncharnel+1","Death_March_Dance","Bone_Prison","Summon_Undead_Army+1","Consume_Illness","Bone_Armor","infinitespire:NeuralNetwork+1","Life_Drain","Summon_Death_Knight+1","Death_March_Dance+1","Bone_Armory+1","Vampiric_Strike","Bone_Prison","Bones_to_Steel+1","Summon_Undead+1","Summon_Undead_Army+1","Madness","Madness+1","Spectral_Armor","Skeleton_Dragon+1","Clumsy","Summon_Lich+1","Summon_Vampire_Lady+1","Summon_Undead_Army+1","Negative_Energy_Bomb","Bone_Shift","Bone_Prison+1","Uncharnel+1","Summon_Death_Knight+1","Skeleton_Dragon+1","Summon_Lich+1","Summon_Lich+1","ReplayTheSpireMod:Haul+1","Strike_from_Beyond+1","Summon_Vampire_Lady+1","infinitespire:SealOfDarkness+","Summon_Vampire_Lady+1"],"relics":["Vampire_Amulet","Shovel","Toy Ornithopter","infinitespire:CheckeredPen","Happy Flower","Replay:Bottled Steam","SacredBark","Art of War","Thread and Needle","The Courier","MutagenicStrength","Velvet Choker","Vajra","Bottled Lightning","Strange Spoon","Replay:Ancient Bell","ReplayTheSpireMod:TigerMarble","Eternal Feather","TungstenRod","Golden Idol","Replay:Rubber Ducky","Replay:Bronze Core","WingedGreaves","Philosopher\u0027s Stone","Tiny Chest","Quantum Egg","infinitespire:Eraser","infinitespire:Lychee Nut","DollysMirror","Black Star","War Paint","Gremlin Horn","Replay:Bottled Eggs","theForsaken:HumbleEgg","Gambling Chip"],"acts_visited":["Exordium","TheCity","TheBeyond","Exordium","TheCity","TheBeyond"],"potions_floor_usage":[18,18,22,35,37,47,47,52,71,73,79,82,82,88,94,105],"damage_taken":[{"damage":5,"enemies":"Small Slimes","floor":1,"turns":3},{"damage":0,"enemies":"Cultist","floor":8,"turns":3},{"damage":2,"enemies":"Jaw Worm","floor":11,"turns":3},{"damage":8,"enemies":"2 Fungi Beasts","floor":13,"turns":4},{"damage":15,"enemies":"Exordium Wildlife","floor":16,"turns":5},{"damage":84,"enemies":"Fading Forest","floor":18,"turns":11},{"damage":28,"enemies":"Spheric Guardian","floor":20,"turns":6},{"damage":0,"enemies":"Chosen","floor":22,"turns":5},{"damage":24,"enemies":"Sentry and Sphere","floor":23,"turns":6},{"damage":28,"enemies":"Book of Stabbing","floor":26,"turns":6},{"damage":29,"enemies":"3 Cultists","floor":29,"turns":5},{"damage":37,"enemies":"Collector","floor":35,"turns":10},{"damage":3,"enemies":"3 Darklings","floor":37,"turns":4},{"damage":8,"enemies":"3 Shapes","floor":40,"turns":4},{"damage":3,"enemies":"Transient","floor":46,"turns":5},{"damage":24,"enemies":"Nightmare","floor":47,"turns":8},{"damage":31,"enemies":"Sphere and 2 Shapes","floor":48,"turns":4},{"damage":0,"enemies":"Maw","floor":50,"turns":6},{"damage":27,"enemies":"Awakened One","floor":52,"turns":12},{"damage":0,"enemies":"Small Slimes","floor":54,"turns":2},{"damage":12,"enemies":"Jaw Worm","floor":57,"turns":3},{"damage":2,"enemies":"2 Louse","floor":60,"turns":2},{"damage":9,"enemies":"Looter","floor":63,"turns":3},{"damage":0,"enemies":"Large Slime","floor":64,"turns":3},{"damage":0,"enemies":"Blue Slaver","floor":65,"turns":2},{"damage":9,"enemies":"3 Louse","floor":69,"turns":3},{"damage":7,"enemies":"The Guardian","floor":71,"turns":7},{"damage":8,"enemies":"Spheric Guardian","floor":73,"turns":4},{"damage":6,"enemies":"Shell Parasite","floor":74,"turns":4},{"damage":44,"enemies":"Slavers","floor":79,"turns":4},{"damage":45,"enemies":"Snake Plant","floor":82,"turns":4},{"damage":0,"enemies":"Sentry and Sphere","floor":83,"turns":3},{"damage":2,"enemies":"Gremlin Leader","floor":85,"turns":6},{"damage":31,"enemies":"Champ","floor":88,"turns":8},{"damage":10,"enemies":"Orb Walker","floor":90,"turns":5},{"damage":0,"enemies":"3 Shapes","floor":92,"turns":1},{"damage":14,"enemies":"Jaw Worm Horde","floor":93,"turns":6},{"damage":36,"enemies":"Writhing Mass","floor":94,"turns":5},{"damage":6,"enemies":"Transient","floor":96,"turns":5},{"damage":34,"enemies":"4 Shapes","floor":101,"turns":4},{"damage":0,"enemies":"Nightmare","floor":103,"turns":8},{"damage":153,"enemies":"Donu and Deca","floor":105,"turns":7}],"seed_played":"-4393668778286677873","potions_obtained":[{"floor":11,"key":"Fruit Juice"},{"floor":13,"key":"LifebloodPotion"},{"floor":18,"key":"DistilledChaos"},{"floor":23,"key":"Swift Potion"},{"floor":29,"key":"AttackPotion"},{"floor":35,"key":"ColorlessPotion"},{"floor":37,"key":"Fruit Juice"},{"floor":50,"key":"Explosive Potion"},{"floor":57,"key":"Toxic Potion"},{"floor":60,"key":"Milkshake"},{"floor":73,"key":"SpeedPotion"},{"floor":74,"key":"Venom Potion"},{"floor":79,"key":"Energy Potion"},{"floor":85,"key":"Reflective Coating"},{"floor":93,"key":"PowerPotion"},{"floor":101,"key":"Cursed Concoction"}],"is_trial":true,"path_per_floor":["M","?","$","?","$","R","T","M","T","R","M","?","M","PTL","PTL","M","R","B",null,"M","?","M","M","?","R","E","R","T","M","$","?","R","?","R","B",null,"M","?","?","M","T","$","R","?","T","M","NM","M","$","M","R","B",null,"M","$","?","M","?","R","M","R","T","M","M","M","?","PTL","PTL","M","R","B",null,"M","M","AVR","$","?","R","E","?","T","M","M","R","E","$","R","B",null,"M","AVR","M","M","M","R","M","T","T","R","$","M","R","NM","R","B"],"character_chosen":"NECROMANCER","items_purchased":["Summon_Undead_Army","Consume_Illness","Pet Ghost","Vampiric_Strike","Summon_Undead","Summon_Undead_Army","Strange Spoon","Spectral_Armor","Summon_Lich+1","Tiny Chest","DollysMirror","Summon_Lich"],"campfire_rested":1,"item_purchase_floors":[3,5,30,30,42,42,49,49,55,76,86,86],"current_hp_per_floor":[72,72,72,72,72,72,72,74,74,74,75,56,52,52,52,57,57,15,80,64,49,75,71,71,71,61,61,61,44,44,44,44,44,69,75,85,85,85,85,84,84,84,84,73,73,85,95,77,77,90,90,95,95,95,95,77,73,73,88,88,88,88,88,88,88,88,88,88,88,88,88,88,88,87,87,87,87,88,75,75,75,53,82,88,66,66,66,66,66,66,66,66,66,48,66,66,66,66,66,66,63,66,66,66,0,0],"gold":60,"neow_bonus":"","is_daily":false,"chose_seed":false,"campfire_upgraded":16,"win_rate":0.0,"timestamp":1608536677,"path_taken":["M","?","?","?","$","R","?","M","T","R","M","?","M","PTL","PTL","M","R","BOSS","M","?","M","M","?","R","E","R","T","M","$","?","R","?","R","BOSS","M","?","?","?","?","?","R","?","T","M","NM","M","$","M","R","BOSS","M","$","?","M","?","R","M","R","T","M","M","M","?","PTL","PTL","?","R","BOSS","M","M","AVR","$","?","R","E","?","T","?","M","R","E","$","R","BOSS","M","AVR","M","M","M","R","M","?","T","R","$","?","R","NM","R","BOSS"],"items_purchased_type":["Card","Card","Relic","Card","Card","Card","Relic","Card","Card","Relic","Relic","Card"],"build_version":"2020-12-13","purchased_purges":4,"victory":false,"max_hp_per_floor":[75,75,75,75,75,75,75,75,75,75,75,75,75,75,75,75,75,80,80,80,85,85,85,85,85,85,85,85,85,85,85,85,85,85,85,85,85,85,85,85,85,85,85,85,85,85,95,95,95,95,95,95,95,95,95,95,95,88,88,88,88,88,88,88,88,88,88,88,88,88,88,88,88,88,88,88,88,88,88,88,88,88,88,88,66,66,66,66,66,66,66,66,66,66,66,66,66,66,66,66,66,66,66,66,66,66],"card_choices":[{"not_picked":["Bone_Bullets","Negative_Energy_Shield","Death_Knell"],"picked":"SKIP","floor":1},{"not_picked":["Negative_Energy_Javelin","Violent_Necrosis"],"picked":"Bone_Armor","floor":8},{"not_picked":["Whirlwind_of_Bones","Spectral_Walk","Death_Coil"],"picked":"SKIP","floor":11},{"not_picked":["ReplayTheSpireMod:Chaos Vortex","ReplayTheSpireMod:Black Plague"],"picked":"infinitespire:NeuralNetwork","floor":12},{"not_picked":["Blood_Whip","Toxic_Smoke_Screen"],"picked":"Life_Drain","floor":13},{"not_picked":["Negative_Energy_Shield","Negative_Energy_Sphere","Bone_Spikes"],"picked":"SKIP","floor":16},{"not_picked":["Cloudkill","Blood_Wake"],"picked":"Summon_Death_Knight","floor":18},{"not_picked":["Negative_Energy_Shield","Bone_Spikes"],"picked":"Death_March_Dance+1","floor":20},{"not_picked":["Exploit","Blood_Is_Power","Death_Coil"],"picked":"SKIP","floor":22},{"not_picked":["Epidemic","Negative_Energy_Shield","Death_Coil"],"picked":"SKIP","floor":23},{"not_picked":["Cloudkill","Toxic_Smoke_Screen"],"picked":"Bone_Armory","floor":26},{"not_picked":["Shackles_Of_Pain","Chill_Blood","Strike_from_Beyond"],"picked":"SKIP","floor":29},{"not_picked":["Life_Drain","Chill_Blood+1"],"picked":"Bone_Prison","floor":31},{"not_picked":["Bone_Bullets","Strike_from_Beyond"],"picked":"Bones_to_Steel+1","floor":31},{"not_picked":["Vampiric_Strike","Bone_Armor","Negative_Energy_Shield+1"],"picked":"SKIP","floor":37},{"not_picked":["Shackles_Of_Pain","Necrotic_Claws+1","Blood_Curse"],"picked":"SKIP","floor":40},{"not_picked":["Shackles_Of_Pain","Shade_Step","Pandemic+1"],"picked":"SKIP","floor":46},{"not_picked":["Life_Tap+1","Thousand_Bone_Knives+1","Summon_Undead_Army+1"],"picked":"SKIP","floor":47},{"not_picked":["Bone_Bullets","Finger_Of_Death","Thousand_Bone_Knives"],"picked":"SKIP","floor":48},{"not_picked":["Shackles_Of_Pain","Chill_Blood+1","Spectral_Walk+1"],"picked":"SKIP","floor":50},{"not_picked":["Requiem","Summon_Vampire_Lady"],"picked":"Skeleton_Dragon","floor":52},{"not_picked":["ReplayTheSpireMod:IOU","Delirium"],"picked":"Clumsy","floor":53},{"not_picked":["Languid","Hallucinations"],"picked":"Regret","floor":53},{"not_picked":["theForsaken:PlagueCurse","Decay"],"picked":"Sickly","floor":53},{"not_picked":["Bone_Bullets","Bones_to_Steel","Blood_Whip"],"picked":"SKIP","floor":54},{"not_picked":["Bone_Bullets","Finger_Of_Death"],"picked":"Summon_Vampire_Lady","floor":57},{"not_picked":["Blood_for_Blood","Death_March_Dance"],"picked":"Summon_Undead_Army","floor":60},{"not_picked":["Chill_Blood","Siphon_Strength","Consume_Illness"],"picked":"SKIP","floor":63},{"not_picked":["Whirlwind_of_Bones","Thousand_Bone_Knives","Finger_Of_Death"],"picked":"SKIP","floor":64},{"not_picked":["Shade_Step","Acid_Javelin","Blood_Curse"],"picked":"SKIP","floor":65},{"not_picked":["Exploit","Scare"],"picked":"Bone_Shift","floor":69},{"not_picked":["Negative_Energy_Javelin","Violent_Necrosis+1","Negative_Energy_Mist"],"picked":"SKIP","floor":73},{"not_picked":["Negative_Energy_Sphere","Blood_for_Blood"],"picked":"Bone_Prison","floor":74},{"not_picked":["Negative_Energy_Shield","Blood_Whip"],"picked":"Uncharnel+1","floor":79},{"not_picked":["Grasp_Heart","Requiem"],"picked":"Summon_Death_Knight","floor":80},{"not_picked":["Vampiric_Strike","Negative_Energy_Shield","Epidemic"],"picked":"SKIP","floor":82},{"not_picked":["Bones_to_Steel","Blood_Curse+1","Shackles_Of_Pain"],"picked":"SKIP","floor":83},{"not_picked":["Death_March_Dance","Consume_Illness","Negative_Energy_Burst"],"picked":"SKIP","floor":85},{"not_picked":["infinitespire:Collect","Replay:Fractal Strike"],"picked":"ReplayTheSpireMod:Haul","floor":88},{"not_picked":["Chill_Blood+1","Consume_Illness"],"picked":"Strike_from_Beyond+1","floor":90},{"not_picked":["Negative_Energy_Shield+1","Bone_Armor","Siphon_Strength+1"],"picked":"SKIP","floor":92},{"not_picked":["Uncharnel+1","Blood_Whip"],"picked":"Summon_Vampire_Lady","floor":93},{"not_picked":["Bone_Armor+1","Exploit+1","Negative_Energy_Shield+1"],"picked":"SKIP","floor":94},{"not_picked":["Spectral_Walk","Siphon_Strength+1","Death_Coil"],"picked":"SKIP","floor":96},{"not_picked":["Death_Knell","Bone_Spikes+1","Death_Coil"],"picked":"SKIP","floor":101},{"not_picked":["infinitespire:Execution","infinitespire:DeathsTouch"],"picked":"infinitespire:SealOfDarkness+","floor":103},{"not_picked":["Scare+1","Bone_Armor+1"],"picked":"Summon_Vampire_Lady","floor":103}],"player_experience":7231,"relics_obtained":[{"floor":6,"key":"Toy Ornithopter"},{"floor":7,"key":"infinitespire:CheckeredPen"},{"floor":9,"key":"Happy Flower"},{"floor":10,"key":"Replay:Bottled Steam"},{"floor":26,"key":"Art of War"},{"floor":28,"key":"Thread and Needle"},{"floor":31,"key":"The Courier"},{"floor":41,"key":"Vajra"},{"floor":45,"key":"Bottled Lightning"},{"floor":62,"key":"Replay:Rubber Ducky"},{"floor":79,"key":"Quantum Egg"},{"floor":81,"key":"infinitespire:Eraser"},{"floor":85,"key":"infinitespire:Lychee Nut"},{"floor":97,"key":"Gremlin Horn"},{"floor":98,"key":"Replay:Bottled Eggs"},{"floor":103,"key":"theForsaken:HumbleEgg"},{"floor":103,"key":"Gambling Chip"}],"event_choices":[{"damage_healed":0,"gold_gain":0,"player_choice":"1 cards matched","damage_taken":0,"max_hp_gain":0,"max_hp_loss":0,"event_name":"Match and Keep!","floor":2,"gold_loss":0,"cards_obtained":["Scare"]},{"damage_healed":0,"gold_gain":175,"player_choice":"AGREE","damage_taken":0,"max_hp_gain":0,"max_hp_loss":0,"event_name":"Liars Game","floor":4,"gold_loss":0,"cards_obtained":["Doubt"]},{"damage_healed":0,"gold_gain":0,"player_choice":"Shed Blood","damage_taken":20,"max_hp_gain":5,"max_hp_loss":0,"event_name":"Forgotten Altar","floor":21,"gold_loss":0},{"damage_healed":0,"gold_gain":0,"player_choice":"Inject Mutagens","damage_taken":0,"relics_obtained":["MutagenicStrength"],"max_hp_gain":0,"max_hp_loss":0,"event_name":"Drug Dealer","floor":33,"gold_loss":0},{"damage_healed":0,"gold_gain":0,"player_choice":"Ignored","damage_taken":0,"max_hp_gain":0,"max_hp_loss":0,"event_name":"Tomb of Lord Red Mask","floor":38,"gold_loss":0},{"damage_healed":0,"gold_gain":0,"player_choice":"Upgraded","damage_taken":0,"max_hp_gain":0,"max_hp_loss":0,"event_name":"Upgrade Shrine","floor":39,"gold_loss":0,"cards_upgraded":["Finger_Of_Death"]},{"damage_healed":0,"gold_gain":0,"player_choice":"Embrace Madness","damage_taken":11,"max_hp_gain":0,"max_hp_loss":0,"event_name":"Winding Halls","floor":44,"gold_loss":0,"cards_obtained":["Madness","Madness"]},{"damage_healed":0,"gold_gain":0,"player_choice":"Entered Light","damage_taken":19,"max_hp_gain":0,"max_hp_loss":0,"event_name":"Shining Light","floor":56,"gold_loss":0,"cards_upgraded":["Finger_Of_Death","Bone_Armory"]},{"damage_healed":0,"gold_gain":0,"player_choice":"Lose Max HP","damage_taken":0,"relics_obtained":["Golden Idol"],"max_hp_gain":0,"max_hp_loss":7,"event_name":"Golden Idol","floor":58,"gold_loss":0},{"damage_healed":0,"gold_gain":0,"cards_transformed":["Scare"],"player_choice":"Transformed","damage_taken":0,"max_hp_gain":0,"max_hp_loss":0,"event_name":"Transmorgrifier","floor":66,"gold_loss":0,"cards_obtained":["Negative_Energy_Bomb"]},{"damage_healed":0,"gold_gain":0,"player_choice":"Ignored","damage_taken":0,"max_hp_gain":0,"max_hp_loss":0,"event_name":"Vampires","floor":77,"gold_loss":0}],"is_beta":false,"boss_relics":[{"not_picked":["Empty Cage","infinitespire:Cupcake"],"picked":"SacredBark"},{"not_picked":["Runic Dome","Kintsugi"],"picked":"Velvet Choker"},{"not_picked":["Replay:Grab Bag","Sozu"],"picked":"Replay:Ancient Bell"},{"not_picked":["Blood Vial","theForsaken:Gavel"],"picked":"ReplayTheSpireMod:TigerMarble"},{"not_picked":["Replay:Bottled Snecko","White Beast Statue"],"picked":"Eternal Feather"},{"not_picked":["Gambling Chip","Calipers"],"picked":"TungstenRod"},{"not_picked":["Abe\u0027s Treasure","Runic Dome"],"picked":"Replay:Bronze Core"},{"not_picked":["Snecko Eye","Painkiller Herb"],"picked":"Black Star"}],"items_purged_floors":[5,42,55,100],"is_endless":true,"potions_floor_spawned":[11,13,18,23,29,35,37,47,50,57,60,73,74,79,85,93,101],"killed_by":"Donu and Deca","ascension_level":0}}