{"host":"vhvm1b4sel61ztfv","time":1608572950,"event":{"mods":["BaseMod","Minty Spire (QoL Compilation)","Replay The Spire","StSLib"],"gold_per_floor":[159,219,264,115,115,199,199,169,241,346,394,490,490,490,490,209,209,494,494,533,611,659,698,566,566,641,641,721,297,136,238,238,148,148,439,439,484,517,441,585,512,512,512,614,614,698,698],"floor_reached":46,"playtime":3339,"items_purged":["Blade Dance"],"score":969,"play_id":"1c448b7e-96ac-488c-ab39-25098435361b","local_time":"20201221124910","daily_mods":["Draft","Vintage","Heirloom","Flight","DeadlyEvents","Elite Swarm","Midas"],"is_ascension_mode":true,"campfire_choices":[{"floor":7,"key":"REST"},{"floor":13,"key":"REST"},{"floor":17,"key":"REST"},{"floor":25,"key":"REST"},{"floor":27,"key":"REST"},{"floor":32,"key":"REST"},{"floor":34,"key":"REST"},{"data":"Bullet Time","floor":45,"key":"SMITH"}],"circlet_count":0,"master_deck":["Deflect","Terror","ReplayTheSpireMod:Shiv Toss+1","PiercingWail","Deflect","Dash+1","Hidden Blade","ReplayTheSpireMod:Scrap Shanks","Backflip","Backflip","Calculated Gamble","Deflect+1","Infinite Blades","Cloak And Dagger","Poisoned Stab+1","Backstab+1","Infinite Blades","Pot Of Greed","Pot Of Greed","Storm of Steel","Bullet Time+1","Adrenaline+1","A Thousand Cuts+1","Corpse Explosion","Finisher+1","Finisher+1","Pot Of Greed","Replay:Bag of Tricks","Accuracy","Deadly Poison+1","Deadly Poison","Phantasmal Killer+1","Mayhem","Accuracy","Poison Darts"],"relics":["Ring of the Snake","replay:Trail_Library","Pocketwatch","Akabeko","MealTicket","Replay:Baseball","Grinning Jar","HornCleat","Calipers","Eternal Feather","Turnip","Membership Card","Replay:Bottled Steam","SlaversCollar","Gremlin Food","Red Mask","Bag of Marbles","War Paint","Gremlin Horn","Garlic","PreservedInsect","HandDrill","Boot","Blue Doll","Ring of Chaos","Replay:Multitool","Whetstone","Guide Book","White Beast Statue","TwistedFunnel","Singing Bowl","Ninja Scroll"],"acts_visited":["Exordium","TheCity","TheBeyond"],"potions_floor_usage":[10,10,10,18,18,26,26,35,35,46,46],"damage_taken":[{"damage":2,"enemies":"Jaw Worm","floor":1,"turns":4},{"damage":0,"enemies":"Small Slimes","floor":2,"turns":3},{"damage":0,"enemies":"Cultist","floor":3,"turns":3},{"damage":23,"enemies":"Lagavulin","floor":6,"turns":4},{"damage":0,"enemies":"Replay:BlueRogue","floor":10,"turns":3},{"damage":0,"enemies":"Exordium Wildlife","floor":11,"turns":2},{"damage":0,"enemies":"Lagavulin","floor":12,"turns":3},{"damage":0,"enemies":"Fading Forest","floor":18,"turns":11},{"damage":13,"enemies":"Spheric Guardian","floor":20,"turns":4},{"damage":12,"enemies":"Masked Bandits","floor":21,"turns":5},{"damage":0,"enemies":"2 Thieves","floor":22,"turns":3},{"damage":14,"enemies":"Snake Plant","floor":23,"turns":4},{"damage":0,"enemies":"Slavers","floor":26,"turns":2},{"damage":0,"enemies":"Gremlin Leader","floor":31,"turns":4},{"damage":18,"enemies":"Champ","floor":35,"turns":5},{"damage":2,"enemies":"Orb Walker","floor":37,"turns":2},{"damage":0,"enemies":"3 Shapes","floor":38,"turns":3},{"damage":0,"enemies":"Nemesis","floor":44,"turns":1},{"damage":17,"enemies":"R_Hoarder","floor":46,"turns":5}],"seed_played":"1806898449080652853","potions_obtained":[{"floor":6,"key":"LiquidMemories"},{"floor":8,"key":"Weak Potion"},{"floor":8,"key":"SkillPotion"},{"floor":11,"key":"Swift Potion"},{"floor":12,"key":"Swift Potion"},{"floor":22,"key":"Swift Potion"},{"floor":23,"key":"DistilledChaos"},{"floor":26,"key":"BlessingOfTheForge"},{"floor":37,"key":"LifebloodPotion"},{"floor":38,"key":"BlessingOfTheForge"},{"floor":40,"key":"Venom Potion"},{"floor":44,"key":"Toxic Potion"},{"floor":46,"key":"SteroidPotion"}],"is_trial":true,"path_per_floor":["M","M","M","$","?","E","R","?","T","E","M","E","R","PTL","PTL","$","R","B",null,"M","?","M","M","$","R","E","R","T","$","$","E","R","$","R","B",null,"M","M","$","?","$","PTL","PTL","E","R","E"],"character_chosen":"THE_SILENT","items_purchased":["Backstab","Infinite Blades","Membership Card","Replay:Bottled Steam","Corpse Explosion","Strength Potion","Finisher","Accuracy","Garlic","FairyPotion","PreservedInsect","Deadly Poison","Phantasmal Killer","HandDrill","Mayhem","Accuracy","Blue Doll","Guide Book","TwistedFunnel"],"campfire_rested":7,"item_purchase_floors":[4,4,16,16,24,24,24,29,29,29,29,29,29,30,30,33,33,39,41],"current_hp_per_floor":[68,68,68,70,70,47,68,68,68,68,68,68,70,70,70,70,70,70,70,57,45,45,31,46,70,70,70,70,70,70,70,70,70,70,52,70,68,68,70,42,57,57,57,59,72,57,57],"gold":698,"neow_bonus":"","is_daily":false,"chose_seed":false,"campfire_upgraded":1,"win_rate":0.0,"timestamp":1608572950,"path_taken":["M","M","M","$","?","E","R","?","T","?","?","?","R","PTL","PTL","$","R","BOSS","M","?","?","M","$","R","E","R","T","$","$","E","R","?","R","BOSS","M","M","$","?","$","PTL","PTL","E","R","E"],"items_purchased_type":["Card","Card","Relic","Relic","Card","Potion","Card","Card","Relic","Potion","Relic","Card","Card","Relic","Card","Card","Relic","Relic","Relic"],"build_version":"2020-12-13","purchased_purges":1,"victory":false,"max_hp_per_floor":[70,70,70,70,70,70,70,70,70,70,70,70,70,70,70,70,70,70,70,70,70,70,70,70,70,70,70,70,70,70,70,70,70,70,70,70,70,70,70,70,70,70,70,72,72,74,74],"card_choices":[{"not_picked":["Prepared","Outmaneuver"],"picked":"Deflect","floor":0},{"not_picked":["Deadly Poison","Backflip"],"picked":"Terror","floor":0},{"not_picked":["Catalyst","Caltrops"],"picked":"ReplayTheSpireMod:Shiv Toss","floor":0},{"not_picked":["Outmaneuver","Prepared"],"picked":"PiercingWail","floor":0},{"not_picked":["Concentrate","Footwork"],"picked":"Deflect","floor":0},{"not_picked":["Deadly Poison","Bane"],"picked":"Dash","floor":0},{"not_picked":["Underhanded Strike","Riddle With Holes"],"picked":"Hidden Blade","floor":0},{"not_picked":["Finisher","Backflip"],"picked":"ReplayTheSpireMod:Scrap Shanks","floor":0},{"not_picked":["Flechettes","Predator"],"picked":"Backflip","floor":0},{"not_picked":["Bane","Escape Plan"],"picked":"Backflip","floor":0},{"not_picked":["Underhanded Strike","Outmaneuver"],"picked":"Calculated Gamble","floor":0},{"not_picked":["Prepared","Poisoned Stab"],"picked":"Deflect","floor":0},{"not_picked":["Deadly Poison","Bane"],"picked":"Infinite Blades","floor":0},{"not_picked":["Dagger Spray","PiercingWail"],"picked":"Cloak And Dagger","floor":0},{"not_picked":["Dodge and Roll","Underhanded Strike"],"picked":"Poisoned Stab","floor":0},{"not_picked":["Glass Knife","Envenom"],"picked":"Storm of Steel","floor":6},{"not_picked":["Atom Bomb","Grand Finale"],"picked":"Bullet Time","floor":10},{"not_picked":["Malaise","Glass Knife"],"picked":"Adrenaline","floor":12},{"not_picked":["Wraith Form v2","Storm of Steel"],"picked":"A Thousand Cuts","floor":18},{"not_picked":["Glass Knife","Atom Bomb"],"picked":"Replay:Bag of Tricks","floor":26},{"not_picked":["Phantasmal Killer","Grand Finale","ReplayTheSpireMod:Necrosis"],"picked":"SKIP","floor":31},{"not_picked":["Malaise","Night Terror"],"picked":"Poison Darts","floor":35},{"not_picked":["Night Terror","After Image","Phantasmal Killer"],"picked":"Singing Bowl","floor":44},{"not_picked":["Adrenaline","Malaise","Doppelganger"],"picked":"Singing Bowl","floor":46}],"player_experience":42401,"relics_obtained":[{"floor":1,"key":"Akabeko"},{"floor":2,"key":"MealTicket"},{"floor":3,"key":"Replay:Baseball"},{"floor":6,"key":"Grinning Jar"},{"floor":9,"key":"HornCleat"},{"floor":10,"key":"Calipers"},{"floor":11,"key":"Eternal Feather"},{"floor":12,"key":"Turnip"},{"floor":20,"key":"Gremlin Food"},{"floor":21,"key":"Red Mask"},{"floor":22,"key":"Bag of Marbles"},{"floor":26,"key":"War Paint"},{"floor":28,"key":"Gremlin Horn"},{"floor":31,"key":"Boot"},{"floor":37,"key":"Replay:Multitool"},{"floor":38,"key":"Whetstone"},{"floor":40,"key":"White Beast Statue"},{"floor":44,"key":"Singing Bowl"},{"floor":46,"key":"Ninja Scroll"}],"event_choices":[{"damage_healed":0,"gold_gain":0,"player_choice":"Bought 2 Potions","damage_taken":0,"max_hp_gain":0,"max_hp_loss":0,"event_name":"The Woman in Blue","floor":8,"gold_loss":0},{"damage_healed":0,"gold_gain":0,"player_choice":"Fought Bandits","damage_taken":0,"max_hp_gain":0,"max_hp_loss":0,"event_name":"Masked Bandits","floor":21,"gold_loss":0}],"is_beta":false,"boss_relics":[{"not_picked":["Replay:Grab Bag","Ring of the Serpent"],"picked":"SlaversCollar"},{"not_picked":["Replay:Drink Me","Replay:Bronze Core"],"picked":"Ring of Chaos"}],"items_purged_floors":[29],"is_endless":true,"potions_floor_spawned":[6,11,12,22,23,26,37,38,44,46],"killed_by":"R_Hoarder","ascension_level":4}}