{"host":"j4nfyhit1dl35m08","time":1608522841,"event":{"mods":["BaseMod","Highlight Path","Minty Spire (QoL Compilation)","StSLib"],"gold_per_floor":[114,125,125,138,163,163,206,206,232,232,273,291,306,191,191,314,314,335,18,18,37,56,95,95,126,176,200,14,32,32,32],"floor_reached":30,"playtime":1969,"items_purged":["Strike_P","Shame"],"score":382,"play_id":"d0421687-503e-40d1-b4b9-0f3b233da5cd","local_time":"20201220215401","is_ascension_mode":true,"campfire_choices":[{"data":"Eruption","floor":6,"key":"SMITH"},{"data":"Worship","floor":10,"key":"SMITH"},{"floor":15,"key":"REST"},{"data":"Meditate","floor":24,"key":"SMITH"}],"circlet_count":0,"master_deck":["Strike_P","Strike_P","Defend_P","Defend_P","Defend_P","Defend_P","Eruption+1","Vigilance","Worship+1","Sanctity","SignatureMove","Wallop","Meditate+1","CutThroughFate","ClearTheMind","MentalFortress","Brilliance","WheelKick","EmptyFist","InnerPeace","ThirdEye","Crescendo","FlurryOfBlows","WaveOfTheHand"],"relics":["Velvet Choker","Golden Idol","Bag of Preparation","Lantern","Happy Flower","The Courier","Cursed Key","FossilizedHelix","Nunchaku","Art of War","Smiling Mask","Sling"],"acts_visited":["Exordium","TheCity"],"potions_floor_usage":[13,16,16,25,29,29,30],"damage_taken":[{"damage":3,"enemies":"2 Louse","floor":1,"turns":3},{"damage":7,"enemies":"Jaw Worm","floor":2,"turns":4},{"damage":1,"enemies":"Cultist","floor":4,"turns":4},{"damage":9,"enemies":"Red Slaver","floor":5,"turns":5},{"damage":0,"enemies":"Lagavulin","floor":7,"turns":4},{"damage":11,"enemies":"3 Sentries","floor":11,"turns":4},{"damage":0,"enemies":"Exordium Thugs","floor":12,"turns":2},{"damage":0,"enemies":"Looter","floor":13,"turns":1},{"damage":13,"enemies":"Hexaghost","floor":16,"turns":5},{"damage":0,"enemies":"Shell Parasite","floor":18,"turns":2},{"damage":0,"enemies":"Chosen","floor":21,"turns":2},{"damage":3,"enemies":"Centurion and Healer","floor":22,"turns":5},{"damage":6,"enemies":"Gremlin Leader","floor":23,"turns":4},{"damage":0,"enemies":"Slavers","floor":25,"turns":2},{"damage":0,"enemies":"3 Cultists","floor":27,"turns":4},{"damage":53,"enemies":"Shelled Parasite and Fungi","floor":29,"turns":5},{"damage":7,"enemies":"Book of Stabbing","floor":30,"turns":1}],"seed_played":"-520225508856823996","potions_obtained":[{"floor":2,"key":"Swift Potion"},{"floor":5,"key":"DuplicationPotion"},{"floor":7,"key":"Ambrosia"},{"floor":13,"key":"GamblersBrew"},{"floor":16,"key":"Block Potion"},{"floor":18,"key":"FearPotion"},{"floor":25,"key":"PowerPotion"},{"floor":27,"key":"Energy Potion"}],"is_trial":false,"path_per_floor":["M","M","?","M","M","R","E","?","T","R","E","M","M","$","R","B",null,"M","$","?","M","M","E","R","E","T","M","$","M","E"],"character_chosen":"WATCHER","items_purchased":["MentalFortress","FossilizedHelix","WheelKick","EmptyFist","Sling","FlurryOfBlows"],"campfire_rested":1,"item_purchase_floors":[14,19,19,19,28,28],"current_hp_per_floor":[69,62,62,61,52,52,52,40,40,40,29,29,29,29,49,36,67,67,67,67,67,64,58,58,58,58,58,58,5,0,0],"gold":32,"neow_bonus":"BOSS_RELIC","is_daily":false,"chose_seed":false,"campfire_upgraded":3,"win_rate":0.0,"timestamp":1608522841,"path_taken":["M","M","?","M","M","R","E","?","T","R","E","?","?","$","R","BOSS","M","$","?","M","M","E","R","E","T","M","?","M","E"],"items_purchased_type":["Card","Relic","Card","Card","Relic","Card"],"build_version":"2020-12-13","purchased_purges":2,"victory":false,"max_hp_per_floor":[72,72,67,67,67,67,67,67,67,67,67,67,67,67,67,67,67,67,67,67,67,67,67,67,67,67,67,67,67,67,67],"card_choices":[{"not_picked":["Protect","Sanctity","CarveReality"],"picked":"SKIP","floor":1},{"not_picked":["Prostrate","ReachHeaven"],"picked":"Worship","floor":2},{"not_picked":["WreathOfFlame","Prostrate"],"picked":"Sanctity","floor":4},{"not_picked":["Prostrate","JustLucky"],"picked":"SignatureMove","floor":5},{"not_picked":["Prostrate","BowlingBash"],"picked":"Wallop","floor":7},{"not_picked":["EmptyBody","SignatureMove"],"picked":"Meditate","floor":11},{"not_picked":["Fasting2","Pray"],"picked":"CutThroughFate","floor":12},{"not_picked":["EmptyBody","Prostrate"],"picked":"ClearTheMind","floor":13},{"not_picked":["Blasphemy","Devotion"],"picked":"Brilliance","floor":16},{"not_picked":["WindmillStrike","Prostrate","FlyingSleeves"],"picked":"SKIP","floor":18},{"not_picked":["Perseverance+1","SashWhip"],"picked":"InnerPeace","floor":21},{"not_picked":["ClearTheMind","DeceiveReality"],"picked":"ThirdEye","floor":22},{"not_picked":["JustLucky","BattleHymn","EmptyFist"],"picked":"SKIP","floor":23},{"not_picked":["CarveReality","MentalFortress"],"picked":"Crescendo","floor":25},{"not_picked":["BowlingBash","Protect","Wallop"],"picked":"SKIP","floor":27},{"not_picked":["SashWhip","Prostrate"],"picked":"WaveOfTheHand","floor":29}],"player_experience":320019,"relics_obtained":[{"floor":7,"key":"Bag of Preparation"},{"floor":9,"key":"Happy Flower"},{"floor":11,"key":"The Courier"},{"floor":23,"key":"Nunchaku"},{"floor":25,"key":"Art of War"},{"floor":26,"key":"Smiling Mask"}],"event_choices":[{"damage_healed":0,"gold_gain":0,"player_choice":"Lose Max HP","damage_taken":0,"relics_obtained":["Golden Idol"],"max_hp_gain":0,"max_hp_loss":5,"event_name":"Golden Idol","floor":3,"gold_loss":0},{"damage_healed":0,"gold_gain":0,"player_choice":"Success","damage_taken":12,"relics_obtained":["Lantern"],"max_hp_gain":0,"max_hp_loss":0,"event_name":"Scrap Ooze","floor":8,"gold_loss":0},{"cards_removed":["Strike_P"],"damage_healed":0,"gold_gain":0,"player_choice":"Offered Basic","damage_taken":0,"max_hp_gain":0,"max_hp_loss":0,"event_name":"Bonfire Elementals","floor":20,"gold_loss":0}],"is_beta":false,"boss_relics":[{"not_picked":["Sozu","Snecko Eye"],"picked":"Cursed Key"}],"items_purged_floors":[14,28],"is_endless":false,"potions_floor_spawned":[2,5,7,13,16,18,25,27],"killed_by":"Book of Stabbing","ascension_level":3}}