{"host":"irqpc5dtltfquxh7","time":1608548325,"event":{"mods":["2.2 Compatiblity","AchievementEnabler","Act Like it!","BaseMod","Better Third Choice","BetterRewards","CapriCore","Colored Map","Colored Powertips","Friendly Minions","Gensokyo","Highlight Path","Minty Spire (QoL Compilation)","Permanent Neow","Shop Mod","Spicy Shops","StSLib","Unknown Chances","Waifu the Spire"],"gold_per_floor":[115,115,135,148,167,192,211,240,240,240,255,100,111,111,111,206,206,222,222,248,248,248,248,248],"floor_reached":23,"playtime":1009,"items_purged":[],"score":201,"play_id":"a0dda0dc-cf5b-4398-b1e9-1d8e18bf9757","local_time":"20201221165845","is_ascension_mode":false,"campfire_choices":[{"floor":10,"key":"REST"},{"floor":15,"key":"REST"}],"circlet_count":0,"master_deck":["Strike_B","Strike_B","Strike_B","Defend_B","Defend_B","Defend_B","Defend_B","Zap","Dualcast","Tempest","Genetic Algorithm","FTL","Redo","Buffer","Gash","Storm","Loop","Steam","Multi-Cast","Loop+1","Capacitor"],"relics":["Cracked Core","Ornamental Fan","Tiny Chest","Gremlin Horn","MerchantsRug","Dream Catcher","Sozu","Anchor","Gensokyo:DayTheSeaSplit","Frozen Eye"],"acts_visited":["Gensokyo:Gensokyo","Gensokyo:Gensokyoer"],"potions_floor_usage":[6,6,8,16,18],"damage_taken":[{"damage":0,"enemies":"Gensokyo:3_Fairies","floor":1,"turns":3},{"damage":0,"enemies":"Gensokyo:Python","floor":3,"turns":2},{"damage":10,"enemies":"Gensokyo:Gryphon","floor":4,"turns":3},{"damage":14,"enemies":"Gensokyo:Kitsune","floor":5,"turns":3},{"damage":8,"enemies":"Gensokyo:Cirno","floor":6,"turns":6},{"damage":16,"enemies":"Gensokyo:3_Kodama","floor":7,"turns":4},{"damage":12,"enemies":"Gensokyo:Mamizou","floor":8,"turns":6},{"damage":0,"enemies":"Gensokyo:VengefulSpirit","floor":11,"turns":3},{"damage":18,"enemies":"Gensokyo:Gryphon_and_Rabbit","floor":13,"turns":5},{"damage":26,"enemies":"Gensokyo:Kokoro","floor":16,"turns":10},{"damage":27,"enemies":"Gensokyo:3_Dogs","floor":18,"turns":6},{"damage":53,"enemies":"Gensokyo:Koishi","floor":23,"turns":4}],"seed_played":"2483672976650038687","potions_obtained":[{"floor":1,"key":"PowerPotion"},{"floor":4,"key":"ColorlessPotion"},{"floor":7,"key":"SpeedPotion"},{"floor":11,"key":"FairyPotion"},{"floor":13,"key":"ColorlessPotion"},{"floor":16,"key":"AttackPotion"}],"is_trial":false,"path_per_floor":["M","?","M","M","M","E","M","E","T","R","M","$","M","?","R","B",null,"M","?","T","?","?","E"],"character_chosen":"DEFECT","items_purchased":["MerchantsRug","Storm"],"campfire_rested":2,"item_purchase_floors":[12,12],"current_hp_per_floor":[75,75,75,65,51,43,27,15,15,37,37,37,19,4,26,22,75,48,48,48,48,48,0,0],"gold":248,"neow_bonus":"RANDOM_COMMON_RELIC","is_daily":false,"chose_seed":false,"campfire_upgraded":0,"win_rate":0.0,"timestamp":1608548325,"path_taken":["M","?","M","M","?","E","M","E","T","R","M","?","M","?","R","BOSS","M","?","?","?","?","E"],"items_purchased_type":["Relic","Card"],"build_version":"2020-12-13","purchased_purges":0,"victory":false,"max_hp_per_floor":[75,75,75,75,75,75,75,75,75,75,75,75,75,75,75,75,75,75,75,75,75,75,75,75],"card_choices":[{"not_picked":["Auto Shields","Barrage"],"picked":"Tempest","floor":1},{"not_picked":["Turbo","Aggregate"],"picked":"Genetic Algorithm","floor":3},{"not_picked":["Turbo","Steam Power"],"picked":"FTL","floor":4},{"not_picked":["Turbo","Chill","Sunder"],"picked":"SKIP","floor":5},{"not_picked":["Cold Snap","Barrage"],"picked":"Redo","floor":6},{"not_picked":["Hologram","Rebound","Beam Cell"],"picked":"SKIP","floor":7},{"not_picked":["Leap","Glacier"],"picked":"Buffer","floor":8},{"not_picked":["Turbo","Recycle"],"picked":"Gash","floor":11},{"not_picked":["Reinforced Body","Streamline"],"picked":"Loop","floor":13},{"not_picked":["Cold Snap","Compile Driver"],"picked":"Steam","floor":15},{"not_picked":["Core Surge","Meteor Strike"],"picked":"Multi-Cast","floor":16},{"not_picked":["Sweeping Beam","Double Energy"],"picked":"Loop+1","floor":18}],"player_experience":396217,"relics_obtained":[{"floor":6,"key":"Tiny Chest"},{"floor":8,"key":"Gremlin Horn"},{"floor":9,"key":"Darkstone Periapt"},{"floor":20,"key":"Anchor"}],"event_choices":[],"is_beta":false,"boss_relics":[{"not_picked":["Ectoplasm","Runic Pyramid"],"picked":"Sozu"}],"items_purged_floors":[],"is_endless":false,"potions_floor_spawned":[1,4,7,11,13,16],"killed_by":"Gensokyo:Koishi","ascension_level":0}}