{"host":"qzvr69t6v3frb6bz","time":1608593771,"event":{"mods":["Aspiration","BaseMod","Bestiary","Better Altar","Better Match","Better Note","Better Sensory Stone","Better Skull","Better Third Choice","BetterRewards","Colored Map","Colored Powertips","Downfall","Highlight Path","Hubris","Infinite Spire","Minty Spire (QoL Compilation)","Replay The Spire","Shop Mod","StSLib","The Animator","The Bug Knight","The Cursed","The Jungle","The Servant 0.9.4"],"gold_per_floor":[119,119,136,146,96,96,96,122,195,195,213,244,257,230,230,327,327,338,338,250,264,264,293,303,335,335,363,381,381,400,400,400,496,496,516,516,516,516,516,516,547,597,597,631,631,643,643,643,643,643,643,643,494,544,599,599,599,116,191,271,271,33,128,128,128,128,243,243,243,243],"floor_reached":69,"playtime":4867,"items_purged":[],"score":1504,"play_id":"492cfb6c-5246-411c-90d9-2a468972dad2","local_time":"20201221233611","is_ascension_mode":true,"campfire_choices":[{"data":"TheCursedMod:CleanUpWorkshop","floor":6.0,"key":"SMITH"},{"data":"TheCursedMod:CircleOfWindfury","floor":15.0,"key":"SMITH"},{"data":"TheCursedMod:NeowsMight","floor":29,"key":"SMITH"},{"floor":32,"key":"RECALL"},{"data":"TheCursedMod:CircleOfCorruption","floor":40,"key":"SMITH"},{"data":"TheCursedMod:CircleOfCorruption","floor":45,"key":"SMITH"},{"data":"TheCursedMod:Stretching","floor":47,"key":"SMITH"},{"data":"TheCursedMod:Stretching","floor":52,"key":"SMITH"},{"floor":68,"key":"REST"}],"circlet_count":0,"master_deck":["TheCursedMod:CursedWand+1","TheCursedMod:CleanUpWorkshop+1","TheCursedMod:Wield+1","Finesse+1","TheCursedMod:Stretching+1","TheCursedMod:Stretching+1","TheCursedMod:CircleOfCorruption+1","TheCursedMod:CircleOfCorruption+1","TheCursedMod:CircleOfWindfury+1","TheCursedMod:CircleOfAbyss+1","TheCursedMod:NeowsMight+1","TheCursedMod:CursedShiv+1","TheCursedMod:SurpriseAttack+1","Flash of Steel+1"],"relics":["animator:TheWolleyCore","TheCursedMod:BlackMagic101","animator:AncientMedallion"],"acts_visited":["Exordium","TheCity","TheBeyond","TheEnding","EYB:TheUnnamedReign"],"potions_floor_usage":[24,24,24,69,69,69],"damage_taken":[{"damage":0.0,"enemies":"Cultist","floor":1.0,"turns":4.0},{"damage":0.0,"enemies":"2 Louse","floor":3.0,"turns":1.0},{"damage":0.0,"enemies":"Small Slimes","floor":4.0,"turns":1.0},{"damage":0.0,"enemies":"Gremlin Nob","floor":8.0,"turns":1.0},{"damage":0.0,"enemies":"Looter","floor":11.0,"turns":1.0},{"damage":0.0,"enemies":"Lagavulin","floor":12.0,"turns":1.0},{"damage":11.0,"enemies":"Gremlin Gang","floor":13.0,"turns":2.0},{"damage":0.0,"enemies":"The Guardian","floor":16.0,"turns":1.0},{"damage":0,"enemies":"2 Thieves","floor":18,"turns":1},{"damage":0,"enemies":"3 Byrds","floor":21,"turns":2},{"damage":0,"enemies":"Nightmare","floor":23,"turns":1},{"damage":0,"enemies":"Cultist and Chosen","floor":24,"turns":2},{"damage":0,"enemies":"Book of Stabbing","floor":25,"turns":1},{"damage":0,"enemies":"Slavers","floor":27,"turns":1},{"damage":0,"enemies":"3 Cultists","floor":28,"turns":1},{"damage":0,"enemies":"Snake Plant","floor":30,"turns":1},{"damage":0,"enemies":"Automaton","floor":33,"turns":1},{"damage":0,"enemies":"Orb Walker","floor":35,"turns":2},{"damage":0,"enemies":"Giant Head","floor":41,"turns":1},{"damage":0,"enemies":"Mind Bloom Boss Battle","floor":42,"turns":1},{"damage":0,"enemies":"Reptomancer","floor":44,"turns":1},{"damage":0,"enemies":"3 Darklings","floor":46,"turns":1},{"damage":0,"enemies":"Replay:Hell Engine","floor":50,"turns":1},{"damage":0,"enemies":"animator:UNNAMED_HAT","floor":54,"turns":1},{"damage":0,"enemies":"animator:UNNAMED_CULTIST_1","floor":55,"turns":1},{"damage":0,"enemies":"animator:TRIPLE_LAGAVULIN","floor":59,"turns":1},{"damage":0,"enemies":"animator:UNNAMED_CULTIST_2","floor":60,"turns":1},{"damage":0,"enemies":"animator:ULTIMATE_WISP","floor":63,"turns":1},{"damage":0,"enemies":"animator:ULTIMATE_CUBE","floor":67,"turns":1},{"damage":127,"enemies":"animator:TheUnnamed","floor":69,"turns":7}],"seed_played":"9128254927754204685","potions_obtained":[{"floor":1.0,"key":"FairyPotion"},{"floor":8.0,"key":"champ:CounterPotion"},{"floor":13.0,"key":"Languid Potion"},{"floor":21,"key":"EntropicBrew"},{"floor":27,"key":"AttackPotion"},{"floor":28,"key":"PowerPotion"},{"floor":33,"key":"LiquidMemories"},{"floor":42,"key":"Adrenaline Potion"},{"floor":54,"key":"animator:FalseLifePotion"},{"floor":55,"key":"animator:FalseLifePotion"},{"floor":59,"key":"animator:FalseLifePotion"}],"is_trial":false,"path_per_floor":["M","?","M","M","?","R","?","E","T","T","M","E","M","$","R","B",null,"M","?","$","M","AVR","NM","M","E","T","E","M","R","M","?","R","B",null,"M","?","T","?","AVR","R","E","?","T","E","R","M","R","$","R_BF","B",null,"R","??","M","M","T","?","$","M","M","?","$","E","T","?","$","E","R","B"],"character_chosen":"THE_CURSED","items_purchased":["MerchantsRug","Strange Spoon","animator:AncientMedallion","animator:AncientMedallion","animator:AncientMedallion"],"campfire_rested":1,"item_purchase_floors":[14,20,58,58,62],"current_hp_per_floor":[75,75,75,75,75,75,75,75,75,75,75,75,64,64,64,64,78,78,82,82,82,82,82,82,82,82,82,82,82,82,82,82,82,82,82,82,82,78,78,78,78,78,78,78,78,78,78,78,78,78,78,78,92,92,92,92,92,92,92,92,92,92,92,92,95,95,95,95,0,0],"gold":243,"neow_bonus":"RANDOM_COMMON_RELIC","is_daily":false,"chose_seed":false,"campfire_upgraded":7,"win_rate":0.0,"timestamp":1608593771,"path_taken":["M","?","M","M","?","R","?","E","T","?","?","E","M","$","R","BOSS","M","?","$","M","AVR","NM","M","E","T","E","M","R","M","?","R","BOSS","M","?","?","?","AVR","R","E","?","T","E","R","M","R","$","R_BF","BOSS","R","??","M","M","T","?","$","M","M","?","$","E","T","?","$","E","R","BOSS"],"items_purchased_type":["Relic","Relic","Relic","Relic","Relic"],"build_version":"2020-12-13","purchased_purges":0,"victory":false,"max_hp_per_floor":[82,82,82,82,82,82,82,82,82,82,82,82,82,82,82,82,82,82,82,82,82,82,82,82,82,82,82,82,82,82,82,82,82,82,82,82,82,78,78,78,78,78,78,78,78,78,78,78,78,78,78,78,92,92,92,92,92,92,92,92,92,92,92,92,95,95,95,95,95,95],"card_choices":[{"not_picked":["TheCursedMod:SpitefulStrike","TheCursedMod:ManaBullet","TheCursedMod:CircleOfAmplification"],"picked":"SKIP","floor":1.0},{"not_picked":["TheCursedMod:TacticalStrike","TheCursedMod:CircleOfCorruption","TheCursedMod:Stretching"],"picked":"SKIP","floor":3.0},{"not_picked":["TheCursedMod:TacticalStrike","TheCursedMod:CircleOfCorruption","TheCursedMod:Stretching"],"picked":"SKIP","floor":3.0},{"not_picked":["TheCursedMod:CursedAmulet","TheCursedMod:Wield","TheCursedMod:RavingStaff"],"picked":"SKIP","floor":4.0},{"not_picked":["TheCursedMod:StingEye","TheCursedMod:PrepareRite","TheCursedMod:TacticalStrike"],"picked":"SKIP","floor":8.0},{"not_picked":["TheCursedMod:Stigma","TheCursedMod:TacticalStrike","TheCursedMod:DoubleShield"],"picked":"SKIP","floor":11.0},{"not_picked":["TheCursedMod:SpreadPlague","TheCursedMod:Stigma"],"picked":"TheCursedMod:NeowsMight","floor":12.0},{"not_picked":["TheCursedMod:RavingStaff","TheCursedMod:Obscuration","TheCursedMod:CursedMace"],"picked":"SKIP","floor":13.0},{"not_picked":["TheCursedMod:TacticalStrike","TheCursedMod:CursedMace"],"picked":"TheCursedMod:CursedShiv","floor":18},{"not_picked":["TheCursedMod:Stretching","TheCursedMod:WearCloak","TheCursedMod:Neurasthenia"],"picked":"SKIP","floor":21},{"not_picked":["TheCursedMod:Grudge","TheCursedMod:TacticalStrike","TheCursedMod:CircleOfAbyss"],"picked":"SKIP","floor":23},{"not_picked":["TheCursedMod:Obscuration+1","TheCursedMod:SoulReap+1","TheCursedMod:SpreadPlague+1"],"picked":"SKIP","floor":24},{"not_picked":["TheCursedMod:Obscuration+1","TheCursedMod:SoulReap+1","TheCursedMod:SpreadPlague+1"],"picked":"SKIP","floor":24},{"not_picked":["TheCursedMod:FuryStrike","TheCursedMod:AntiAging","TheCursedMod:CursedSpellbook"],"picked":"SKIP","floor":25},{"not_picked":["TheCursedMod:Wield+1","TheCursedMod:CircleOfFlame","TheCursedMod:CursedBlade"],"picked":"SKIP","floor":27},{"not_picked":["TheCursedMod:EmpowerCircles","TheCursedMod:SpreadPlague"],"picked":"TheCursedMod:SurpriseAttack","floor":28},{"not_picked":["TheCursedMod:HellfireBreathing","TheCursedMod:Hemoplague","TheCursedMod:Grudge+1"],"picked":"SKIP","floor":30},{"not_picked":["TheCursedMod:TroublousMinions+1","TheCursedMod:TacticalStrike","TheCursedMod:Obscuration+1"],"picked":"SKIP","floor":35},{"not_picked":["expansioncontent:DarkVoid","HandOfGreed"],"picked":"Flash of Steel","floor":36},{"not_picked":["TheCursedMod:OutForBlood","TheCursedMod:CircleOfFocus","TheCursedMod:VitalStrike"],"picked":"SKIP","floor":41},{"not_picked":["TheCursedMod:CollectTribute","TheCursedMod:SpitefulStrike","TheCursedMod:Stretching"],"picked":"SKIP","floor":44},{"not_picked":["TheCursedMod:SpitefulStrike","TheCursedMod:Mangle+1","TheCursedMod:EmpowerCircles+1"],"picked":"SKIP","floor":46},{"not_picked":["TheCursedMod:TacticalStrike","TheCursedMod:SurpriseAttack+1","TheCursedMod:SaltUponWound"],"picked":"SKIP","floor":46},{"not_picked":["TheCursedMod:SpitefulPray+1","TheCursedMod:Evocation+1","TheCursedMod:Torture"],"picked":"SKIP","floor":54},{"not_picked":["TheCursedMod:ReleasedStrength+1","TheCursedMod:AbyssShockwave","TheCursedMod:CircleOfBlood+1"],"picked":"SKIP","floor":55},{"not_picked":["TheCursedMod:CursedAmulet","TheCursedMod:Hemoplague","TheCursedMod:CircleOfAmplification"],"picked":"SKIP","floor":59},{"not_picked":["TheCursedMod:WearCloak","TheCursedMod:CircleOfFlame","TheCursedMod:CursedShiv+1"],"picked":"SKIP","floor":60},{"not_picked":["TheCursedMod:CursedMace","TheCursedMod:SmokeScreen","TheCursedMod:CursedBlade+1"],"picked":"SKIP","floor":63},{"not_picked":["TheCursedMod:SpitefulStrike","TheCursedMod:BlessingInDisguise+1","TheCursedMod:SpreadPlague+1"],"picked":"SKIP","floor":67}],"player_experience":854981,"relics_obtained":[{"floor":8.0,"key":"Regal Pillow"},{"floor":10.0,"key":"hubris:Reverence"},{"floor":12.0,"key":"infinitespire:PuzzleCube"},{"floor":23,"key":"Meat on the Bone"},{"floor":25,"key":"infinitespire:BottledMercury"},{"floor":26,"key":"Replay:WaspNest"},{"floor":27,"key":"HollowMod:StagPassRelic"},{"floor":37,"key":"Replay:Wax Seal"},{"floor":41,"key":"Art of War"},{"floor":42,"key":"Prayer Wheel"},{"floor":43,"key":"hubris:MedicalManual"},{"floor":44,"key":"TheCursedMod:Tack"},{"floor":53,"key":"animator:TheWolleyCore"},{"floor":56,"key":"animator:AncientMedallion"},{"floor":57,"key":"Ring of Fangs"},{"floor":63,"key":"animator:AncientMedallion"},{"floor":64,"key":"animator:AncientMedallion"},{"floor":67,"key":"animator:AncientMedallion"}],"event_choices":[{"damage_healed":0.0,"max_hp_gain":0.0,"max_hp_loss":0.0,"gold_gain":0.0,"event_name":"Big Fish","player_choice":"Box","floor":2.0,"gold_loss":0.0,"damage_taken":0.0,"relics_obtained":["aspiration:StickyExplosives_weak"],"cards_obtained":["Regret"]},{"cards_removed":["Regret"],"damage_healed":0.0,"max_hp_gain":0.0,"max_hp_loss":0.0,"gold_gain":0.0,"event_name":"The Cleric","player_choice":"Card Removal","floor":5.0,"gold_loss":50.0,"damage_taken":0.0},{"damage_healed":0.0,"max_hp_gain":0.0,"max_hp_loss":0.0,"gold_gain":0.0,"event_name":"Golden Wing","player_choice":"Ignored","floor":7.0,"gold_loss":0.0,"damage_taken":0.0},{"damage_healed":0,"gold_gain":3,"player_choice":"1","damage_taken":0,"max_hp_gain":0,"max_hp_loss":0,"event_name":"betterStone:BetterStone","floor":36,"gold_loss":0},{"damage_healed":0,"gold_gain":0,"player_choice":"Max HP","damage_taken":0,"max_hp_gain":0,"max_hp_loss":4,"event_name":"Winding Halls","floor":38,"gold_loss":0},{"damage_healed":0,"gold_gain":0,"player_choice":"Fight","damage_taken":0,"max_hp_gain":0,"max_hp_loss":0,"event_name":"MindBloom","floor":42,"gold_loss":0}],"is_beta":false,"boss_relics":[{"not_picked":["Cursed Key","Astrolabe"],"picked":"SacredBark"},{"not_picked":["aspiration:RunicSpoon","Replay:Wanted Poster","Ring of Chaos"]}],"items_purged_floors":[],"is_endless":false,"potions_floor_spawned":[1,8,13,21,27,28,30,33,35,41,42,46,55,63],"killed_by":"animator:TheUnnamed","ascension_level":7}}