{"host":"867cnhxguf2bzj4x","time":1608586476,"event":{"mods":["BaseMod","GifTheSpireLib","Hermit","Minty Spire (QoL Compilation)","StSLib","The Bug Knight","The Cursed","The Hierophant","The Servant 0.9.4"],"gold_per_floor":[111,111,43,61,74,104,122,195,219,232,232,249,264,297,297,398,398,412,427,427,427,327,327,78,78,102,102,131,146,165,184,184,184,184],"floor_reached":33,"playtime":2165,"items_purged":["hermit:Defend_Hermit","hermit:Defend_Hermit"],"score":304,"play_id":"e57109b5-ead5-41ca-84a5-98b3ea9ec24d","local_time":"20201221223436","is_ascension_mode":false,"campfire_choices":[{"floor":15,"key":"REST"},{"floor":23,"key":"REST"},{"data":"hermit:LuckOfTheDraw","floor":25,"key":"SMITH"},{"data":"hermit:ItchyTrigger","floor":27,"key":"SMITH"},{"floor":32,"key":"REST"}],"circlet_count":0,"master_deck":["hermit:Defend_Hermit+1","hermit:Defend_Hermit","hermit:Snapshot","hermit:Covet+1","hermit:FlashPowder","hermit:PistolWhip","hermit:Snipe","hermit:Snipe+1","hermit:Vantage","hermit:CalledShot+1","hermit:Ricochet","Regret","hermit:Quickdraw","hermit:LuckOfTheDraw+1","hermit:Enervate","hermit:ItchyTrigger+1","Bite","Bite","Bite","Bite","Bite","hermit:Quickdraw","hermit:Quickdraw+1"],"relics":["hermit:Momento","NeowsBlessing","HollowMod:QueensCombRelic","Pear","Whetstone","Orichalcum","hermit:Horseshoe","Philosopher\u0027s Stone","Lee\u0027s Waffle","Ancient Tea Set","War Paint"],"acts_visited":["Exordium","TheCity"],"potions_floor_usage":[12,14,30,33,33],"damage_taken":[{"damage":0,"enemies":"Jaw Worm","floor":1,"turns":1},{"damage":0,"enemies":"Cultist","floor":4,"turns":1},{"damage":0,"enemies":"2 Louse","floor":5,"turns":1},{"damage":37,"enemies":"Gremlin Nob","floor":6,"turns":5},{"damage":14,"enemies":"Exordium Wildlife","floor":7,"turns":6},{"damage":10,"enemies":"3 Louse","floor":10,"turns":3},{"damage":18,"enemies":"Exordium Thugs","floor":12,"turns":5},{"damage":7,"enemies":"Exordium Wildlife","floor":13,"turns":6},{"damage":6,"enemies":"3 Sentries","floor":14,"turns":5},{"damage":36,"enemies":"Hexaghost","floor":16,"turns":11},{"damage":0,"enemies":"Chosen","floor":18,"turns":4},{"damage":46,"enemies":"Snecko","floor":19,"turns":8},{"damage":19,"enemies":"Book of Stabbing","floor":28,"turns":4},{"damage":19,"enemies":"Sentry and Sphere","floor":29,"turns":4},{"damage":16,"enemies":"3 Cultists","floor":30,"turns":4},{"damage":23,"enemies":"Centurion and Healer","floor":31,"turns":4},{"damage":95,"enemies":"Champ","floor":33,"turns":13}],"seed_played":"-2391395260562612415","potions_obtained":[{"floor":1,"key":"Fruit Juice"},{"floor":5,"key":"Block Potion"},{"floor":7,"key":"Explosive Potion"},{"floor":12,"key":"BlessingOfTheForge"},{"floor":18,"key":"LiquidMemories"},{"floor":29,"key":"BlessingOfTheForge"}],"is_trial":false,"path_per_floor":["M","?","$","M","M","E","M","T","T","M","?","M","M","E","R","B",null,"M","M","?","?","$","R","$","R","T","R","E","M","M","M","R","B"],"character_chosen":"HERMIT","items_purchased":["hermit:PistolWhip","hermit:Quickdraw","Lee\u0027s Waffle"],"campfire_rested":3,"item_purchase_floors":[3,22,24],"current_hp_per_floor":[75,75,75,75,75,38,28,38,38,32,32,27,24,22,41,13,65,65,19,19,19,19,32,52,52,52,52,40,35,33,21,36,0,0],"gold":184,"neow_bonus":"THREE_ENEMY_KILL","is_daily":false,"chose_seed":false,"campfire_upgraded":2,"win_rate":0.0,"timestamp":1608586476,"path_taken":["M","?","$","M","?","E","M","?","T","?","?","M","M","E","R","BOSS","M","M","?","?","?","R","$","R","T","R","E","M","M","M","R","BOSS"],"items_purchased_type":["Card","Card","Relic"],"build_version":"2020-12-13","purchased_purges":2,"victory":false,"max_hp_per_floor":[75,75,75,75,75,50,50,60,60,60,60,65,65,65,65,65,65,65,65,65,45,45,45,52,52,52,52,52,52,52,52,52,52,52],"card_choices":[{"not_picked":["hermit:Showdown","hermit:NoHoldsBarred"],"picked":"hermit:FlashPowder","floor":1},{"not_picked":["hermit:CursedWeapon","hermit:ItchyTrigger"],"picked":"hermit:Snipe","floor":4},{"not_picked":["hermit:Shortfuse","hermit:Quickdraw"],"picked":"hermit:Snipe","floor":5},{"not_picked":["hermit:LowProfile","hermit:BodyArmor"],"picked":"hermit:Vantage","floor":6},{"not_picked":["hermit:BodyArmor","hermit:Horror"],"picked":"hermit:CalledShot","floor":7},{"not_picked":["hermit:Manifest","hermit:Shortfuse"],"picked":"hermit:Ricochet","floor":10},{"not_picked":["hermit:ShadowCloak","hermit:Horror"],"picked":"hermit:Quickdraw","floor":12},{"not_picked":["hermit:HoleUp","hermit:PistolWhip"],"picked":"hermit:LuckOfTheDraw","floor":13},{"not_picked":["hermit:BlackWind","hermit:Glare"],"picked":"hermit:Enervate","floor":14},{"not_picked":["hermit:Shortfuse+1","hermit:Glare+1"],"picked":"hermit:ItchyTrigger","floor":18},{"not_picked":["hermit:Roulette","hermit:Snipe","hermit:Manifest"],"picked":"SKIP","floor":19},{"not_picked":["hermit:BigShot+1","hermit:DeadMansHand","hermit:CursedWeapon"],"picked":"SKIP","floor":28},{"not_picked":["hermit:WideOpen","hermit:Coalescence","hermit:Feint"],"picked":"SKIP","floor":29},{"not_picked":["hermit:Snipe","hermit:Maintenance"],"picked":"hermit:Quickdraw+1","floor":30},{"not_picked":["hermit:Snipe+1","hermit:SprayPray+1","hermit:Shortfuse"],"picked":"SKIP","floor":31}],"player_experience":82181,"relics_obtained":[{"floor":6,"key":"HollowMod:QueensCombRelic"},{"floor":8,"key":"Pear"},{"floor":9,"key":"Whetstone"},{"floor":14,"key":"hermit:Horseshoe"},{"floor":26,"key":"Ancient Tea Set"},{"floor":28,"key":"War Paint"}],"event_choices":[{"damage_healed":0,"gold_gain":0,"player_choice":"Upgraded","damage_taken":0,"max_hp_gain":0,"max_hp_loss":0,"event_name":"Upgrade Shrine","floor":2,"gold_loss":0,"cards_upgraded":["hermit:Covet"]},{"damage_healed":0,"gold_gain":0,"player_choice":"Box","damage_taken":0,"relics_obtained":["Orichalcum"],"max_hp_gain":0,"max_hp_loss":0,"event_name":"Big Fish","floor":11,"gold_loss":0,"cards_obtained":["Regret"]},{"damage_healed":0,"gold_gain":0,"player_choice":"Ignored","damage_taken":0,"max_hp_gain":0,"max_hp_loss":0,"event_name":"Ghosts","floor":20,"gold_loss":0},{"damage_healed":0,"gold_gain":0,"player_choice":"Became a vampire","damage_taken":0,"max_hp_gain":0,"max_hp_loss":20,"event_name":"Vampires","floor":21,"gold_loss":0,"cards_obtained":["Bite","Bite","Bite","Bite","Bite"]}],"is_beta":false,"boss_relics":[{"not_picked":["Astrolabe","hermit:DentedPlate"],"picked":"Philosopher\u0027s Stone"}],"items_purged_floors":[22,24],"is_endless":false,"potions_floor_spawned":[1,5,7,12,18,29],"killed_by":"Champ","ascension_level":0}}