{"host":"qm4rv4rkpk76sbxu","time":1608516013,"event":{"mods":["BaseMod","Bestiary","Block Reminder","DeckTracker","Filter the Spire","Keyboard Shortcuts","Minty Spire (QoL Compilation)","MonsterHotkey","Potion Indicator Mod","Quick Restart","Random Character Button","Relic Stats","Slay-I","StSLib","ojb\u0027s Better Paths Mod"],"gold_per_floor":[110,130,130,141,141,182,182,182,234,269,269,289,304,339,339,424,424,444,44,53,81,94,125,125,143,143,143,171,33,61,83,83,163,163,183,183,209,1226,735,775,351,351,351,388,11,33,42,55,55,55,55],"floor_reached":52,"playtime":2934,"items_purged":["Strike_B","Normality","Normality","Defend_B"],"score":2097,"play_id":"8c24d51c-76ef-4b7f-a634-5d44a0a082c7","local_time":"20201221030013","is_ascension_mode":true,"campfire_choices":[{"data":"Zap","floor":7.0,"key":"SMITH"},{"data":"Fusion","floor":15.0,"key":"SMITH"},{"data":"Biased Cognition","floor":24,"key":"SMITH"},{"data":"Loop","floor":27,"key":"SMITH"},{"data":"Buffer","floor":32,"key":"SMITH"},{"data":"Hologram","floor":42,"key":"SMITH"},{"floor":49,"key":"RECALL"}],"circlet_count":0,"master_deck":["AscendersBane","Strike_B+1","Defend_B+1","Zap+1","Dualcast","Auto Shields","Self Repair","Hologram+1","Fusion+1","Glacier","Echo Form","Biased Cognition+1","Glacier","Redo+1","Loop+1","Hyperbeam","Conserve Battery","Defragment+1","Buffer+1","Reinforced Body","Capacitor","Cold Snap","Echo Form","Coolheaded+1","Heatsinks","Compile Driver","White Noise","Heatsinks","Tempest","Go for the Eyes","Ball Lightning","Compile Driver","Electrodynamics","Chrysalis","Hologram+1","Defragment+1"],"relics":["Cracked Core","NeowsBlessing","CeramicFish","Bag of Marbles","Potion Belt","Symbiotic Virus","Boot","Busted Crown","Membership Card","Bottled Tornado","Pantograph","Blood Vial","Pen Nib","Orrery","Letter Opener","Black Star","Mummified Hand","Orichalcum","Chemical X","Art of War","Mango","Sling","Regal Pillow","Mercury Hourglass","Cables","Ancient Tea Set","Akabeko","Toy Ornithopter"],"acts_visited":["Exordium","TheCity","TheBeyond"],"potions_floor_usage":[23,23,28,33,40,44,51],"damage_taken":[{"damage":0.0,"enemies":"Cultist","floor":1.0,"turns":1.0},{"damage":0.0,"enemies":"2 Louse","floor":2.0,"turns":1.0},{"damage":0.0,"enemies":"Small Slimes","floor":4.0,"turns":1.0},{"damage":21.0,"enemies":"Lagavulin","floor":6.0,"turns":8.0},{"damage":19.0,"enemies":"3 Sentries","floor":10.0,"turns":6.0},{"damage":0.0,"enemies":"3 Louse","floor":12.0,"turns":2.0},{"damage":0.0,"enemies":"Large Slime","floor":13.0,"turns":4.0},{"damage":32.0,"enemies":"Gremlin Nob","floor":14.0,"turns":4.0},{"damage":17.0,"enemies":"Slime Boss","floor":16.0,"turns":6.0},{"damage":1.0,"enemies":"3 Byrds","floor":18.0,"turns":5.0},{"damage":5.0,"enemies":"Shell Parasite","floor":21.0,"turns":6.0},{"damage":5.0,"enemies":"Snake Plant","floor":22.0,"turns":4.0},{"damage":31,"enemies":"Slavers","floor":23,"turns":7},{"damage":23,"enemies":"Gremlin Leader","floor":28,"turns":5},{"damage":9,"enemies":"Book of Stabbing","floor":30,"turns":5},{"damage":9,"enemies":"3 Cultists","floor":31,"turns":5},{"damage":45,"enemies":"Collector","floor":33,"turns":6},{"damage":41,"enemies":"3 Darklings","floor":35,"turns":9},{"damage":11,"enemies":"Orb Walker","floor":37,"turns":5},{"damage":10,"enemies":"Reptomancer","floor":40,"turns":11},{"damage":7,"enemies":"Nemesis","floor":44,"turns":3},{"damage":0,"enemies":"Transient","floor":46,"turns":6},{"damage":0,"enemies":"Spire Growth","floor":48,"turns":4},{"damage":19,"enemies":"Donu and Deca","floor":50,"turns":6},{"damage":37,"enemies":"Time Eater","floor":51,"turns":7}],"seed_played":"-4542839954309479142","potions_obtained":[{"floor":1.0,"key":"AttackPotion"},{"floor":2.0,"key":"PotionOfCapacity"},{"floor":6.0,"key":"EntropicBrew"},{"floor":10.0,"key":"DistilledChaos"},{"floor":14.0,"key":"LiquidMemories"},{"floor":21.0,"key":"Explosive Potion"},{"floor":23,"key":"LiquidMemories"},{"floor":28,"key":"Ancient Potion"},{"floor":40,"key":"Block Potion"},{"floor":48,"key":"FocusPotion"}],"is_trial":false,"path_per_floor":["M","M","?","M","?","E","R","?","T","E","?","M","M","E","R","B",null,"M","$","?","M","M","E","R","?","T","R","E","$","E","M","R","B",null,"M","?","M","?","$","E","$","R","T","E","$","M","?","M","R","B","B",null],"character_chosen":"DEFECT","items_purchased":["Membership Card","Bottled Tornado","SkillPotion","SkillPotion","Orrery","Capacitor","AttackPotion","SteroidPotion","Heatsinks","Compile Driver","White Noise","Mummified Hand","Ancient Potion","Strength Potion","Orichalcum","Chemical X","Tempest","Sling","Regal Pillow","Mercury Hourglass","AttackPotion","Ball Lightning","Compile Driver","Electrodynamics","Toy Ornithopter","Regen Potion","Chrysalis"],"campfire_rested":0,"item_purchase_floors":[19,19,19,19,29,29,29,29,39,39,39,39,39,39,39,39,41,41,41,41,41,45,45,45,45,45,45],"current_hp_per_floor":[64,64,43,43,38,24,24,47,47,35,35,42,49,27,27,10,56,62,62,62,71,71,47,47,47,47,47,40,40,47,54,54,33,62,37,37,42,42,42,62,62,62,62,64,64,73,73,82,82,80,55],"gold":55,"neow_bonus":"THREE_ENEMY_KILL","is_daily":false,"chose_seed":false,"campfire_upgraded":6,"win_rate":0.0,"timestamp":1608516013,"path_taken":["M","?","?","M","?","E","R","?","T","E","?","M","M","E","R","BOSS","M","?","?","M","?","E","R","?","T","R","E","$","E","M","R","BOSS","M","?","M","?","$","E","$","R","T","E","?","M","?","M","R","BOSS","BOSS"],"items_purchased_type":["Relic","Relic","Potion","Potion","Relic","Card","Potion","Potion","Card","Card","Card","Relic","Potion","Potion","Relic","Relic","Card","Relic","Relic","Relic","Potion","Card","Card","Card","Relic","Potion","Card"],"build_version":"2020-12-13","purchased_purges":4,"victory":true,"max_hp_per_floor":[71,71,71,71,71,71,71,71,71,71,71,71,71,71,71,71,71,71,71,71,71,71,71,71,71,71,71,71,71,71,71,71,71,71,71,71,71,71,71,85,85,85,85,85,85,85,85,85,85,85,85],"relic_stats":{"Regal Pillow":0,"counters":[25,127],"CeramicFish":279,"Pen Nib":[6],"Letter Opener":[355],"Orichalcum":[24],"Boot":[10],"Mercury Hourglass":[60],"Cables":[22,11,7,3,1],"Blood Vial":24,"Busted Crown":38,"Mummified Hand":[129],"Pantograph":19,"Black Star":2,"Art of War":[9],"Chemical X":[19],"obtain_stats":[{"Regal Pillow":41,"CeramicFish":5,"Mango":40,"Bottled Tornado":19,"Boot":14,"Sling":41,"Ancient Tea Set":44,"Blood Vial":26,"Mummified Hand":39,"Pantograph":23,"Chemical X":39,"Cracked Core":0,"Potion Belt":9,"NeowsBlessing":0,"Pen Nib":28,"Letter Opener":30,"Orichalcum":39,"Akabeko":44,"Mercury Hourglass":41,"Cables":43,"Busted Crown":17,"Orrery":29,"Bag of Marbles":6,"Black Star":34,"Art of War":40,"Membership Card":19,"Symbiotic Virus":10,"Toy Ornithopter":45},{"Regal Pillow":20,"CeramicFish":3,"Mango":20,"Bottled Tornado":10,"Boot":8,"Sling":20,"Ancient Tea Set":21,"Blood Vial":13,"Mummified Hand":19,"Pantograph":13,"Chemical X":19,"Cracked Core":0,"Potion Belt":4,"NeowsBlessing":0,"Pen Nib":14,"Letter Opener":15,"Orichalcum":19,"Akabeko":21,"Mercury Hourglass":20,"Cables":20,"Busted Crown":9,"Orrery":14,"Bag of Marbles":4,"Black Star":17,"Art of War":20,"Membership Card":10,"Symbiotic Virus":5,"Toy Ornithopter":21},{"Regal Pillow":101,"CeramicFish":3,"Mango":101,"Bottled Tornado":38,"Boot":27,"Sling":101,"Ancient Tea Set":104,"Blood Vial":55,"Mummified Hand":90,"Pantograph":55,"Chemical X":90,"Cracked Core":0,"Potion Belt":11,"NeowsBlessing":0,"Pen Nib":60,"Letter Opener":65,"Orichalcum":90,"Akabeko":104,"Mercury Hourglass":101,"Cables":101,"Busted Crown":33,"Orrery":60,"Bag of Marbles":11,"Black Star":76,"Art of War":101,"Membership Card":38,"Symbiotic Virus":17,"Toy Ornithopter":104}],"Toy Ornithopter":0},"card_choices":[{"not_picked":["Rip and Tear","Go for the Eyes"],"picked":"Auto Shields","floor":1.0},{"not_picked":["Turbo","Go for the Eyes"],"picked":"Self Repair","floor":2.0},{"not_picked":["Steam Power","Chaos","Redo"],"picked":"SKIP","floor":4.0},{"not_picked":["Storm","Amplify"],"picked":"Hologram","floor":6.0},{"not_picked":["Static Discharge","Redo"],"picked":"Fusion","floor":10.0},{"not_picked":["Conserve Battery","Turbo"],"picked":"Glacier","floor":12.0},{"not_picked":["Turbo","Sweeping Beam","Doom and Gloom"],"picked":"SKIP","floor":13.0},{"not_picked":["Conserve Battery","Stack"],"picked":"Echo Form","floor":14.0},{"not_picked":["Amplify","Reboot"],"picked":"Biased Cognition","floor":16.0},{"not_picked":["Leap"],"picked":"SKIP","floor":18.0},{"not_picked":[],"picked":"Redo+1","floor":21.0},{"not_picked":["Redo"],"picked":"SKIP","floor":22.0},{"not_picked":["Redo"],"picked":"SKIP","floor":23},{"not_picked":["Force Field"],"picked":"SKIP","floor":28},{"not_picked":[],"picked":"Conserve Battery","floor":29},{"not_picked":[],"picked":"Defragment+1","floor":29},{"not_picked":[],"picked":"Buffer","floor":29},{"not_picked":[],"picked":"Reinforced Body","floor":29},{"not_picked":["Consume+1"],"picked":"SKIP","floor":30},{"not_picked":[],"picked":"Cold Snap","floor":31},{"not_picked":[],"picked":"Echo Form","floor":33},{"not_picked":["Melter"],"picked":"SKIP","floor":35},{"not_picked":[],"picked":"Coolheaded+1","floor":37},{"not_picked":[],"picked":"Heatsinks","floor":40},{"not_picked":["Go for the Eyes"],"picked":"SKIP","floor":44},{"not_picked":[],"picked":"Go for the Eyes","floor":44},{"not_picked":[],"picked":"Hologram+1","floor":46},{"not_picked":["Redo+1"],"picked":"SKIP","floor":48}],"player_experience":1082924,"relics_obtained":[{"floor":6.0,"key":"Bag of Marbles"},{"floor":9.0,"key":"Potion Belt"},{"floor":10.0,"key":"Symbiotic Virus"},{"floor":14.0,"key":"Boot"},{"floor":23,"key":"Pantograph"},{"floor":26,"key":"Blood Vial"},{"floor":28,"key":"Pen Nib"},{"floor":30,"key":"Letter Opener"},{"floor":40,"key":"Art of War"},{"floor":40,"key":"Mango"},{"floor":43,"key":"Cables"},{"floor":44,"key":"Ancient Tea Set"},{"floor":44,"key":"Akabeko"}],"event_choices":[{"damage_healed":0.0,"max_hp_gain":0.0,"max_hp_loss":0.0,"gold_gain":0.0,"event_name":"Shining Light","player_choice":"Entered Light","floor":3.0,"gold_loss":0.0,"damage_taken":21.0,"cards_upgraded":["Strike_B","Defend_B"]},{"damage_healed":0.0,"max_hp_gain":0.0,"max_hp_loss":0.0,"gold_gain":0.0,"event_name":"Scrap Ooze","player_choice":"Success","floor":5.0,"gold_loss":0.0,"damage_taken":5.0,"relics_obtained":["CeramicFish"]},{"damage_healed":23.0,"max_hp_gain":0.0,"max_hp_loss":0.0,"gold_gain":0.0,"event_name":"Big Fish","player_choice":"Banana","floor":8.0,"gold_loss":0.0,"damage_taken":0.0},{"cards_removed":["Strike_B"],"damage_healed":0.0,"max_hp_gain":0.0,"max_hp_loss":0.0,"gold_gain":0.0,"event_name":"Purifier","player_choice":"Purged","floor":11.0,"gold_loss":0.0,"damage_taken":0.0},{"damage_healed":0.0,"max_hp_gain":0.0,"max_hp_loss":0.0,"gold_gain":0.0,"cards_transformed":["Strike_B"],"event_name":"Transmorgrifier","player_choice":"Transformed","floor":20.0,"gold_loss":0.0,"damage_taken":0.0,"cards_obtained":["Glacier"]},{"damage_healed":0,"gold_gain":0,"cards_transformed":["Defend_B","Defend_B"],"player_choice":"Became Test Subject","damage_taken":0,"max_hp_gain":0,"max_hp_loss":0,"event_name":"Drug Dealer","floor":25,"gold_loss":0,"cards_obtained":["Loop","Hyperbeam"]},{"damage_healed":0,"gold_gain":0,"player_choice":"Ignored","damage_taken":0,"max_hp_gain":0,"max_hp_loss":0,"event_name":"Tomb of Lord Red Mask","floor":36,"gold_loss":0},{"damage_healed":0,"gold_gain":999,"player_choice":"Gold","damage_taken":0,"max_hp_gain":0,"max_hp_loss":0,"event_name":"MindBloom","floor":38,"gold_loss":0,"cards_obtained":["Normality","Normality"]},{"damage_healed":0,"gold_gain":0,"player_choice":"Copied","damage_taken":0,"max_hp_gain":0,"max_hp_loss":0,"event_name":"Duplicator","floor":47,"gold_loss":0,"cards_obtained":["Defragment"]}],"is_beta":false,"boss_relics":[{"not_picked":["Astrolabe","Ectoplasm"],"picked":"Busted Crown"},{"not_picked":["Inserter","Empty Cage"],"picked":"Black Star"}],"items_purged_floors":[19,39,41,45],"is_endless":false,"potions_floor_spawned":[1,2,6,10,14,21,23,28,40,46,48],"ascension_level":20}}