{"host":"vcmmzzj6okc5j399","time":1608551569,"event":{"mods":["BaseMod","Decade(â§è¨ñæ)","Minty Spire (QoL Compilation)","StSLib"],"gold_per_floor":[119,119,119,119,188,188,221,333,383,398,427,446,459,509,509,604,604,624,674,690,740,803,803,831,881,881,899,899,918,968,968],"floor_reached":30,"playtime":5386,"items_purged":[],"score":335,"play_id":"bd7b638f-5bf8-4bda-8c0f-b8c21dd8b21f","local_time":"20201221205249","is_ascension_mode":false,"campfire_choices":[{"data":"AttackRide","floor":6.0,"key":"SMITH"},{"data":"KamenRide","floor":15,"key":"SMITH"},{"data":"Blade_Metal","floor":23,"key":"SMITH"},{"data":"NMDAZYYGL","floor":28,"key":"SMITH"}],"circlet_count":0,"master_deck":["Decade_Attack","Decade_Attack+1","Decade_Attack","Decade_Attack","KamenRide+1","Decade_SpecialSkill+1","Decade_Defend","Decade_Defend","Decade_Defend","Decade_Defend","RideBooker_Skill_3","AttackRide+1","RideBooker_Skill_2","UnarmedAttack3+1","Blade_Metal+1","UnarmedAttack9","Blade_Slash","UnarmedAttack8","RideBooker+1","UnarmedAttack5","UnarmedAttack4","AttackRide","Pain","AutoVajin","NMDAZYYGL+1"],"relics":["Decadriver","TOEIDeficitBill","NeowsBlessing","SsserpentHead","MealTicket","CaptainsWheel","Whetstone","Orichalcum","SlaversCollar","WarpedTongs","Smiling Mask"],"acts_visited":["Exordium","TheCity"],"potions_floor_usage":[],"damage_taken":[{"damage":0.0,"enemies":"2 Louse","floor":1.0,"turns":2.0},{"damage":0.0,"enemies":"Small Slimes","floor":5.0,"turns":2.0},{"damage":0.0,"enemies":"Lagavulin","floor":7.0,"turns":1.0},{"damage":16,"enemies":"3 Sentries","floor":8,"turns":6},{"damage":1,"enemies":"Cultist","floor":10,"turns":4},{"damage":17,"enemies":"Gremlin Nob","floor":11,"turns":5},{"damage":0,"enemies":"Looter","floor":12,"turns":4},{"damage":1,"enemies":"3 Louse","floor":13,"turns":4},{"damage":0,"enemies":"Slime Boss","floor":16,"turns":6},{"damage":1,"enemies":"Spheric Guardian","floor":18,"turns":5},{"damage":11,"enemies":"Shell Parasite","floor":20,"turns":5},{"damage":7,"enemies":"Cultist and Chosen","floor":22,"turns":5},{"damage":27,"enemies":"Slavers","floor":24,"turns":4},{"damage":23,"enemies":"Snake Plant","floor":27,"turns":6},{"damage":8,"enemies":"Chosen and Byrds","floor":29,"turns":6}],"seed_played":"-3658422960957173628","potions_obtained":[{"floor":5.0,"key":"ColorlessPotion"},{"floor":7.0,"key":"Strength Potion"},{"floor":10,"key":"DuplicationPotion"}],"is_trial":false,"path_per_floor":["M","?","?","$","M","R","E","?","T","M","E","M","M","?","R","B",null,"M","?","M","?","M","R","E","?","T","M","R","M","?"],"character_chosen":"Decade","items_purchased":[],"campfire_rested":0,"item_purchase_floors":[],"current_hp_per_floor":[70,70,70,70,70,70,70,66,66,65,48,51,50,55,55,75,75,74,74,75,75,68,68,41,41,41,21,21,13,0,0],"gold":968,"neow_bonus":"THREE_ENEMY_KILL","is_daily":false,"chose_seed":false,"campfire_upgraded":4,"win_rate":0.0,"timestamp":1608551569,"path_taken":["M","?","?","$","?","R","E","?","T","M","E","M","M","?","R","BOSS","M","?","M","?","?","R","E","?","T","M","R","M","?"],"items_purchased_type":[],"build_version":"2020-12-13","purchased_purges":0,"victory":false,"max_hp_per_floor":[70,70,70,70,70,70,70,70,70,70,70,70,70,75,75,75,75,75,75,75,75,75,75,75,75,75,75,75,75,80,80],"card_choices":[{"not_picked":["UnarmedAttack1","Blade_Slash"],"picked":"RideBooker_Skill_3","floor":1.0},{"not_picked":["KamenRideKiva","UnarmedAttack5"],"picked":"AttackRide","floor":5.0},{"not_picked":["FormRideTitan","Decade_Defend3"],"picked":"RideBooker_Skill_2","floor":5.0},{"not_picked":["Decade_Dash1","RideBooker_Skill_1"],"picked":"UnarmedAttack3","floor":7.0},{"not_picked":["Decade_Dash2","Decade_Defend2"],"picked":"Blade_Metal","floor":10},{"not_picked":["Blade_Mach","DragClaw"],"picked":"UnarmedAttack9","floor":11},{"not_picked":["FormRideDogga","Decade_Dash1"],"picked":"Blade_Slash","floor":12},{"not_picked":["Decade_Defend3","Blade_Slash"],"picked":"UnarmedAttack8","floor":13},{"not_picked":["DragClaw","Kiva_Frozen"],"picked":"RideBooker+1","floor":18},{"not_picked":["Kiva_Frozen","KamenRideAgito"],"picked":"UnarmedAttack5","floor":18},{"not_picked":["UnarmedAttack5","UnarmedAttack7"],"picked":"AttackRide","floor":20},{"not_picked":["FormRideFlame","FormRideDogga"],"picked":"AutoVajin","floor":22},{"not_picked":["FormRideDogga","RideBooker_Skill_1"],"picked":"NMDAZYYGL","floor":24}],"player_experience":136649,"relics_obtained":[{"floor":7.0,"key":"MealTicket"},{"floor":8,"key":"CaptainsWheel"},{"floor":9,"key":"Whetstone"},{"floor":11,"key":"Orichalcum"},{"floor":24,"key":"Smiling Mask"}],"event_choices":[{"damage_healed":0.0,"max_hp_gain":0.0,"max_hp_loss":0.0,"gold_gain":0.0,"event_name":"Living Wall","player_choice":"Grow","floor":2.0,"gold_loss":0.0,"damage_taken":0.0,"cards_upgraded":["Decade_SpecialSkill"]},{"damage_healed":0.0,"max_hp_gain":0.0,"max_hp_loss":0.0,"gold_gain":0.0,"event_name":"FaceTrader","player_choice":"Trade","floor":3.0,"gold_loss":0.0,"damage_taken":0.0,"relics_obtained":["SsserpentHead"]},{"damage_healed":0,"gold_gain":0,"player_choice":"Searched \u00271\u0027 times","damage_taken":0,"max_hp_gain":0,"max_hp_loss":0,"event_name":"Dead Adventurer","floor":8,"gold_loss":0},{"damage_healed":0,"gold_gain":0,"player_choice":"Donut","damage_taken":0,"max_hp_gain":5,"max_hp_loss":0,"event_name":"Big Fish","floor":14,"gold_loss":0},{"damage_healed":0,"gold_gain":0,"player_choice":"Read","damage_taken":0,"max_hp_gain":0,"max_hp_loss":0,"event_name":"The Library","floor":19,"gold_loss":0,"cards_obtained":["UnarmedAttack4"]},{"damage_healed":0,"gold_gain":0,"player_choice":"Rummage","damage_taken":0,"relics_obtained":["WarpedTongs"],"max_hp_gain":0,"max_hp_loss":0,"event_name":"Accursed Blacksmith","floor":21,"gold_loss":0,"cards_obtained":["Pain"]},{"damage_healed":0,"gold_gain":0,"player_choice":"Ignored","damage_taken":0,"max_hp_gain":0,"max_hp_loss":0,"event_name":"Vampires","floor":25,"gold_loss":0},{"damage_healed":0,"gold_gain":0,"player_choice":"Shed Blood","damage_taken":19,"max_hp_gain":5,"max_hp_loss":0,"event_name":"Forgotten Altar","floor":30,"gold_loss":0}],"is_beta":false,"boss_relics":[{"not_picked":["Busted Crown","Tiny House"],"picked":"SlaversCollar"}],"items_purged_floors":[],"is_endless":false,"potions_floor_spawned":[5,7,10,12,20,22],"ascension_level":0}}