{"host":"aj7el8l5kufbk20z","time":1608524209,"event":{"mods":["AchievementEnabler","BaseMod","Colored Map","Colored Powertips","Curses Come First","Highlight Path","Minty Spire (QoL Compilation)","Quick Restart","Rare Cards Sparkle","Relic Stats","StSLib","SuperFastMode"],"gold_per_floor":[109,109,125,125,125,125,154,154,154,165,165,120,133,1566,1566,1667,1667,1684,1698,1698,1377,1393,1393,1393,954,954,989,1004,1014,1014,1043,1043,1145,1145,1163,1175,1225,1271,1287,1287,1321,1321,1348,1047,1047,1057,1057,1068,1068,1068],"floor_reached":51,"playtime":3766,"items_purged":["Strike_R","Strike_R","Strike_R","Bash+1"],"score":857,"play_id":"a5dd3562-ba59-4eba-9b5d-d3e9a26ac143","local_time":"20201221121649","is_ascension_mode":true,"campfire_choices":[{"data":"Armaments","floor":6,"key":"SMITH"},{"data":"Bash","floor":8,"key":"SMITH"},{"data":"Disarm","floor":11,"key":"SMITH"},{"data":"Barricade","floor":15,"key":"SMITH"},{"data":"Defend_R","floor":23,"key":"PURGE"},{"data":"Strike_R","floor":30,"key":"PURGE"},{"data":"Defend_R","floor":32,"key":"PURGE"},{"data":"Parasite","floor":40,"key":"PURGE"},{"data":"Defend_R","floor":47,"key":"PURGE"},{"data":"Defend_R+1","floor":49,"key":"PURGE"}],"circlet_count":0,"master_deck":["Armaments+1","True Grit","Disarm+1","Metallicize","Flex+1","Rampage","Barricade+1","Body Slam","Berserk","Shrug It Off+1","Metallicize+1","Metallicize+1","Flame Barrier+1","Juggernaut","Rage+1","Juggernaut","Shockwave"],"relics":["Burning Blood","NeowsBlessing","Letter Opener","Strawberry","Gambling Chip","Peace Pipe","Dream Catcher","Runic Pyramid","Vajra","Gremlin Horn","White Beast Statue","War Paint","Red Mask","Sozu","Girya","CaptainsWheel","Mango","MealTicket","Membership Card","Anchor"],"acts_visited":["Exordium","TheCity","TheBeyond"],"potions_floor_usage":[27,27,27,28,33,50],"damage_taken":[{"damage":0,"enemies":"Jaw Worm","floor":1,"turns":1},{"damage":0,"enemies":"Small Slimes","floor":3,"turns":1},{"damage":0,"enemies":"Gremlin Nob","floor":7,"turns":1},{"damage":1,"enemies":"Cultist","floor":10,"turns":3},{"damage":1,"enemies":"Looter","floor":12,"turns":5},{"damage":0,"enemies":"3 Louse","floor":13,"turns":4},{"damage":23,"enemies":"The Guardian","floor":16,"turns":10},{"damage":43,"enemies":"3 Byrds","floor":18,"turns":6},{"damage":4,"enemies":"Chosen","floor":19,"turns":6},{"damage":9,"enemies":"Sentry and Sphere","floor":22,"turns":8},{"damage":9,"enemies":"Gremlin Leader","floor":27,"turns":6},{"damage":7,"enemies":"3 Cultists","floor":28,"turns":5},{"damage":18,"enemies":"Centurion and Healer","floor":29,"turns":6},{"damage":48,"enemies":"Masked Bandits","floor":31,"turns":6},{"damage":7,"enemies":"Collector","floor":33,"turns":9},{"damage":0,"enemies":"Orb Walker","floor":35,"turns":5},{"damage":7,"enemies":"3 Shapes","floor":36,"turns":6},{"damage":19,"enemies":"Mind Bloom Boss Battle","floor":37,"turns":5},{"damage":169,"enemies":"2 Orb Walkers","floor":38,"turns":9},{"damage":1,"enemies":"Writhing Mass","floor":39,"turns":6},{"damage":6,"enemies":"Nemesis","floor":41,"turns":7},{"damage":21,"enemies":"Sphere and 2 Shapes","floor":46,"turns":6},{"damage":39,"enemies":"Jaw Worm Horde","floor":48,"turns":5},{"damage":30,"enemies":"Awakened One","floor":50,"turns":7}],"seed_played":"3621970006551641078","potions_obtained":[{"floor":3,"key":"Regen Potion"},{"floor":13,"key":"GamblersBrew"},{"floor":18,"key":"Dexterity Potion"},{"floor":22,"key":"Explosive Potion"},{"floor":27,"key":"Fruit Juice"},{"floor":28,"key":"DistilledChaos"},{"floor":29,"key":"BlessingOfTheForge"},{"floor":31,"key":"GamblersBrew"},{"floor":33,"key":"SmokeBomb"}],"is_trial":false,"path_per_floor":["M","?","M","?","?","R","E","R","T","M","R","M","M","$","R","B",null,"M","M","?","$","M","R","?","$","T","E","M","M","R","?","R","B",null,"M","M","?","?","M","R","E","?","T","$","?","M","R","M","R","B",null],"character_chosen":"IRONCLAD","items_purchased":["Rampage","Barricade","Body Slam","Peace Pipe","Dream Catcher","Vajra","Metallicize","Searing Blow","Gremlin Horn","Membership Card","Anchor"],"campfire_rested":0,"item_purchase_floors":[14,14,14,14,14,21,21,25,25,44,44],"current_hp_per_floor":[80,73,79,79,79,79,87,87,87,87,87,87,87,87,87,70,87,50,52,35,35,32,32,32,32,32,97,96,84,84,42,42,41,97,97,96,83,67,97,94,108,103,103,103,103,88,88,103,103,79],"gold":1068,"neow_bonus":"THREE_ENEMY_KILL","is_daily":false,"chose_seed":false,"campfire_upgraded":4,"win_rate":0.0,"timestamp":1608524209,"path_taken":["M","?","M","?","?","R","E","R","T","M","R","M","M","$","R","BOSS","M","M","?","$","M","R","?","$","T","E","M","?","R","?","R","BOSS","M","M","?","?","?","R","E","?","T","$","?","M","R","?","R","BOSS"],"items_purchased_type":["Card","Card","Card","Relic","Relic","Relic","Card","Card","Relic","Relic","Relic"],"build_version":"2020-12-13","purchased_purges":4,"victory":true,"max_hp_per_floor":[80,80,80,80,80,80,87,87,87,87,87,87,87,87,87,87,87,87,87,92,92,92,92,92,92,92,97,97,97,97,97,97,97,97,97,97,97,97,97,94,108,103,103,103,103,103,103,103,103,103],"relic_stats":{"Peace Pipe":6,"Sozu":8,"Dream Catcher":0,"Gremlin Horn":[22,22],"counters":[24,133],"Gambling Chip":[57],"MealTicket":0,"Letter Opener":[318],"War Paint":["Defend_R","Flex"],"obtain_stats":[{"Girya":37,"NeowsBlessing":0,"Gremlin Horn":25,"Vajra":21,"Mango":41,"Letter Opener":4,"War Paint":27,"Burning Blood":0,"White Beast Statue":26,"Peace Pipe":14,"Sozu":34,"Dream Catcher":14,"CaptainsWheel":38,"Anchor":44,"Strawberry":7,"Gambling Chip":9,"MealTicket":43,"Red Mask":31,"Membership Card":44,"Runic Pyramid":17},{"Girya":18,"NeowsBlessing":0,"Gremlin Horn":10,"Vajra":9,"Mango":21,"Letter Opener":2,"War Paint":11,"Burning Blood":0,"White Beast Statue":10,"Peace Pipe":6,"Sozu":15,"Dream Catcher":6,"CaptainsWheel":19,"Anchor":21,"Strawberry":3,"Gambling Chip":3,"MealTicket":21,"Red Mask":14,"Membership Card":21,"Runic Pyramid":7},{"Girya":93,"NeowsBlessing":0,"Gremlin Horn":45,"Vajra":37,"Mango":115,"Letter Opener":2,"War Paint":51,"Burning Blood":0,"White Beast Statue":45,"Peace Pipe":15,"Sozu":77,"Dream Catcher":15,"CaptainsWheel":102,"Anchor":115,"Strawberry":3,"Gambling Chip":3,"MealTicket":115,"Red Mask":68,"Membership Card":115,"Runic Pyramid":25}],"Burning Blood":94},"card_choices":[{"not_picked":["Flex","Clothesline"],"picked":"Armaments","floor":1},{"not_picked":["Headbutt","Bloodletting"],"picked":"True Grit","floor":3},{"not_picked":["Warcry","Dual Wield"],"picked":"Disarm","floor":7},{"not_picked":["Bloodletting","Wild Strike","Armaments"],"picked":"SKIP","floor":10},{"not_picked":["Whirlwind","Wild Strike"],"picked":"Metallicize","floor":12},{"not_picked":["Burning Pact","Clash"],"picked":"Flex","floor":13},{"not_picked":["Impervious","Exhume"],"picked":"Berserk","floor":16},{"not_picked":["Cleave","True Grit"],"picked":"Shrug It Off+1","floor":18},{"not_picked":["Sword Boomerang","Fiend Fire","Second Wind"],"picked":"SKIP","floor":19},{"not_picked":["True Grit","Wild Strike","Havoc"],"picked":"SKIP","floor":22},{"not_picked":["Fiend Fire","Warcry","Havoc"],"picked":"SKIP","floor":27},{"not_picked":["Rage+1","Body Slam"],"picked":"Metallicize+1","floor":28},{"not_picked":["Pummel","Feel No Pain","Burning Pact"],"picked":"SKIP","floor":29},{"not_picked":["Searing Blow","Hemokinesis"],"picked":"Flame Barrier+1","floor":31},{"not_picked":["Demon Form","Barricade"],"picked":"Juggernaut","floor":33},{"not_picked":["Rampage","Heavy Blade+1","Second Wind"],"picked":"SKIP","floor":35},{"not_picked":["Carnage","Pommel Strike"],"picked":"Rage+1","floor":36},{"not_picked":["Thunderclap+1","Power Through","Pommel Strike+1"],"picked":"SKIP","floor":39},{"not_picked":["Perfected Strike+1","Havoc"],"picked":"Juggernaut","floor":41},{"not_picked":["Havoc+1","Heavy Blade+1","Cleave+1"],"picked":"SKIP","floor":46},{"not_picked":["Iron Wave+1","Heavy Blade+1"],"picked":"Shockwave","floor":48}],"player_experience":289066,"relics_obtained":[{"floor":7,"key":"Strawberry"},{"floor":9,"key":"Gambling Chip"},{"floor":26,"key":"White Beast Statue"},{"floor":27,"key":"War Paint"},{"floor":31,"key":"Red Mask"},{"floor":37,"key":"Girya"},{"floor":38,"key":"CaptainsWheel"},{"floor":41,"key":"Mango"},{"floor":43,"key":"MealTicket"}],"event_choices":[{"cards_removed":["Strike_R"],"damage_healed":0,"gold_gain":0,"player_choice":"Card Removal","damage_taken":7,"max_hp_gain":0,"max_hp_loss":0,"event_name":"Golden Wing","floor":2,"gold_loss":0},{"damage_healed":0,"gold_gain":0,"player_choice":"Box","damage_taken":0,"relics_obtained":["Letter Opener"],"max_hp_gain":0,"max_hp_loss":0,"event_name":"Big Fish","floor":4,"gold_loss":0,"cards_obtained":["Regret"]},{"cards_removed":["Regret"],"damage_healed":0,"gold_gain":0,"player_choice":"Forget","damage_taken":0,"max_hp_gain":0,"max_hp_loss":0,"event_name":"Living Wall","floor":5,"gold_loss":0},{"damage_healed":0,"gold_gain":0,"player_choice":"Shed Blood","damage_taken":22,"max_hp_gain":5,"max_hp_loss":0,"event_name":"Forgotten Altar","floor":20,"gold_loss":0},{"damage_healed":0,"gold_gain":0,"player_choice":"Upgraded","damage_taken":0,"max_hp_gain":0,"max_hp_loss":0,"event_name":"Upgrade Shrine","floor":24,"gold_loss":0,"cards_upgraded":["Metallicize"]},{"damage_healed":0,"gold_gain":0,"player_choice":"Fought Bandits","damage_taken":0,"max_hp_gain":0,"max_hp_loss":0,"event_name":"Masked Bandits","floor":31,"gold_loss":0},{"damage_healed":0,"gold_gain":0,"player_choice":"Fight","damage_taken":0,"max_hp_gain":0,"max_hp_loss":0,"event_name":"MindBloom","floor":37,"gold_loss":0},{"damage_healed":0,"gold_gain":0,"player_choice":"Fight","damage_taken":0,"max_hp_gain":0,"max_hp_loss":0,"event_name":"Mysterious Sphere","floor":38,"gold_loss":0},{"damage_healed":0,"gold_gain":0,"player_choice":"Max HP","damage_taken":0,"max_hp_gain":0,"max_hp_loss":5,"event_name":"Winding Halls","floor":42,"gold_loss":0},{"cards_removed":["Searing Blow"],"damage_healed":0,"gold_gain":0,"player_choice":"Offered Uncommon","damage_taken":0,"max_hp_gain":0,"max_hp_loss":0,"event_name":"Bonfire Elementals","floor":45,"gold_loss":0}],"is_beta":false,"boss_relics":[{"not_picked":["SacredBark","Snecko Eye"],"picked":"Runic Pyramid"},{"not_picked":["Tiny House","Pandora\u0027s Box"],"picked":"Sozu"}],"items_purged_floors":[14,21,25,44],"is_endless":false,"potions_floor_spawned":[3,13,18,22,27,28,29,31,33,35,36,37,38,39,41,46,48],"ascension_level":4}}