{"host":"8u7tvcybuv0u72fd","time":1608536078,"event":{"mods":["BaseMod","BetterRewards","Colored Map","Colored Powertips","Minty Spire (QoL Compilation)","Quick Restart","Shop Mod"],"gold_per_floor":[31,49,49,49,49,49,74,89,135,135,155,173,212,227,227,355,355,380,380,380,403,428,428,441,474,500,514,514,439,0,34,34,132,132,152,112,130,147,147,147,59,87,159,159,159,159,175,12,12,12],"floor_reached":51,"playtime":3088,"items_purged":["Strike_R"],"score":992,"play_id":"d41334ae-2f36-4023-b655-3228531caf19","local_time":"20201221023438","is_ascension_mode":false,"campfire_choices":[{"data":"Body Slam","floor":6.0,"key":"SMITH"},{"data":"Bash","floor":10.0,"key":"SMITH"},{"data":"Shrug It Off","floor":15.0,"key":"SMITH"},{"data":"Inflame","floor":23.0,"key":"SMITH"},{"data":"Defend_R","floor":32.0,"key":"SMITH"},{"data":"Madness","floor":40,"key":"SMITH"},{"data":"Madness","floor":46,"key":"SMITH"},{"data":"Flex","floor":49,"key":"SMITH"}],"circlet_count":0,"master_deck":["Strike_R","Strike_R","Defend_R","Defend_R+1","Defend_R","Defend_R+1","Bash+1","Shrug It Off+1","Body Slam+1","Headbutt+1","Inflame+1","Feed","True Grit+1","Ghostly Armor+1","Offering","Heavy Blade+1","Infernal Blade+1","Sword Boomerang+1","Madness+1","Madness+1","Uppercut+1","Flex+1","Iron Wave+1"],"relics":["Burning Blood","Letter Opener","Eternal Feather","Bloody Idol","Blood Vial","Bag of Preparation","Bag of Marbles","SlaversCollar","Omamori","Smiling Mask","Shuriken","Potion Belt","Sundial","SacredBark","InkBottle","The Courier","Vajra"],"acts_visited":["TheCity","TheBeyond"],"potions_floor_usage":[35,37,50,50,50],"damage_taken":[{"damage":1.0,"enemies":"Jaw Worm","floor":1.0,"turns":3.0},{"damage":0.0,"enemies":"2 Louse","floor":2.0,"turns":3.0},{"damage":2.0,"enemies":"Small Slimes","floor":7.0,"turns":4.0},{"damage":0.0,"enemies":"2 Fungi Beasts","floor":8.0,"turns":3.0},{"damage":5.0,"enemies":"Lots of Slimes","floor":11.0,"turns":4.0},{"damage":0.0,"enemies":"Large Slime","floor":12.0,"turns":6.0},{"damage":10.0,"enemies":"3 Sentries","floor":13.0,"turns":8.0},{"damage":2.0,"enemies":"2 Fungi Beasts","floor":14.0,"turns":4.0},{"damage":57.0,"enemies":"The Guardian","floor":16.0,"turns":9.0},{"damage":13.0,"enemies":"2 Thieves","floor":18.0,"turns":5.0},{"damage":1.0,"enemies":"Chosen","floor":21.0,"turns":4.0},{"damage":18.0,"enemies":"Centurion and Healer","floor":22.0,"turns":8.0},{"damage":35.0,"enemies":"Shelled Parasite and Fungi","floor":24.0,"turns":5.0},{"damage":31.0,"enemies":"Book of Stabbing","floor":25.0,"turns":5.0},{"damage":17.0,"enemies":"Snake Plant","floor":27.0,"turns":4.0},{"damage":3.0,"enemies":"Slavers","floor":31.0,"turns":8.0},{"damage":36.0,"enemies":"Champ","floor":33.0,"turns":14.0},{"damage":6,"enemies":"3 Darklings","floor":35,"turns":9},{"damage":8,"enemies":"Orb Walker","floor":37,"turns":2},{"damage":30,"enemies":"Sphere and 2 Shapes","floor":38,"turns":3},{"damage":36,"enemies":"Nemesis","floor":42,"turns":5},{"damage":6,"enemies":"Writhing Mass","floor":47,"turns":4},{"damage":24,"enemies":"Awakened One","floor":50,"turns":9}],"seed_played":"6565058117794921581","potions_obtained":[{"floor":1.0,"key":"Block Potion"},{"floor":13.0,"key":"BloodPotion"},{"floor":14.0,"key":"Swift Potion"},{"floor":16.0,"key":"SkillPotion"},{"floor":18.0,"key":"ColorlessPotion"},{"floor":24.0,"key":"LiquidBronze"},{"floor":25.0,"key":"Weak Potion"},{"floor":27.0,"key":"LiquidBronze"},{"floor":31.0,"key":"SpeedPotion"},{"floor":37,"key":"Fruit Juice"},{"floor":47,"key":"Weak Potion"}],"is_trial":false,"path_per_floor":["M","M","?","?","?","R","M","M","T","R","M","M","E","M","R","B",null,"M","?","?","M","M","R","M","E","T","M","?","?","$","E","R","B",null,"M","?","M","M","?","R","$","E","T","?","?","R","M","$","R","B",null],"character_chosen":"IRONCLAD","items_purchased":["Letter Opener","Shrug It Off","Body Slam","Eternal Feather","Explosive Potion","LiquidBronze","Shuriken","Potion Belt","Fire Potion","Uppercut","Fire Potion","Vajra","PowerPotion"],"campfire_rested":0,"item_purchase_floors":[0,0,0,0,0,0,30,30,30,41,41,48,48],"current_hp_per_floor":[50,56,36,41,41,47,53,61,61,67,70,78,76,82,85,34,85,81,81,81,91,82,88,64,41,41,54,54,54,54,67,73,53,106,106,106,119,103,88,100,100,77,82,82,82,94,101,101,113,100],"gold":12,"neow_bonus":"","is_daily":false,"chose_seed":false,"campfire_upgraded":8,"win_rate":0.0,"timestamp":1608536078,"path_taken":["M","M","?","?","?","R","M","M","T","R","M","?","E","M","R","BOSS","M","?","?","?","M","R","M","E","T","M","?","?","?","E","R","BOSS","M","?","?","M","?","R","$","E","T","?","?","R","M","$","R","BOSS"],"items_purchased_type":["Relic","Card","Card","Relic","Potion","Potion","Relic","Relic","Potion","Card","Potion","Relic","Potion"],"build_version":"2020-12-13","purchased_purges":1,"victory":true,"max_hp_per_floor":[80,80,80,85,85,85,85,85,85,85,85,85,85,85,85,85,85,88,88,88,91,94,94,97,97,97,100,100,100,100,103,103,106,106,106,106,119,122,122,122,122,122,122,122,122,122,122,122,122,125],"card_choices":[{"not_picked":["Thunderclap","Power Through","Havoc"],"picked":"SKIP","floor":1.0},{"not_picked":["Clothesline","Pommel Strike"],"picked":"Uppercut","floor":2.0},{"not_picked":["Hemokinesis","Iron Wave"],"picked":"Headbutt","floor":7.0},{"not_picked":["Metallicize","True Grit","Sword Boomerang"],"picked":"SKIP","floor":8.0},{"not_picked":["Cleave","Headbutt","Second Wind"],"picked":"SKIP","floor":11.0},{"not_picked":["Headbutt","Bludgeon","Body Slam"],"picked":"SKIP","floor":12.0},{"not_picked":["Thunderclap","Entrench","Rupture"],"picked":"SKIP","floor":13.0},{"not_picked":["Dual Wield","Anger"],"picked":"Inflame","floor":14.0},{"not_picked":["Fiend Fire","Corruption"],"picked":"Feed","floor":16.0},{"not_picked":["Reckless Charge","Sword Boomerang"],"picked":"True Grit+1","floor":18.0},{"not_picked":["Havoc","Wild Strike","Pummel"],"picked":"SKIP","floor":21.0},{"not_picked":["Thunderclap","Twin Strike","Headbutt+1"],"picked":"SKIP","floor":22.0},{"not_picked":["Dual Wield","Cleave","Inflame+1"],"picked":"SKIP","floor":24.0},{"not_picked":["Clothesline","Inflame","Impervious"],"picked":"SKIP","floor":25.0},{"not_picked":["Heavy Blade","Pummel"],"picked":"Ghostly Armor+1","floor":27.0},{"not_picked":["Sword Boomerang","Wild Strike+1","Feel No Pain"],"picked":"SKIP","floor":31.0},{"not_picked":["Bludgeon","Feed"],"picked":"Offering","floor":33.0},{"not_picked":["Ghostly Armor+1","Dark Embrace+1"],"picked":"Heavy Blade+1","floor":35},{"not_picked":["Shrug It Off+1","Anger+1"],"picked":"Infernal Blade+1","floor":37},{"not_picked":["Clash","Thunderclap+1"],"picked":"Sword Boomerang+1","floor":38},{"not_picked":["Flame Barrier","Feed"],"picked":"Flex","floor":42},{"not_picked":["Clash+1","Warcry+1"],"picked":"Iron Wave+1","floor":47}],"player_experience":1193545,"relics_obtained":[{"floor":9.0,"key":"Bag of Preparation"},{"floor":13.0,"key":"Bag of Marbles"},{"floor":25.0,"key":"Omamori"},{"floor":26.0,"key":"Smiling Mask"},{"floor":31.0,"key":"Sundial"},{"floor":42,"key":"InkBottle"},{"floor":43,"key":"The Courier"}],"event_choices":[{"damage_healed":0.0,"max_hp_gain":0.0,"max_hp_loss":0.0,"gold_gain":0.0,"event_name":"Golden Idol","player_choice":"Take Damage","floor":3.0,"gold_loss":0.0,"damage_taken":20.0,"relics_obtained":["Golden Idol"]},{"damage_healed":0.0,"max_hp_gain":5.0,"max_hp_loss":0.0,"gold_gain":0.0,"event_name":"Big Fish","player_choice":"Donut","floor":4.0,"gold_loss":0.0,"damage_taken":0.0},{"cards_removed":["Uppercut"],"damage_healed":0.0,"max_hp_gain":0.0,"max_hp_loss":0.0,"gold_gain":0.0,"event_name":"WeMeetAgain","player_choice":"Gave Card","floor":5.0,"gold_loss":0.0,"damage_taken":0.0,"relics_obtained":["Blood Vial"]},{"damage_healed":0.0,"max_hp_gain":0.0,"max_hp_loss":0.0,"gold_gain":0.0,"event_name":"Ghosts","player_choice":"Ignored","floor":19.0,"gold_loss":0.0,"damage_taken":0.0},{"cards_removed":["Strike_R"],"damage_healed":0.0,"max_hp_gain":0.0,"max_hp_loss":0.0,"gold_gain":0.0,"event_name":"Purifier","player_choice":"Purged","floor":20.0,"gold_loss":0.0,"damage_taken":0.0},{"damage_healed":0.0,"max_hp_gain":0.0,"max_hp_loss":0.0,"gold_gain":0.0,"event_name":"Forgotten Altar","player_choice":"Gave Idol","floor":28.0,"relics_lost":["Golden Idol"],"gold_loss":0.0,"damage_taken":0.0,"relics_obtained":["Bloody Idol"]},{"cards_removed":["Strike_R"],"damage_healed":0.0,"max_hp_gain":0.0,"max_hp_loss":0.0,"gold_gain":0.0,"event_name":"Beggar","player_choice":"Gave Gold","floor":29.0,"gold_loss":75.0,"damage_taken":0.0},{"damage_healed":0,"gold_gain":0,"player_choice":"Upgraded Two","damage_taken":0,"max_hp_gain":0,"max_hp_loss":0,"event_name":"Designer","floor":36,"gold_loss":40,"cards_upgraded":["Defend_R","Headbutt"]},{"damage_healed":0,"gold_gain":0,"player_choice":"Embrace Madness","damage_taken":15,"max_hp_gain":0,"max_hp_loss":0,"event_name":"Winding Halls","floor":39,"gold_loss":0,"cards_obtained":["Madness","Madness"]},{"damage_healed":0,"gold_gain":0,"player_choice":"Memory 1","damage_taken":0,"max_hp_gain":0,"max_hp_loss":0,"event_name":"SensoryStone","floor":44,"gold_loss":0},{"damage_healed":0,"gold_gain":0,"player_choice":"Forge","damage_taken":0,"max_hp_gain":0,"max_hp_loss":0,"event_name":"Accursed Blacksmith","floor":45,"gold_loss":0,"cards_upgraded":["Uppercut"]}],"is_beta":false,"boss_relics":[{"not_picked":["Coffee Dripper","Runic Cube"],"picked":"SlaversCollar"},{"not_picked":["Runic Pyramid","Empty Cage"],"picked":"SacredBark"}],"items_purged_floors":[0],"is_endless":false,"potions_floor_spawned":[1,13,14,16,18,24,25,27,31,37,47],"ascension_level":0}}