{"host":"yekvm0llnambltim","time":1608556318,"event":{"mods":["Act Like it!","BaseMod","CapriCore","Challenge The Spire","Minty Spire (QoL Compilation)","MostiFishMod","Quick Restart","Relic Stats","Replay The Spire","Spicy Shops","StSLib","Waifu the Spire","¡¾ÒÅÎï¿¨ÅÆ¡¿REMEMod"],"gold_per_floor":[114,114,128,203,203,203,128,145,145,155,182,182,197,212,212,283,283,301,301,351,366,380,415,456,468,480,492,519,544,587,599,611,702,714,739,751,783,270,270,301,329,329,354,381,117,146,161,181,181,181,181,181,181,37,71,71],"floor_reached":57,"playtime":1408,"items_purged":["Strike_P","Eruption"],"score":3295,"play_id":"9a33407c-44e9-482e-a9ce-d108eeb0bc84","local_time":"20201221211158","is_ascension_mode":true,"campfire_choices":[{"data":"MostiFishMod:404NotFound","floor":6.0,"key":"SMITH"},{"data":"Tantrum","floor":12.0,"key":"SMITH"},{"data":"Strike_P","floor":15.0,"key":"PURGE"},{"data":"MostiFishMod:Zero-Sum","floor":25.0,"key":"SMITH"},{"data":"MostiFishMod:Dust","floor":27.0,"key":"SMITH"},{"floor":32.0,"key":"REST"},{"floor":42,"key":"RECALL"},{"data":"Evaluate","floor":49,"key":"SMITH"},{"data":"ThirdEye","floor":53,"key":"SMITH"}],"circlet_count":0,"master_deck":["AscendersBane","Vigilance","MostiFishMod:404NotFound+1","Tantrum+1","Adaptation","Replay:BluntJabs","ThirdEye+1","MostiFishMod:Dust+1","MostiFishMod:KamiSmash+1","Judgement","MostiFishMod:LegendTransform","Evaluate+1","Madness","Madness","Alpha+1"],"relics":["PureWater","DaveBox","REME_ComplimentaryCards","Question Card","Pear","Bag of Preparation","ImportantClient","Pandora\u0027s Box","MawBank","Red Mask","MealTicket","Ring of Chaos","Replay:Towering Pillar of Hats","Replay:PocketPolymizer","WingedGreaves","Turnip","Blood Vial","PreservedInsect","Guide Book","Replay:Bottled Steam","Ying","Mercury Hourglass"],"acts_visited":["Exordium","TheCity","TheBeyond","TheEnding"],"potions_floor_usage":[51],"damage_taken":[{"damage":0.0,"enemies":"2 Louse","floor":1.0,"turns":2.0},{"damage":3.0,"enemies":"Small Slimes","floor":3.0,"turns":2.0},{"damage":0.0,"enemies":"Cultist","floor":8.0,"turns":2.0},{"damage":0.0,"enemies":"2 Fungi Beasts","floor":10.0,"turns":1.0},{"damage":0.0,"enemies":"Gremlin Nob","floor":11.0,"turns":2.0},{"damage":0.0,"enemies":"Blue Slaver","floor":13.0,"turns":1.0},{"damage":0.0,"enemies":"Exordium Thugs","floor":14.0,"turns":2.0},{"damage":0.0,"enemies":"Slime Boss","floor":16.0,"turns":1.0},{"damage":0.0,"enemies":"2 Thieves","floor":18.0,"turns":1.0},{"damage":0.0,"enemies":"Spheric Guardian","floor":21.0,"turns":1.0},{"damage":0.0,"enemies":"3 Cultists","floor":22.0,"turns":1.0},{"damage":7.0,"enemies":"Book of Stabbing","floor":23.0,"turns":2.0},{"damage":0.0,"enemies":"Masked Bandits","floor":24.0,"turns":1.0},{"damage":0.0,"enemies":"Chosen and Byrds","floor":28.0,"turns":1.0},{"damage":0.0,"enemies":"Snake Plant","floor":29.0,"turns":2.0},{"damage":0.0,"enemies":"Replay:Snechameleon","floor":30.0,"turns":1.0},{"damage":6.0,"enemies":"Champ","floor":33.0,"turns":2.0},{"damage":0.0,"enemies":"Orb Walker","floor":35.0,"turns":1.0},{"damage":7.0,"enemies":"3 Shapes","floor":37.0,"turns":1.0},{"damage":0.0,"enemies":"Nemesis","floor":40.0,"turns":1.0},{"damage":13,"enemies":"Giant Head","floor":41,"turns":3},{"damage":0,"enemies":"R_Hoarder","floor":44,"turns":1},{"damage":0,"enemies":"Reptomancer","floor":46,"turns":2},{"damage":7,"enemies":"Sphere and 2 Shapes","floor":47,"turns":1},{"damage":0,"enemies":"Maw","floor":48,"turns":2},{"damage":32,"enemies":"Awakened One","floor":50,"turns":3},{"damage":38,"enemies":"Time Eater","floor":51,"turns":3},{"damage":24,"enemies":"Shield and Spear","floor":55,"turns":2},{"damage":2,"enemies":"The Heart","floor":56,"turns":1}],"seed_played":"-4106254575084220774","potions_obtained":[{"floor":3.0,"key":"Adrenaline Potion"},{"floor":8.0,"key":"Weak Potion"},{"floor":11.0,"key":"Swift Potion"},{"floor":18.0,"key":"Venom Potion"},{"floor":29.0,"key":"DistilledChaos"},{"floor":35.0,"key":"FearPotion"},{"floor":37.0,"key":"LiquidMemories"},{"floor":55,"key":"PowerPotion"}],"is_trial":false,"path_per_floor":["M","?","M","?","?","R","$","M","T","M","E","R","M","M","R","B",null,"M","?","?","M","M","E","?","R","T","R","M","M","E","?","R","B",null,"M","?","M","$","?","E","E","R","T","E","$","E","M","M","R","B","B",null,"R","$","E","B",null],"character_chosen":"WATCHER","items_purchased":["Replay:Towering Pillar of Hats","Replay:PocketPolymizer","PreservedInsect","Guide Book","Ying"],"campfire_rested":1,"item_purchase_floors":[38,38,45,45,54],"current_hp_per_floor":[67,72,69,58,58,58,58,58,68,68,68,68,68,68,68,68,84,84,58,49,49,49,42,42,42,42,42,42,42,42,42,70,64,87,87,70,63,78,78,78,65,65,65,65,80,82,77,79,79,49,13,74,74,89,67,67],"gold":71,"neow_bonus":"TEN_PERCENT_HP_BONUS","is_daily":false,"chose_seed":false,"campfire_upgraded":6,"win_rate":0.0,"timestamp":1608556318,"path_taken":["M","?","M","?","?","R","$","M","T","M","E","R","M","?","R","BOSS","M","?","?","M","?","E","?","R","T","R","M","M","E","?","R","BOSS","M","?","M","$","?","E","E","R","T","E","$","E","?","M","R","BOSS","BOSS","R","$","E","BOSS"],"items_purchased_type":["Relic","Relic","Relic","Relic","Relic"],"build_version":"2020-12-13","purchased_purges":2,"victory":true,"max_hp_per_floor":[74,79,79,79,79,79,79,79,89,89,89,89,89,89,89,89,89,89,94,94,94,94,94,94,94,94,94,94,94,94,94,94,94,94,94,94,94,94,94,94,94,94,94,94,94,94,94,94,94,94,94,94,94,94,94,94],"relic_stats":{"Blood Vial":14,"counters":[29,46],"Pandora\u0027s Box":["Replay:BluntJabs","ThirdEye","MostiFishMod:Dust","MostiFishMod:KamiSmash","Judgement"],"MealTicket":45,"Turnip":[6],"PreservedInsect":138,"Bag of Preparation":[48],"Question Card":27,"MawBank":180,"obtain_stats":[{"Pear":9,"Replay:PocketPolymizer":38,"Ying":54,"DaveBox":0,"Replay:Towering Pillar of Hats":38,"Guide Book":45,"Ring of Chaos":34,"PreservedInsect":45,"Bag of Preparation":11,"Question Card":1,"MawBank":23,"Mercury Hourglass":55,"Blood Vial":44,"Pandora\u0027s Box":17,"MealTicket":30,"WingedGreaves":40,"Turnip":41,"Red Mask":24,"PureWater":0,"REME_ComplimentaryCards":0,"ImportantClient":16,"Replay:Bottled Steam":46},{"Pear":3,"Replay:PocketPolymizer":19,"Ying":27,"DaveBox":0,"Replay:Towering Pillar of Hats":19,"Guide Book":22,"Ring of Chaos":17,"PreservedInsect":22,"Bag of Preparation":5,"Question Card":1,"MawBank":12,"Mercury Hourglass":28,"Blood Vial":22,"Pandora\u0027s Box":8,"MealTicket":16,"WingedGreaves":20,"Turnip":21,"Red Mask":13,"PureWater":0,"REME_ComplimentaryCards":0,"ImportantClient":8,"Replay:Bottled Steam":23},{"Pear":6,"Replay:PocketPolymizer":27,"Ying":43,"DaveBox":0,"Replay:Towering Pillar of Hats":27,"Guide Book":32,"Ring of Chaos":25,"PreservedInsect":32,"Bag of Preparation":9,"Question Card":2,"MawBank":18,"Mercury Hourglass":45,"Blood Vial":32,"Pandora\u0027s Box":13,"MealTicket":23,"WingedGreaves":28,"Turnip":31,"Red Mask":19,"PureWater":0,"REME_ComplimentaryCards":0,"ImportantClient":13,"Replay:Bottled Steam":34}],"Mercury Hourglass":[3]},"card_choices":[{"not_picked":["Protect","ForeignInfluence"],"picked":"Tantrum","floor":1.0},{"not_picked":["REME_MusicOfDeath","CutThroughFate","Vengeance","SignatureMove"],"picked":"SKIP","floor":3.0},{"not_picked":["SashWhip","Replay:AtTheReady","Protect","Crescendo"],"picked":"SKIP","floor":8.0},{"not_picked":["EmptyBody","FlyingSleeves","Replay:AtTheReady","Replay:Hum"],"picked":"SKIP","floor":10.0},{"not_picked":["Nirvana","Replay:Hum","Indignation","SignatureMove"],"picked":"SKIP","floor":11.0},{"not_picked":["Crescendo","ThirdEye","SandsOfTime"],"picked":"Adaptation","floor":13.0},{"not_picked":["PathToVictory","REME_Repentance","Weave","Replay:Cycle"],"picked":"SKIP","floor":14.0},{"not_picked":["MostiFishMod:DisColor","Alpha","Replay:LoomingThreat"],"picked":"MostiFishMod:Zero-Sum","floor":16.0},{"not_picked":["Worship","Replay:ManipulateFuture","EmptyFist","Replay:Cycle"],"picked":"SKIP","floor":18.0},{"not_picked":["FlyingSleeves","Protect+1","BowlingBash","Replay:AtTheReady+1"],"picked":"SKIP","floor":21.0},{"not_picked":["BattleHymn+1","Indignation","Conclude","Worship+1"],"picked":"SKIP","floor":22.0},{"not_picked":["SashWhip","Replay:Vibes","WaveOfTheHand","Replay:Battleflow"],"picked":"SKIP","floor":23.0},{"not_picked":["REME_MusicOfDeath","Replay:ManipulateFuture","FlurryOfBlows"],"picked":"MostiFishMod:LegendTransform","floor":24.0},{"not_picked":["Protect","DeceiveReality+1","WindmillStrike","Adaptation"],"picked":"SKIP","floor":28.0},{"not_picked":["REME_Repentance","Perseverance","JustLucky"],"picked":"Evaluate","floor":29.0},{"not_picked":["Replay:BluntJabs","SpiritShield","SashWhip","Nirvana"],"picked":"SKIP","floor":30.0},{"not_picked":["Replay:AtTheReady+1","Replay:DivineShield","Replay:Cycle","BowlingBash"],"picked":"SKIP","floor":35.0},{"not_picked":["Replay:ManipulateFuture","Halt+1","ReachHeaven","Replay:BluntJabs"],"picked":"SKIP","floor":37.0},{"not_picked":["MentalFortress","SignatureMove+1","Indignation","MostiFishMod:StarOceanP"],"picked":"SKIP","floor":40.0},{"not_picked":["EmptyBody","BowlingBash","MostiFishMod:Speedup","FlurryOfBlows"],"picked":"SKIP","floor":41},{"not_picked":["Worship","MostiFishMod:LegendTransform","ThirdEye","REME_Repentance+1"],"picked":"SKIP","floor":44},{"not_picked":["MostiFishMod:Unraveling","PathToVictory","Replay:Battleflow","Protect+1"],"picked":"SKIP","floor":46},{"not_picked":["ForeignInfluence","Replay:BluntJabs+1","Replay:DivineShield","MentalFortress+1"],"picked":"SKIP","floor":47},{"not_picked":["Protect","Halt","Prostrate","EmptyMind+1"],"picked":"SKIP","floor":48},{"not_picked":["Crescendo","EmptyFist+1","REME_Repentance","PathToVictory"],"picked":"SKIP","floor":55}],"player_experience":293391,"relics_obtained":[{"floor":1.0,"key":"Question Card"},{"floor":9.0,"key":"Pear"},{"floor":11.0,"key":"Bag of Preparation"},{"floor":16.0,"key":"ImportantClient"},{"floor":23.0,"key":"MawBank"},{"floor":24.0,"key":"Red Mask"},{"floor":30.0,"key":"MealTicket"},{"floor":40.0,"key":"WingedGreaves"},{"floor":41,"key":"Turnip"},{"floor":44,"key":"Blood Vial"},{"floor":46,"key":"Replay:Bottled Steam"},{"floor":55,"key":"Mercury Hourglass"}],"event_choices":[{"damage_healed":0.0,"max_hp_gain":5.0,"max_hp_loss":0.0,"gold_gain":0.0,"event_name":"Big Fish","player_choice":"Donut","floor":2.0,"gold_loss":0.0,"damage_taken":0.0},{"damage_healed":0.0,"max_hp_gain":0.0,"max_hp_loss":0.0,"gold_gain":75.0,"event_name":"World of Goop","player_choice":"Gather Gold","floor":4.0,"gold_loss":0.0,"damage_taken":11.0},{"cards_removed":["Strike_P"],"damage_healed":0.0,"max_hp_gain":0.0,"max_hp_loss":0.0,"gold_gain":0.0,"event_name":"Bonfire Elementals","player_choice":"Offered Basic","floor":5.0,"gold_loss":0.0,"damage_taken":0.0},{"damage_healed":0.0,"max_hp_gain":5.0,"max_hp_loss":0.0,"gold_gain":0.0,"event_name":"Forgotten Altar","player_choice":"Shed Blood","floor":19.0,"gold_loss":0.0,"damage_taken":31.0},{"damage_healed":0.0,"max_hp_gain":0.0,"max_hp_loss":0.0,"gold_gain":50.0,"event_name":"FaceTrader","player_choice":"Touch","floor":20.0,"gold_loss":0.0,"damage_taken":9.0},{"damage_healed":0.0,"max_hp_gain":0.0,"max_hp_loss":0.0,"gold_gain":0.0,"event_name":"Masked Bandits","player_choice":"Fought Bandits","floor":24.0,"gold_loss":0.0,"damage_taken":0.0},{"damage_healed":0.0,"max_hp_gain":0.0,"max_hp_loss":0.0,"gold_gain":0.0,"event_name":"Winding Halls","player_choice":"Embrace Madness","floor":36.0,"gold_loss":0.0,"damage_taken":17.0,"cards_obtained":["Madness","Madness"]},{"damage_healed":0.0,"max_hp_gain":0.0,"max_hp_loss":0.0,"gold_gain":0.0,"event_name":"Match and Keep!","player_choice":"1 cards matched","floor":39.0,"gold_loss":0.0,"damage_taken":0.0,"cards_obtained":["Alpha"]}],"is_beta":false,"boss_relics":[{"not_picked":["EE1DDrone","RhineFirstAidKit"],"picked":"Pandora\u0027s Box"},{"not_picked":["TimeKeys","Honey Jar"],"picked":"Ring of Chaos"}],"items_purged_floors":[7,54],"is_endless":false,"potions_floor_spawned":[3,8,11,13,18,24,28,29,35,37,48,55],"ascension_level":20}}