{"host":"ymw71f7rc9ndansy","time":1608528088,"event":{"mods":["ATMod(°¢èªMod)","Aspiration","BaseMod","DeckTracker","Hubris","Library of Ruina","Library of Ruina Extra","Lobotomy","LobotomyExtend","Minty Spire (QoL Compilation)","MostiFishMod","Remove Card Discount Mod","Replay The Spire","StSLib","TestMod","¡¾ÒÅÎï¿¨ÅÆ¡¿REMEMod"],"gold_per_floor":[113,107,107,507,518,543,543,574,600,612,612,612,622,633,633,730,730,747,846,580,580,600,600,614,630,712,732,763,763,780,806,806,904,904,919,730,730,744,140,140,140,154,229,247,264,264,291,306,306,306,306,306,306,153,184,184],"floor_reached":57,"playtime":1439,"items_purged":["SpecialBullet","SpecialBullet","SpecialBullet","SpecialBullet","SpecialBullet","SpecialBullet","SpecialBullet","SpecialBullet","BigBadWolf","AT_MachinaRedman","Hypocrisy","InformationCode","DespairKnight"],"score":1780,"play_id":"e1530929-e914-4054-b61e-997d5097c0eb","local_time":"20201221132128","is_ascension_mode":true,"campfire_choices":[{"floor":49,"key":"RECALL"}],"circlet_count":0,"master_deck":["LongBird","Apo_Pray","Apo_SoulSlash","Apo_Charge","Apo_Charge","HereticApostle","Apo_Charge","Apo_Beam","Apo_Beam","Apo_Beam","Apo_Execute","Apo_Slash","Apo_Slash","Apo_SoulSlash","TT2Protocol","LifeForTheDareDevil","PunishingBird","SummonCall","Christmas+1","WhiteNight"],"relics":["CogitoBucket","RabbitCall","testmod-TestBox","DaveBox","REME_ComplimentaryCards","xbg","testmod-GiftOfSatan","Incense Burner","Question Card","Pen Nib","testmod-InjuryResistance","Anchor","Replay:Rubber Ducky","FleshIdol","ImportantClient","Coffee Dripper","hubris:CrystalStatue","BackwardClock","ImprovedEquipment","Oddly Smooth Stone","ReplayTheSpireMod:DimensionalGlitch","AtMidnight","TreeSap","Ying","ApostleMask","AT_TimeSand","BrkXgEgg","hubris:Reverence","REME_HourglassOfDeath","Meat on the Bone","ClockworkSouvenir","AT_ImmortalShieldbow","Justitia_r"],"acts_visited":["Exordium","TheCity","TheBeyond","TheEnding"],"potions_floor_usage":[],"damage_taken":[{"damage":0.0,"enemies":"2 Louse","floor":1.0,"turns":1.0},{"damage":0.0,"enemies":"Jaw Worm","floor":5.0,"turns":1.0},{"damage":0.0,"enemies":"Gremlin Nob","floor":6.0,"turns":2.0},{"damage":10.0,"enemies":"3 Sentries","floor":8.0,"turns":2.0},{"damage":0.0,"enemies":"Cultist","floor":10.0,"turns":2.0},{"damage":7.0,"enemies":"2 Fungi Beasts","floor":13.0,"turns":1.0},{"damage":0.0,"enemies":"Large Slime","floor":14.0,"turns":1.0},{"damage":15.0,"enemies":"Hexaghost","floor":16.0,"turns":3.0},{"damage":0.0,"enemies":"Shell Parasite","floor":18.0,"turns":2.0},{"damage":5.0,"enemies":"3 Byrds","floor":22.0,"turns":2.0},{"damage":19.0,"enemies":"Sentry and Sphere","floor":24.0,"turns":2.0},{"damage":0.0,"enemies":"Snecko","floor":25.0,"turns":2.0},{"damage":0.0,"enemies":"Cultist and Chosen","floor":27.0,"turns":2.0},{"damage":0.0,"enemies":"Book of Stabbing","floor":28.0,"turns":2.0},{"damage":0.0,"enemies":"Shelled Parasite and Fungi","floor":30.0,"turns":1.0},{"damage":6.0,"enemies":"Replay:Snechameleon","floor":31.0,"turns":2.0},{"damage":0.0,"enemies":"Automaton","floor":33.0,"turns":4.0},{"damage":0.0,"enemies":"3 Darklings","floor":35.0,"turns":3.0},{"damage":0.0,"enemies":"Orb Walker","floor":38.0,"turns":1.0},{"damage":0.0,"enemies":"Transient","floor":42.0,"turns":4.0},{"damage":0.0,"enemies":"Spire Growth","floor":44.0,"turns":1.0},{"damage":0.0,"enemies":"Sphere and 2 Shapes","floor":45.0,"turns":1.0},{"damage":0.0,"enemies":"R_Hoarder","floor":47.0,"turns":2.0},{"damage":0.0,"enemies":"3 Darklings","floor":48.0,"turns":1.0},{"damage":4,"enemies":"Time Eater","floor":50,"turns":3},{"damage":0,"enemies":"Shield and Spear","floor":55,"turns":2},{"damage":38,"enemies":"The Heart","floor":56,"turns":5}],"seed_played":"-641730981487784053","potions_obtained":[{"floor":5.0,"key":"DistilledChaos"}],"is_trial":false,"path_per_floor":["M","$","?","?","M","E","R","E","T","M","?","R","M","M","R","B",null,"M","?","$","?","M","R","M","M","T","M","E","R","M","E","R","B",null,"M","$","M","M","$","R","?","M","T","M","M","R","E","M","R","B",null,null,"R","$","E","B",null],"character_chosen":"Angela","items_purchased":["hubris:CrystalStatue","GreenStem+1","Ying","testmod-PainDetonator","AT_TimeSand","BrkXgEgg","hubris:Reverence","Fruit Juice","ClockworkSouvenir","AttackPotion"],"campfire_rested":0,"item_purchase_floors":[20,20,36,36,39,39,39,39,54,54],"current_hp_per_floor":[63,63,68,68,73,73,73,69,69,78,63,63,56,56,56,83,83,88,88,88,88,95,95,76,102,102,102,102,102,102,109,109,116,116,116,116,116,116,116,116,116,116,116,116,116,116,116,116,116,112,112,112,112,112,112,74],"gold":184,"neow_bonus":"ONE_RARE_RELIC","is_daily":false,"chose_seed":false,"campfire_upgraded":0,"win_rate":0.0,"timestamp":1608528088,"path_taken":["M","$","?","?","M","E","R","E","T","M","?","R","M","?","R","BOSS","M","?","$","?","?","R","M","M","T","M","E","R","M","E","R","BOSS","M","$","M","M","$","R","?","M","T","M","M","R","E","M","R","BOSS","R","$","E","BOSS"],"items_purchased_type":["Relic","Card","Relic","Card","Relic","Relic","Relic","Potion","Relic","Potion"],"build_version":"2020-12-13","purchased_purges":13,"victory":true,"max_hp_per_floor":[63,63,68,68,73,73,73,73,73,78,78,78,78,78,78,83,83,88,88,88,88,95,95,95,102,102,102,102,102,102,109,109,116,116,116,116,116,116,116,116,116,116,116,116,116,116,123,123,123,123,123,123,123,123,123,123],"card_choices":[{"not_picked":["CrumblingArmor","Scorched"],"picked":"DespairKnight","floor":1.0},{"not_picked":["Lantern","Penitence"],"picked":"SKIP","floor":1.0},{"not_picked":["christmas-Famine","christmas-Death","christmas-Plague"],"picked":"christmas-War","floor":5.0},{"not_picked":["SwordSharpenedByTears","Laetitia_ego"],"picked":"Hypocrisy","floor":5.0},{"not_picked":["SingingMachine","BigBird"],"picked":"LongBird","floor":5.0},{"not_picked":["christmas-Plague","christmas-Death","christmas-War"],"picked":"christmas-Famine","floor":6.0},{"not_picked":["ParadiseLost","RedEyes","Tough"],"picked":"SKIP","floor":6.0},{"not_picked":["christmas-War","christmas-Famine","christmas-Death"],"picked":"christmas-Plague","floor":8.0},{"not_picked":["BlueScar","Wingbeat","Hypocrisy"],"picked":"SKIP","floor":8.0},{"not_picked":["FourthMatchFlame","Laetitia_ego","Noise"],"picked":"SKIP","floor":10.0},{"not_picked":["Hornet","Loneliness","BlackSwan_ego"],"picked":"SKIP","floor":13.0},{"not_picked":["BearPaw","Tough","Amita"],"picked":"SKIP","floor":14.0},{"not_picked":["Bloodbath","GalaxyChild"],"picked":"BigBadWolf","floor":16.0},{"not_picked":["Spore","Harmony","Penitence"],"picked":"SKIP","floor":18.0},{"not_picked":["BearPaw+1","Adoration","SomewhereSpear+1"],"picked":"SKIP","floor":22.0},{"not_picked":["Lantern+1","BlueScar","FourthMatchFlame"],"picked":"SKIP","floor":24.0},{"not_picked":["CherryBlossom","Lamp","Beak+1"],"picked":"SKIP","floor":25.0},{"not_picked":["Tough","Pleasure","RedEyes"],"picked":"SKIP","floor":27.0},{"not_picked":["Harmony","Wingbeat","GreenStem"],"picked":"SKIP","floor":28.0},{"not_picked":["Lantern","SomewhereSpear","Horn"],"picked":"SKIP","floor":30.0},{"not_picked":["CherryBlossom","Tough+1","GrinderMk4"],"picked":"SKIP","floor":31.0},{"not_picked":["BodiesMountain","Funeral"],"picked":"WhiteNight","floor":33.0},{"not_picked":["Mimicry","ParadiseLost"],"picked":"SoundOfStar","floor":33.0},{"not_picked":["TodaysExpression+1","Diffraction"],"picked":"GoldRush","floor":35.0},{"not_picked":["BlackSwan_ego","ShedSkin+1","SolemnVow+1"],"picked":"SKIP","floor":38.0},{"not_picked":["CUTE","LifeForTheDareDevil","Hornet+1"],"picked":"SKIP","floor":42.0},{"not_picked":["CUTE","Hornet+1"],"picked":"LifeForTheDareDevil","floor":42.0},{"not_picked":["Noise+1","Loneliness+1","RedEyes"],"picked":"SKIP","floor":44.0},{"not_picked":["BlueStar","DespairKnight"],"picked":"PunishingBird","floor":45.0},{"not_picked":["Lamp+1","ScreamingWedge+1","SomewhereSpear+1"],"picked":"SKIP","floor":45.0},{"not_picked":["DespairKnight","CENSORED"],"picked":"LongBird","floor":47.0},{"not_picked":["RedEyes","Wingbeat","InTheNameOfLoveAndHate"],"picked":"SKIP","floor":47.0},{"not_picked":["Amita","Beak+1"],"picked":"Christmas+1","floor":48.0},{"not_picked":["BlackArmy","Alriune"],"picked":"WhiteNight","floor":55},{"not_picked":["Wingbeat+1","Gaze+1","Beak"],"picked":"SKIP","floor":55}],"player_experience":1021012,"relics_obtained":[{"floor":1.0,"key":"Question Card"},{"floor":6.0,"key":"Pen Nib"},{"floor":8.0,"key":"testmod-InjuryResistance"},{"floor":9.0,"key":"Anchor"},{"floor":16.0,"key":"ImportantClient"},{"floor":28.0,"key":"ImprovedEquipment"},{"floor":31.0,"key":"Oddly Smooth Stone"},{"floor":35.0,"key":"AtMidnight"},{"floor":43.0,"key":"REME_HourglassOfDeath"},{"floor":47.0,"key":"Meat on the Bone"},{"floor":55,"key":"AT_ImmortalShieldbow"}],"event_choices":[{"damage_healed":0.0,"max_hp_gain":5.0,"max_hp_loss":0.0,"gold_gain":0.0,"event_name":"Big Fish","player_choice":"Donut","floor":3.0,"gold_loss":0.0,"damage_taken":0.0},{"damage_healed":0.0,"max_hp_gain":0.0,"max_hp_loss":0.0,"gold_gain":400.0,"event_name":"¶÷ÂåË¹µÄÅÌ×Ó","player_choice":"Sell","floor":4.0,"relics_lost":["AT_ATBox"],"gold_loss":0.0,"damage_taken":0.0},{"damage_healed":0.0,"max_hp_gain":0.0,"max_hp_loss":0.0,"gold_gain":0.0,"event_name":"Scrap Ooze","player_choice":"Success","floor":11.0,"gold_loss":0.0,"damage_taken":25.0,"relics_obtained":["Replay:Rubber Ducky"]},{"damage_healed":0.0,"max_hp_gain":0.0,"max_hp_loss":0.0,"gold_gain":99.0,"event_name":"Nest","player_choice":"Stole From Cult","floor":19.0,"gold_loss":0.0,"damage_taken":0.0},{"cards_removed":["christmas-Plague"],"damage_healed":5.0,"max_hp_gain":0.0,"max_hp_loss":0.0,"gold_gain":0.0,"event_name":"Bonfire Elementals","player_choice":"Offered Special","floor":21.0,"gold_loss":0.0,"damage_taken":0.0},{"cards_removed":["Apo_Pray"],"damage_healed":0.0,"max_hp_gain":0.0,"max_hp_loss":0.0,"gold_gain":0.0,"event_name":"Falling","player_choice":"Removed Skill","floor":41.0,"gold_loss":0.0,"damage_taken":0.0}],"is_beta":false,"boss_relics":[{"not_picked":["NightmareShop","Honey Jar"],"picked":"Coffee Dripper"},{"not_picked":["testmod-Nine","Velvet Choker"],"picked":"ReplayTheSpireMod:DimensionalGlitch"}],"items_purged_floors":[2,2,2,20,20,20,20,20,20,20,20,36,36],"is_endless":false,"potions_floor_spawned":[5,10,14,22,25,27,33,44,48],"ascension_level":5}}