{"host":"evas95mgssit1md2","time":1608558626,"event":{"mods":["AchievementEnabler","BaseMod","Downfall","Hubris","Minty Spire (QoL Compilation)","Replay The Spire","StSLib"],"gold_per_floor":[0,0,33,45,45,79,149,180,180,180,206,56,76,87,101,203,203,128,128,162,262,281,281,281,281,292,319,64,64,74,74,89,187,187,187,204,218,233,248,273,273,289,139,164,182,182,0,29,45,45,45,77,20,20,20],"floor_reached":56,"playtime":5622,"items_purged":["Guardian:Strike_Guardian","hubris:Sloth"],"score":1230,"play_id":"e9aaacff-f3d5-4104-8a2f-3ef6cabd5cf7","local_time":"20201221075026","is_ascension_mode":true,"campfire_choices":[{"floor":1.0,"key":"DIG"},{"data":"Guardian:BronzeArmor","floor":5.0,"key":"SMITH"},{"data":"Replay:GuardianBash","floor":10.0,"key":"SMITH"},{"data":"Body Slam","floor":18.0,"key":"SMITH"},{"data":"Guardian:PrismaticBarrier","floor":25.0,"key":"SMITH"},{"floor":35.0,"key":"RECALL"},{"data":"Guardian:FloatingOrbs","floor":43,"key":"SMITH"},{"data":"Guardian:PolyBeam","floor":54,"key":"SMITH"}],"circlet_count":0,"master_deck":["Guardian:Strike_Guardian","Guardian:Strike_Guardian","Guardian:Strike_Guardian","Guardian:Defend_Guardian","Guardian:Defend_Guardian","Guardian:Defend_Guardian","Guardian:Defend_Guardian","Guardian:TwinSlam","Guardian:BronzeArmor+1","Guardian:TimeBomb","Guardian:TemporalShield","Replay:GuardianBash+1","Guardian:BronzeOrb","Guardian:BronzeOrb","Body Slam+1","Guardian:PrismaticBarrier+1","Guardian:FloatingOrbs+1","Guardian:TemporalShield","Shame","Madness","Madness","Replay:SS_fish_3","Guardian:PolyBeam+1","Guardian:GemFire","ReplayTheSpireMod:Muscle Training","Spot Weakness","expansioncontent:DefensiveStance","ReplayTheSpireMod:Muscle Training+1","Guardian:RefractedBeam","Guardian:FloatingOrbs","hubris:EnhanceAbility","Guardian:PrimingBeam+1","Guardian:DecasProtection+1","Guardian:Gem_Red","Guardian:FloatingOrbs","Heavy Blade+1","Guardian:ArmoredProtocol+1"],"relics":["Turnip","Garlic","hubris:Towel","Strawberry","Replay:Rubber Ducky","ReplayTheSpireMod:Shallot","hubris:GlazedTorus","m_GuardianBlood","Ring of Chaos","downfall:HeartBlessingBlue","Mirror","hubris:DeckOfHolding","Mummified Hand","Meat on the Bone","DollysMirror","Ornamental Fan","Replay:WaspNest","ChewingGum","Pet Ghost","Darkstone Periapt","downfall:HeartBlessingGreen","downfall:HeartBlessingRed","Replay:Accelerometer","Membership Card","Replay:Kaleidoscope","Orrery","hubris:Metronome","ReplayTheSpireMod:CursedCoin","hubris:Spice"],"acts_visited":["TheEnding"],"potions_floor_usage":[38,39,55],"damage_taken":[{"damage":41.0,"enemies":"Lagavulin","floor":3.0,"turns":8.0},{"damage":2.0,"enemies":"Small Slimes","floor":4.0,"turns":4.0},{"damage":3.0,"enemies":"Replay:BlueRogue","floor":6.0,"turns":6.0},{"damage":13.0,"enemies":"Gremlin Nob","floor":8.0,"turns":5.0},{"damage":0.0,"enemies":"downfall:FleeingMerchant","floor":12.0,"turns":4.0},{"damage":3.0,"enemies":"Jaw Worm","floor":13.0,"turns":3.0},{"damage":0.0,"enemies":"2 Louse","floor":14.0,"turns":2.0},{"damage":0.0,"enemies":"Red Slaver","floor":15.0,"turns":3.0},{"damage":42.0,"enemies":"downfall:CharBossSilent","floor":16.0,"turns":9.0},{"damage":25.0,"enemies":"Slavers","floor":20.0,"turns":6.0},{"damage":3.0,"enemies":"Spheric Guardian","floor":22.0,"turns":5.0},{"damage":31.0,"enemies":"Cultist and Chosen","floor":26.0,"turns":6.0},{"damage":7.0,"enemies":"Book of Stabbing","floor":27.0,"turns":5.0},{"damage":0.0,"enemies":"downfall:FleeingMerchant","floor":28.0,"turns":4.0},{"damage":7.0,"enemies":"Shelled Parasite and Fungi","floor":30.0,"turns":4.0},{"damage":5.0,"enemies":"Snecko","floor":32.0,"turns":5.0},{"damage":27.0,"enemies":"downfall:CharBossDefect","floor":33.0,"turns":5.0},{"damage":29.0,"enemies":"3 Shapes","floor":36.0,"turns":5.0},{"damage":0.0,"enemies":"Orb Walker","floor":37.0,"turns":3.0},{"damage":15,"enemies":"Writhing Mass","floor":38,"turns":5},{"damage":25,"enemies":"Sphere and 2 Shapes","floor":39,"turns":4},{"damage":45,"enemies":"Nemesis","floor":40,"turns":5},{"damage":1,"enemies":"Jaw Worm Horde","floor":42,"turns":4},{"damage":1,"enemies":"R_Hoarder","floor":44,"turns":6},{"damage":52,"enemies":"4 Shapes","floor":45,"turns":3},{"damage":1,"enemies":"downfall:FleeingMerchant","floor":47,"turns":4},{"damage":4,"enemies":"downfall:FleeingMerchant","floor":48,"turns":2},{"damage":1,"enemies":"3 Darklings","floor":49,"turns":5},{"damage":0,"enemies":"downfall:CharBossWatcher","floor":50,"turns":1},{"damage":25,"enemies":"downfall:CharBossMerchant","floor":52,"turns":7},{"damage":6,"enemies":"downfall:NeowBoss","floor":55,"turns":14}],"seed_played":"3369269779507295724","potions_obtained":[{"floor":3.0,"key":"Dexterity Potion"},{"floor":4.0,"key":"Guardian:StasisDiscoveryPotion"},{"floor":8.0,"key":"Dexterity Potion"},{"floor":15.0,"key":"Strength Potion"},{"floor":16.0,"key":"Adrenaline Potion"},{"floor":26.0,"key":"Cursed Concoction"},{"floor":30.0,"key":"DistilledChaos"},{"floor":33.0,"key":"Guardian:BlockOnCardUsePotion"},{"floor":39,"key":"Elixir"},{"floor":40,"key":"Elixir"},{"floor":49,"key":"Regen Potion"}],"is_trial":false,"path_per_floor":["R","?","E","M","R","E","T","E","?","R","T","$","M","M","M","B",null,"R","?","E","?","M","?","T","R","M","E","$","?","M","T","M","B",null,"R","M","M","M","M","E","T","M","R","E","M","?","$","$","M","B",null,"E","$","R","B",null],"character_chosen":"GUARDIAN","items_purchased":["Guardian:BronzeOrb","DollysMirror","Replay:SS_fish_3","Membership Card","Guardian:RefractedBeam","Replay:Kaleidoscope","hubris:EnhanceAbility","Orrery","ReplayTheSpireMod:CursedCoin","hubris:Spice"],"campfire_rested":0,"item_purchase_floors":[12,28,28,47,47,48,48,48,53,53],"current_hp_per_floor":[80,80,46,44,44,41,41,28,28,28,28,34,37,43,49,13,87,97,97,78,78,81,81,81,81,56,55,61,61,60,60,61,52,97,97,74,80,71,64,37,37,54,54,59,25,25,42,56,61,67,97,78,92,92,92],"gold":20,"neow_bonus":"ONE_RARE_RELIC","is_daily":false,"chose_seed":false,"campfire_upgraded":6,"win_rate":0.0,"timestamp":1608558626,"path_taken":["R","?","E","M","R","E","T","E","?","R","?","?","?","M","M","BOSS","R","?","E","?","?","?","T","R","M","E","$","?","?","?","M","BOSS","R","?","M","M","M","E","T","M","R","E","M","?","$","$","M","BOSS","E","$","R","BOSS"],"items_purchased_type":["Card","Relic","Card","Relic","Card","Relic","Card","Relic","Relic","Relic"],"build_version":"2020-12-13","purchased_purges":2,"victory":true,"max_hp_per_floor":[80,80,87,87,87,87,87,87,87,87,87,87,87,87,87,87,87,97,97,97,97,97,97,97,97,97,97,97,97,97,97,97,97,97,97,97,97,97,97,97,97,97,97,97,97,97,97,97,97,97,97,97,111,111,111],"card_choices":[{"not_picked":["Guardian:ShieldCharger","Guardian:Suspension"],"picked":"Guardian:Gem_Green","floor":3.0},{"not_picked":["Guardian:Suspension","Guardian:PiercingHide"],"picked":"Guardian:BronzeArmor","floor":4.0},{"not_picked":["Guardian:Gem_Fragmented","Guardian:WalkerClaw"],"picked":"Guardian:TimeBomb","floor":6.0},{"not_picked":["Guardian:Suspension","Guardian:Gem_Fragmented"],"picked":"Guardian:TemporalShield","floor":8.0},{"not_picked":["Guardian:TemporalStrike","Thunderclap","Guardian:Incinerate"],"picked":"SKIP","floor":13.0},{"not_picked":["Guardian:Incinerate","Guardian:VentSteam"],"picked":"Body Slam","floor":14.0},{"not_picked":["Guardian:TimeBomb","Guardian:MultiBeam"],"picked":"Guardian:PrismaticBarrier","floor":15.0},{"not_picked":["Limit Break","Double Tap"],"picked":"Guardian:Gem_Synthetic","floor":16.0},{"not_picked":["Guardian:ShieldCharger","Guardian:Reroute"],"picked":"Guardian:FloatingOrbs","floor":20.0},{"not_picked":["Guardian:PiercingHide","Guardian:WalkerClaw"],"picked":"Guardian:TemporalShield","floor":22.0},{"not_picked":["Guardian:VentSteam+1","Guardian:Gem_Purple"],"picked":"Guardian:WeakpointTargeting","floor":26.0},{"not_picked":["Guardian:TimeCapacitor","Guardian:Gem_Fragmented"],"picked":"Guardian:Gem_Red","floor":27.0},{"not_picked":["Guardian:Incinerate","Guardian:BronzeOrb+1"],"picked":"Guardian:Gem_Blue","floor":30.0},{"not_picked":["Guardian:FierceBash","Guardian:CrystalBeam"],"picked":"Guardian:PolyBeam","floor":32.0},{"not_picked":["Guardian:StasisField","Guardian:FierceBash"],"picked":"Guardian:GemFire","floor":33.0},{"not_picked":["Guardian:ChargeCore","Guardian:TemporalStrike","Guardian:TemporalShield+1"],"picked":"SKIP","floor":36.0},{"not_picked":["Guardian:MultiBeam+1","Guardian:PrimingBeam","Guardian:PiercingHide"],"picked":"SKIP","floor":37.0},{"not_picked":["Guardian:PrismaticBarrier","Guardian:Recover+1","Guardian:ChargeUp"],"picked":"SKIP","floor":38},{"not_picked":["Guardian:Clone+1","Guardian:TimeCapacitor+1"],"picked":"ReplayTheSpireMod:Muscle Training","floor":39},{"not_picked":["Guardian:Gem_Green","Guardian:Gem_Crimson","Guardian:Incinerate+1"],"picked":"SKIP","floor":40},{"not_picked":["Heavy Blade","Guardian:CrystalBeam+1"],"picked":"Guardian:Gem_Cyan","floor":42},{"not_picked":["Guardian:ChargeCore","Thunderclap+1","Massacre"],"picked":"SKIP","floor":44},{"not_picked":["Guardian:Preprogram+1","Guardian:SentryBeam+1"],"picked":"Spot Weakness","floor":45},{"not_picked":["expansioncontent:YouAreMine","expansioncontent:ManipulateTime"],"picked":"expansioncontent:DefensiveStance","floor":46},{"not_picked":["Guardian:ShieldCharger+1","Guardian:TemporalStrike+1"],"picked":"ReplayTheSpireMod:Muscle Training+1","floor":47},{"not_picked":["Flex","Guardian:ChargeCore"],"picked":"Guardian:FloatingOrbs","floor":48},{"not_picked":["Guardian:PrismaticBeam","Guardian:ShieldSpikes+1"],"picked":"Guardian:PrimingBeam+1","floor":48},{"not_picked":["Guardian:Suspension+1","Guardian:ChargeCore"],"picked":"Guardian:DecasProtection+1","floor":48},{"not_picked":["Guardian:WalkerClaw","Guardian:Emergency+1"],"picked":"Guardian:Gem_Orange","floor":48},{"not_picked":["Guardian:BronzeOrb","Thunderclap+1"],"picked":"Guardian:Gem_Red","floor":48},{"not_picked":["Guardian:FastForward","Guardian:PiercingHide+1"],"picked":"Guardian:FloatingOrbs","floor":48},{"not_picked":["Guardian:Recover","Guardian:PrismaticBarrier"],"picked":"Heavy Blade+1","floor":49},{"not_picked":["Guardian:TimeBomb","Guardian:Planning+1"],"picked":"Guardian:ArmoredProtocol+1","floor":52}],"player_experience":429022,"relics_obtained":[{"floor":1.0,"key":"Garlic"},{"floor":3.0,"key":"Strawberry"},{"floor":6.0,"key":"Replay:Rubber Ducky"},{"floor":7.0,"key":"ReplayTheSpireMod:Shallot"},{"floor":8.0,"key":"hubris:GlazedTorus"},{"floor":20.0,"key":"Mirror"},{"floor":24.0,"key":"Mummified Hand"},{"floor":27.0,"key":"Meat on the Bone"},{"floor":31.0,"key":"Replay:WaspNest"},{"floor":40,"key":"Pet Ghost"},{"floor":41,"key":"Darkstone Periapt"},{"floor":44,"key":"Replay:Accelerometer"},{"floor":52,"key":"hubris:Metronome"}],"event_choices":[{"damage_healed":0.0,"max_hp_gain":0.0,"max_hp_loss":0.0,"gold_gain":0.0,"event_name":"Addict","player_choice":"Stole Relic","floor":23.0,"gold_loss":0.0,"damage_taken":0.0,"relics_obtained":["hubris:DeckOfHolding"],"cards_obtained":["Shame"]}],"is_beta":false,"boss_relics":[{"not_picked":["SacredBark","Runic Dome"],"picked":"Ring of Chaos"},{"not_picked":["Snecko Eye","Replay:Wanted Poster"],"picked":"ChewingGum"}],"items_purged_floors":[12,53],"is_endless":false,"potions_floor_spawned":[3,4,8,15,16,26,30,33,39,40,49],"ascension_level":1}}