{"host":"rqd50iigewdjy74u","time":1608522112,"event":{"mods":["AchievementEnabler","BaseMod","BetterRewards","Custom Start","Minty Spire (QoL Compilation)","StSLib"],"gold_per_floor":[113,113,113,130,144,173,191,191,237,248,248,283,297,312,312,416,416,428,428,447,417,432,457,469,469,469,70,81,97,21,50,50,145,145,163,163,182,282,298,298,329,329,355,355,374,221,232,249,249,349,399,416,431,431,431,431,431,431,451,451,461,479,489,23,48,48,48,48],"floor_reached":67,"playtime":2948,"items_purged":[],"score":1060,"play_id":"ca3bde72-a7c8-489f-a1e8-e6097afed1e0","local_time":"20201220214152","daily_mods":["Draft"],"is_ascension_mode":false,"campfire_choices":[{"data":"Bloodletting","floor":8,"key":"SMITH"},{"data":"Inflame","floor":11,"key":"SMITH"},{"data":"Feed","floor":15,"key":"SMITH"},{"data":"Armaments","floor":25,"key":"SMITH"},{"data":"Rage","floor":32,"key":"SMITH"},{"data":"Spot Weakness","floor":40,"key":"SMITH"},{"data":"Feed","floor":42,"key":"SMITH"},{"data":"Demon Form","floor":49,"key":"SMITH"},{"data":"Heavy Blade","floor":57,"key":"SMITH"},{"data":"Shockwave","floor":66,"key":"SMITH"}],"circlet_count":0,"master_deck":["Thunderclap","Clash","Spot Weakness+1","Sword Boomerang","Sword Boomerang","Anger","Cleave","Clash","Perfected Strike","Twin Strike","Battle Trance","Inflame+1","Perfected Strike","Armaments+1","Bloodletting+1","Cleave","Ghostly Armor+1","Anger","Sever Soul","Heavy Blade+1","Perfected Strike","Feed+1","Anger","Rage+1","Feed+1","Armaments+1","Infernal Blade","Heavy Blade+1","Anger","Anger","Armaments","Inflame","Rage","Demon Form","Sword Boomerang+1","Good Instincts","Finesse","Dramatic Entrance","Pommel Strike+1","Perfected Strike+1","Demon Form+1","Heavy Blade+1","Twin Strike+1","Sword Boomerang","Double Tap+1","Metallicize+1","Pommel Strike","Clash","Shockwave+1","Intimidate"],"relics":["Burning Blood","Ornamental Fan","Orichalcum","Bronze Scales","Velvet Choker","Regal Pillow","Lantern","Matryoshka","TheAbacus","Juzu Bracelet","Coffee Dripper","Incense Burner","Red Skull","Boot","Pen Nib","Tiny House","Vajra","Nunchaku","Molten Egg 2","Potion Belt","Gambling Chip"],"acts_visited":["Exordium","TheCity","TheBeyond","Exordium"],"potions_floor_usage":[12,16,16,39,41,50,50,50,50,50],"damage_taken":[{"damage":0,"enemies":"2 Louse","floor":1,"turns":2},{"damage":6,"enemies":"Cultist","floor":4,"turns":3},{"damage":3,"enemies":"Jaw Worm","floor":5,"turns":3},{"damage":12,"enemies":"3 Sentries","floor":6,"turns":3},{"damage":3,"enemies":"Blue Slaver","floor":7,"turns":2},{"damage":6,"enemies":"Gremlin Gang","floor":10,"turns":2},{"damage":27,"enemies":"Lagavulin","floor":12,"turns":4},{"damage":6,"enemies":"Looter","floor":13,"turns":2},{"damage":6,"enemies":"Blue Slaver","floor":14,"turns":2},{"damage":30,"enemies":"Hexaghost","floor":16,"turns":5},{"damage":0,"enemies":"Spheric Guardian","floor":18,"turns":3},{"damage":9,"enemies":"3 Byrds","floor":20,"turns":3},{"damage":8,"enemies":"Centurion and Healer","floor":22,"turns":4},{"damage":3,"enemies":"Gremlin Leader","floor":23,"turns":6},{"damage":6,"enemies":"Cultist and Chosen","floor":24,"turns":3},{"damage":16,"enemies":"Snake Plant","floor":28,"turns":3},{"damage":15,"enemies":"Chosen and Byrds","floor":29,"turns":4},{"damage":36,"enemies":"Slavers","floor":31,"turns":4},{"damage":16,"enemies":"Automaton","floor":33,"turns":6},{"damage":36,"enemies":"3 Shapes","floor":35,"turns":4},{"damage":6,"enemies":"Orb Walker","floor":37,"turns":3},{"damage":35,"enemies":"Writhing Mass","floor":39,"turns":4},{"damage":20,"enemies":"Reptomancer","floor":41,"turns":5},{"damage":13,"enemies":"4 Shapes","floor":45,"turns":3},{"damage":6,"enemies":"Jaw Worm Horde","floor":47,"turns":2},{"damage":0,"enemies":"Sphere and 2 Shapes","floor":48,"turns":3},{"damage":17,"enemies":"Time Eater","floor":50,"turns":5},{"damage":0,"enemies":"Cultist","floor":52,"turns":2},{"damage":0,"enemies":"Small Slimes","floor":53,"turns":2},{"damage":0,"enemies":"2 Louse","floor":59,"turns":1},{"damage":23,"enemies":"Large Slime","floor":61,"turns":2},{"damage":0,"enemies":"2 Fungi Beasts","floor":62,"turns":1},{"damage":0,"enemies":"Exordium Wildlife","floor":63,"turns":2},{"damage":0,"enemies":"3 Sentries","floor":65,"turns":1},{"damage":134,"enemies":"Hexaghost","floor":67,"turns":2}],"seed_played":"-8606492094291587983","potions_obtained":[{"floor":5,"key":"ElixirPotion"},{"floor":6,"key":"ColorlessPotion"},{"floor":13,"key":"AttackPotion"},{"floor":14,"key":"Strength Potion"},{"floor":21,"key":"SpeedPotion"},{"floor":21,"key":"PowerPotion"},{"floor":22,"key":"Fire Potion"},{"floor":41,"key":"EntropicBrew"},{"floor":45,"key":"SkillPotion"},{"floor":51,"key":"Block Potion"},{"floor":52,"key":"Dexterity Potion"},{"floor":61,"key":"BloodPotion"}],"is_trial":true,"path_per_floor":["M","?","?","M","M","E","M","R","T","M","R","E","M","M","R","B",null,"M","?","M","?","M","E","M","R","T","$","M","M","$","E","R","B",null,"M","?","M","?","M","R","E","R","T","?","M","$","M","M","R","B",null,"M","M","?","?","?","R","?","M","T","M","M","M","$","E","R","B"],"character_chosen":"IRONCLAD","items_purchased":["Matryoshka","TheAbacus","Inflame","Pen Nib","Potion Belt","Gambling Chip"],"campfire_rested":0,"item_purchase_floors":[27,27,30,46,64,64],"current_hp_per_floor":[80,80,80,80,80,74,77,77,77,77,77,56,56,56,56,32,80,80,80,85,85,83,86,86,86,86,86,79,74,74,47,47,37,98,72,62,62,62,33,33,19,19,19,19,16,16,20,30,30,23,123,123,127,120,125,125,125,125,131,131,114,120,126,126,132,132,0,0],"gold":48,"neow_bonus":"","is_daily":false,"chose_seed":false,"campfire_upgraded":10,"win_rate":0.0,"timestamp":1608522112,"path_taken":["M","?","?","M","M","E","M","R","T","M","R","E","M","M","R","BOSS","M","?","M","?","?","E","M","R","T","?","?","M","?","E","R","BOSS","M","?","M","?","M","R","E","R","T","?","M","$","M","M","R","BOSS","M","M","?","?","?","R","?","M","T","M","M","M","$","E","R","BOSS"],"items_purchased_type":["Relic","Relic","Card","Relic","Relic","Relic"],"build_version":"2020-12-13","purchased_purges":0,"victory":false,"max_hp_per_floor":[80,80,80,80,80,80,80,80,80,80,80,80,80,80,80,80,80,80,80,88,88,88,88,88,88,88,88,91,95,95,98,98,98,98,102,102,102,102,102,102,102,102,102,102,106,106,110,114,114,118,123,123,127,127,132,132,132,132,132,132,132,132,132,132,132,132,132,132],"card_choices":[{"not_picked":["Havoc","Uppercut"],"picked":"Thunderclap","floor":0},{"not_picked":["Clothesline","Shrug It Off"],"picked":"Clash","floor":0},{"not_picked":["Feel No Pain","Wild Strike"],"picked":"Spot Weakness","floor":0},{"not_picked":["True Grit","Pommel Strike"],"picked":"Sword Boomerang","floor":0},{"not_picked":["Clothesline","Thunderclap"],"picked":"Sword Boomerang","floor":0},{"not_picked":["Carnage","Headbutt"],"picked":"Anger","floor":0},{"not_picked":["True Grit","Warcry"],"picked":"Cleave","floor":0},{"not_picked":["Sword Boomerang","Warcry"],"picked":"Clash","floor":0},{"not_picked":["Warcry","Sentinel"],"picked":"Perfected Strike","floor":0},{"not_picked":["Carnage","Power Through"],"picked":"Twin Strike","floor":0},{"not_picked":["Flex","Blood for Blood"],"picked":"Battle Trance","floor":0},{"not_picked":["Iron Wave","Battle Trance"],"picked":"Inflame","floor":0},{"not_picked":["Havoc","Fire Breathing"],"picked":"Perfected Strike","floor":0},{"not_picked":["Intimidate","Bloodletting"],"picked":"Armaments","floor":0},{"not_picked":["Sword Boomerang","Flex"],"picked":"Bloodletting","floor":0},{"not_picked":["True Grit","Disarm"],"picked":"Cleave","floor":1},{"not_picked":["Whirlwind","Thunderclap"],"picked":"Ghostly Armor","floor":4},{"not_picked":["Cleave","Carnage"],"picked":"Anger","floor":5},{"not_picked":["Havoc","Dark Embrace"],"picked":"Sever Soul","floor":6},{"not_picked":["Body Slam","Headbutt"],"picked":"Heavy Blade","floor":7},{"not_picked":["Iron Wave","Shrug It Off"],"picked":"Perfected Strike","floor":10},{"not_picked":["Reckless Charge","Rampage"],"picked":"Feed","floor":12},{"not_picked":["Second Wind","Blood for Blood"],"picked":"Anger","floor":13},{"not_picked":["Shrug It Off","True Grit"],"picked":"Rage","floor":14},{"not_picked":["Bludgeon","Fiend Fire"],"picked":"Feed","floor":16},{"not_picked":["Flame Barrier+1","Havoc"],"picked":"Armaments","floor":18},{"not_picked":["Pummel+1","Inflame+1"],"picked":"Infernal Blade","floor":20},{"not_picked":["Wild Strike","Shrug It Off"],"picked":"Heavy Blade","floor":22},{"not_picked":["Shrug It Off","Disarm"],"picked":"Anger","floor":23},{"not_picked":["Clothesline","Thunderclap"],"picked":"Anger","floor":24},{"not_picked":["Thunderclap","Dropkick"],"picked":"Combust+1","floor":28},{"not_picked":["Offering","True Grit"],"picked":"Armaments","floor":29},{"not_picked":["Thunderclap+1","Exhume"],"picked":"Rage","floor":31},{"not_picked":["Brutality","Immolate"],"picked":"Demon Form","floor":33},{"not_picked":["Ghostly Armor+1","Armaments"],"picked":"Sword Boomerang+1","floor":35},{"not_picked":["Mayhem","Purity"],"picked":"Good Instincts","floor":36},{"not_picked":["Forethought","Jack Of All Trades"],"picked":"Finesse","floor":36},{"not_picked":["Sadistic Nature","The Bomb"],"picked":"Dramatic Entrance","floor":36},{"not_picked":["Anger+1","Dropkick"],"picked":"Pommel Strike+1","floor":37},{"not_picked":["True Grit","Anger"],"picked":"Perfected Strike+1","floor":39},{"not_picked":["Carnage+1","Cleave+1"],"picked":"Demon Form","floor":41},{"not_picked":["Havoc","Ghostly Armor"],"picked":"Heavy Blade+1","floor":45},{"not_picked":["Thunderclap","Wild Strike"],"picked":"Twin Strike+1","floor":47},{"not_picked":["Twin Strike","True Grit"],"picked":"Sword Boomerang","floor":48},{"not_picked":["Berserk","Reaper"],"picked":"Double Tap","floor":50},{"not_picked":["Clothesline","Sword Boomerang+1"],"picked":"Metallicize+1","floor":51},{"not_picked":["Havoc","Dark Embrace"],"picked":"Pommel Strike","floor":52},{"not_picked":["Warcry","Anger"],"picked":"Clash","floor":53},{"not_picked":["Combust","Body Slam"],"picked":"Shockwave","floor":59},{"not_picked":["Warcry","Feel No Pain"],"picked":"Intimidate","floor":61},{"not_picked":["Sever Soul+1","Headbutt+1","Reckless Charge+1"],"picked":"SKIP","floor":62},{"not_picked":["Iron Wave+1","Headbutt+1","Shrug It Off"],"picked":"SKIP","floor":63},{"not_picked":["Clothesline+1","Ghostly Armor","Burning Pact"],"picked":"SKIP","floor":65}],"player_experience":91433,"relics_obtained":[{"floor":6,"key":"Ornamental Fan"},{"floor":9,"key":"Orichalcum"},{"floor":12,"key":"Bronze Scales"},{"floor":23,"key":"Regal Pillow"},{"floor":26,"key":"Lantern"},{"floor":31,"key":"Juzu Bracelet"},{"floor":41,"key":"Incense Burner"},{"floor":43,"key":"Red Skull"},{"floor":43,"key":"Boot"},{"floor":60,"key":"Nunchaku"},{"floor":60,"key":"Molten Egg 2"}],"event_choices":[{"damage_healed":0,"gold_gain":0,"player_choice":"Leave","damage_taken":0,"max_hp_gain":0,"max_hp_loss":0,"event_name":"The Cleric","floor":2,"gold_loss":0},{"damage_healed":0,"gold_gain":0,"player_choice":"Forge","damage_taken":0,"max_hp_gain":0,"max_hp_loss":0,"event_name":"Accursed Blacksmith","floor":3,"gold_loss":0,"cards_upgraded":["Armaments"]},{"damage_healed":0,"gold_gain":0,"player_choice":"Ignored","damage_taken":0,"max_hp_gain":0,"max_hp_loss":0,"event_name":"Vampires","floor":19,"gold_loss":0},{"damage_healed":0,"gold_gain":0,"player_choice":"Bought 2 Potions","damage_taken":0,"max_hp_gain":0,"max_hp_loss":0,"event_name":"The Woman in Blue","floor":21,"gold_loss":0},{"damage_healed":0,"gold_gain":0,"player_choice":"Memory 3","damage_taken":10,"max_hp_gain":0,"max_hp_loss":0,"event_name":"SensoryStone","floor":36,"gold_loss":0},{"damage_healed":0,"gold_gain":100,"player_choice":"Pray","damage_taken":0,"max_hp_gain":0,"max_hp_loss":0,"event_name":"Golden Shrine","floor":38,"gold_loss":0},{"cards_removed":["Combust"],"damage_healed":0,"gold_gain":0,"player_choice":"Removed Power","damage_taken":0,"max_hp_gain":0,"max_hp_loss":0,"event_name":"Falling","floor":44,"gold_loss":0},{"damage_healed":0,"gold_gain":0,"player_choice":"Success","damage_taken":7,"relics_obtained":["Vajra"],"max_hp_gain":0,"max_hp_loss":0,"event_name":"Scrap Ooze","floor":54,"gold_loss":0},{"damage_healed":0,"gold_gain":0,"player_choice":"Donut","damage_taken":0,"max_hp_gain":5,"max_hp_loss":0,"event_name":"Big Fish","floor":55,"gold_loss":0},{"damage_healed":0,"gold_gain":0,"player_choice":"Upgraded","damage_taken":0,"max_hp_gain":0,"max_hp_loss":0,"event_name":"Upgrade Shrine","floor":56,"gold_loss":0,"cards_upgraded":["Double Tap"]},{"damage_healed":0,"gold_gain":0,"player_choice":"Forge","damage_taken":0,"max_hp_gain":0,"max_hp_loss":0,"event_name":"Accursed Blacksmith","floor":58,"gold_loss":0,"cards_upgraded":["Ghostly Armor"]}],"is_beta":false,"boss_relics":[{"not_picked":["Fusion Hammer","Busted Crown"],"picked":"Velvet Choker"},{"not_picked":["Snecko Eye","Sozu"],"picked":"Coffee Dripper"},{"not_picked":["SacredBark","Mark of Pain"],"picked":"Tiny House"}],"items_purged_floors":[],"is_endless":true,"potions_floor_spawned":[5,6,13,14,22,23,28,31,37,41,45,52,61,63],"killed_by":"Hexaghost","ascension_level":0}}