{"host":"ky7z67tg8zpdk0g7","time":1608560370,"event":{"mods":["BaseMod","Beaked The Cultist","Better Third Choice","CapriCore","Displayed Cursed Tome","Energized Spire","Fireblade Mod","Hubris","Lobotomy","LobotomyExtend","Minty Spire (QoL Compilation)","Replay The Spire","SOS???????","Shop Mod","StSLib","Td1madao Mod","The Dragon Tamer","The Hierophant","The Immortal","The Marked","The Necromancer","TheBandit","TheWitcher"],"gold_per_floor":[111,111,111,111,88,115,132,162,162,162,87,120,120,120,120,221,221,234,58,76,76,76,202,202,227,227,254,254,266,279,279,384,384,396,448,12,23,33,59,59,59,134,162,162,162,0,16,16,16,16,16,16,16,46,46],"floor_reached":57,"playtime":1807,"items_purged":["theMarked:Strike","theMarked:Strike","theMarked:Strike"],"score":1361,"play_id":"b2211578-efa3-4ee6-9209-e0dd8011a99f","local_time":"20201221211930","is_ascension_mode":true,"campfire_choices":[{"floor":10.0,"key":"REST"},{"data":"theMarked:Snap","floor":13.0,"key":"SMITH"},{"floor":15.0,"key":"REST"},{"data":"theMarked:ComboAttacks","floor":23.0,"key":"SMITH"},{"data":"theMarked:BindingBlade","floor":25.0,"key":"SMITH"},{"floor":27.0,"key":"REST"},{"floor":32.0,"key":"REST"},{"data":"theMarked:Defy","floor":41.0,"key":"SMITH"},{"floor":46.0,"key":"REST"},{"floor":49.0,"key":"RECALL"},{"data":"theMarked:Challenge","floor":53,"key":"SMITH"}],"circlet_count":0,"master_deck":["theMarked:Strike","theMarked:Strike+1","theMarked:Defend","theMarked:Defend","theMarked:Defend","theMarked:Defend","theMarked:SoldierOfQuellstein+1","theMarked:BanishingStrike+1","theMarked:SwordAndMagic","theMarked:Snap+1","theMarked:Challenge+1","AbeCurse","theMarked:SwordAndMagic","theMarked:BindingBlade+1","theMarked:ComboAttacks+1","theMarked:SoldierForm+1","theMarked:Defy+1","theMarked:Frustration+1","theMarked:TakeOffHeels","theMarked:EmpowerWeapon+1","theMarked:TurnInvisible"],"relics":["theMarked:ArtifactOfAir","hubris:Teleporter","LetterFromLob","hubris:Icosahedron","Quantum Egg","Replay:Baseball","Pocketwatch","Replay:WaspNest","Abe\u0027s Treasure","hubris:Spice","Gremlin Food","FossilizedHelix","Replay:Bronze Core","Torii","hubris:SlimyHat","hubris:BottledRain","Red Mask"],"acts_visited":["Exordium","TheCity","TheBeyond","TheEnding"],"potions_floor_usage":[56],"damage_taken":[{"damage":1.0,"enemies":"Cultist","floor":1.0,"turns":3.0},{"damage":39.0,"enemies":"3 Sentries","floor":6.0,"turns":8.0},{"damage":0.0,"enemies":"Small Slimes","floor":7.0,"turns":3.0},{"damage":11.0,"enemies":"Gremlin Nob","floor":8.0,"turns":3.0},{"damage":12.0,"enemies":"Lagavulin","floor":12.0,"turns":3.0},{"damage":6.0,"enemies":"Hexaghost","floor":16.0,"turns":6.0},{"damage":21.0,"enemies":"2 Thieves","floor":18.0,"turns":3.0},{"damage":0.0,"enemies":"Chosen","floor":21.0,"turns":3.0},{"damage":23.0,"enemies":"Slavers","floor":24.0,"turns":3.0},{"damage":9.0,"enemies":"Gremlin Leader","floor":28.0,"turns":3.0},{"damage":7.0,"enemies":"Snake Plant","floor":30.0,"turns":2.0},{"damage":0.0,"enemies":"Snecko","floor":31.0,"turns":3.0},{"damage":18.0,"enemies":"Champ","floor":33.0,"turns":4.0},{"damage":34.0,"enemies":"3 Darklings","floor":35.0,"turns":4.0},{"damage":0.0,"enemies":"2 Orb Walkers","floor":36.0,"turns":2.0},{"damage":0.0,"enemies":"3 Shapes","floor":38.0,"turns":2.0},{"damage":0.0,"enemies":"Transient","floor":39.0,"turns":5.0},{"damage":0.0,"enemies":"Nemesis","floor":40.0,"turns":3.0},{"damage":20.0,"enemies":"beaked:SuperParasite","floor":44.0,"turns":3.0},{"damage":0.0,"enemies":"Maw","floor":48.0,"turns":4.0},{"damage":0,"enemies":"Time Eater","floor":50,"turns":5},{"damage":41,"enemies":"Shield and Spear","floor":55,"turns":4},{"damage":17,"enemies":"The Heart","floor":56,"turns":5}],"seed_played":"-747522191898125755","potions_obtained":[{"floor":7.0,"key":"Energy Potion"},{"floor":12.0,"key":"Reflective Coating"},{"floor":14.0,"key":"DistilledChaos"},{"floor":14.0,"key":"Doom Potion"},{"floor":16.0,"key":"DuplicationPotion"},{"floor":18.0,"key":"SteroidPotion"},{"floor":28.0,"key":"Adrenaline Potion"},{"floor":30.0,"key":"Weak Potion"},{"floor":38.0,"key":"Milkshake"},{"floor":39.0,"key":"Flashbang"},{"floor":40.0,"key":"BlessingOfTheForge"},{"floor":55,"key":"Adrenaline Potion"}],"is_trial":false,"path_per_floor":["M","?","?","?","$","E","M","E","T","R","$","E","R","?","R","B",null,"M","$","M","?","R","E","R","T","R","E","?","M","M","R","B",null,"M","?","$","M","M","E","R","$","T","E","?","R","?","M","R","B",null,null,"R","$","E","B",null],"character_chosen":"THE_DEFAULT","items_purchased":["theMarked:SwordAndMagic","theMarked:BindingBlade","hubris:Spice"],"campfire_rested":5,"item_purchase_floors":[5,20,37],"current_hp_per_floor":[62,62,63,57,57,24,24,13,13,31,31,19,19,19,37,31,63,42,42,42,42,42,27,27,27,48,39,39,32,32,53,35,71,37,37,45,45,45,45,45,45,45,25,25,48,48,48,48,48,48,71,71,71,30,13],"gold":46,"neow_bonus":"ONE_RARE_RELIC","is_daily":false,"chose_seed":false,"campfire_upgraded":5,"win_rate":0.0,"timestamp":1608560370,"path_taken":["M","?","?","?","$","E","?","E","T","R","$","E","R","?","R","BOSS","M","$","?","?","R","E","R","T","R","E","?","M","?","R","BOSS","M","?","$","M","M","E","R","$","T","E","?","R","?","M","R","BOSS","R","$","E","BOSS"],"items_purchased_type":["Card","Card","Relic"],"build_version":"2020-12-13","purchased_purges":3,"victory":true,"max_hp_per_floor":[63,63,63,63,63,63,63,63,63,63,63,63,63,63,63,63,63,63,63,63,63,63,71,71,71,71,71,71,71,71,71,71,71,71,71,79,79,79,79,79,79,79,79,79,79,79,71,71,71,71,71,71,71,63,63],"card_choices":[{"not_picked":["theMarked:Electrocute","theMarked:Panic"],"picked":"theMarked:BanishingStrike","floor":1.0},{"not_picked":["theMarked:KeepCalmAndFightOn","theMarked:SwordAndMagic"],"picked":"theMarked:Snap","floor":6.0},{"not_picked":["theMarked:Aftermath","theMarked:Static","theMarked:WardOff"],"picked":"SKIP","floor":7.0},{"not_picked":["theMarked:ChainLightning","theMarked:ResourceFulStrike","theMarked:TwofoldDefense"],"picked":"SKIP","floor":8.0},{"not_picked":["theMarked:Convert","theMarked:Electrocute"],"picked":"theMarked:ContemptForTheProud","floor":12.0},{"not_picked":["theMarked:Levitate","theMarked:TurnInvisible"],"picked":"theMarked:Challenge","floor":16.0},{"not_picked":["theMarked:WastefulAttack","theMarked:BanishingStrike"],"picked":"theMarked:SwordAndMagic","floor":18.0},{"not_picked":["theMarked:WastefulAttack","theMarked:RepellingDischarge"],"picked":"theMarked:ComboAttacks","floor":21.0},{"not_picked":["theMarked:SelfDefenseTraining","theMarked:RogueSparks+1"],"picked":"theMarked:SoldierForm","floor":24.0},{"not_picked":["theMarked:GodGivenPower","theMarked:SwordAndMagic+1"],"picked":"theMarked:Defy","floor":28.0},{"not_picked":["theMarked:Parkour","theMarked:SelfDefenseTraining","theMarked:ChainLightning+1"],"picked":"SKIP","floor":30.0},{"not_picked":["theMarked:ElectricStrings+1","theMarked:Electrocute"],"picked":"theMarked:Frustration+1","floor":31.0},{"not_picked":["theMarked:MuscleMemory","theMarked:SuspiciousRaven"],"picked":"theMarked:TakeOffHeels","floor":33.0},{"not_picked":["theMarked:Frustration","theMarked:Convert+1","theMarked:EnhancedHearing+1"],"picked":"SKIP","floor":35.0},{"not_picked":["theMarked:PowerFlow","theMarked:TwofoldDefense","theMarked:HeightenedSenses"],"picked":"SKIP","floor":38.0},{"not_picked":["theMarked:TwofoldDefense","theMarked:Frustration","theMarked:WardOff+1"],"picked":"SKIP","floor":39.0},{"not_picked":["theMarked:WastefulAttack","theMarked:MagicAdept+1"],"picked":"theMarked:EmpowerWeapon+1","floor":40.0},{"not_picked":["theMarked:Generate","theMarked:TwofoldDefense","theMarked:ResourceFulStrike"],"picked":"SKIP","floor":44.0},{"not_picked":["theMarked:BanishingWave","theMarked:Parkour"],"picked":"hubris:SpiceAddiction","floor":48.0},{"not_picked":["theMarked:EmpowerWeapon","theMarked:Electrocute+1"],"picked":"theMarked:TurnInvisible","floor":55}],"player_experience":288494,"relics_obtained":[{"floor":1.0,"key":"LetterFromLob"},{"floor":6.0,"key":"Quantum Egg"},{"floor":8.0,"key":"Replay:Baseball"},{"floor":9.0,"key":"Pocketwatch"},{"floor":12.0,"key":"Replay:WaspNest"},{"floor":24.0,"key":"hubris:Spice"},{"floor":26.0,"key":"Gremlin Food"},{"floor":28.0,"key":"FossilizedHelix"},{"floor":36.0,"key":"Torii"},{"floor":40.0,"key":"hubris:SlimyHat"},{"floor":44.0,"key":"hubris:BottledRain"},{"floor":55,"key":"hubris:Spice"}],"event_choices":[{"damage_healed":0.0,"max_hp_gain":0.0,"max_hp_loss":0.0,"gold_gain":0.0,"event_name":"Wheel of Change","player_choice":"Damaged","floor":4.0,"gold_loss":0.0,"damage_taken":6.0},{"damage_healed":0.0,"max_hp_gain":0.0,"max_hp_loss":0.0,"gold_gain":0.0,"event_name":"Lab","player_choice":"Got Potions","floor":14.0,"gold_loss":0.0,"damage_taken":0.0},{"damage_healed":0.0,"max_hp_gain":0.0,"max_hp_loss":0.0,"gold_gain":0.0,"event_name":"Ghosts","player_choice":"Ignored","floor":22.0,"gold_loss":0.0,"damage_taken":0.0},{"damage_healed":0.0,"max_hp_gain":0.0,"max_hp_loss":0.0,"gold_gain":0.0,"event_name":"Accursed Blacksmith","player_choice":"Forge","floor":29.0,"gold_loss":0.0,"damage_taken":0.0,"cards_upgraded":["theMarked:SoldierForm"]},{"damage_healed":0.0,"max_hp_gain":0.0,"max_hp_loss":0.0,"gold_gain":0.0,"event_name":"Mysterious Sphere","player_choice":"Fight","floor":36.0,"gold_loss":0.0,"damage_taken":0.0},{"cards_removed":["theMarked:ContemptForTheProud"],"damage_healed":0.0,"max_hp_gain":0.0,"max_hp_loss":0.0,"gold_gain":0.0,"event_name":"Falling","player_choice":"Removed Attack","floor":45.0,"gold_loss":0.0,"damage_taken":0.0},{"damage_healed":0.0,"max_hp_gain":0.0,"max_hp_loss":0.0,"gold_gain":0.0,"event_name":"Tomb of Lord Red Mask","player_choice":"Paid","floor":47.0,"gold_loss":162.0,"damage_taken":0.0,"relics_obtained":["Red Mask"]}],"is_beta":false,"boss_relics":[{"not_picked":["energizedSpire:CursedPentagram","Honey Jar"],"picked":"Abe\u0027s Treasure"},{"not_picked":["hubris:CrackedHourglass","Sozu"],"picked":"Replay:Bronze Core"}],"items_purged_floors":[11,20,37],"is_endless":false,"potions_floor_spawned":[7,12,16,18,28,30,38,39,40,55],"ascension_level":1}}