{"host":"gop1q6bv59twswbp","time":1608571301,"event":{"mods":["AlwaysNeverKeys","BaseMod","Downfall","Hermit","Key Reminder","Minty Spire (QoL Compilation)","Permanent Neow","StSLib"],"gold_per_floor":[99,199,35,55,66,99,99,99,24,50,62,80,99,199,219,316,316,241,128,142,156,182,107,107,40,40,72,89,101,115,115,127,226,226,226,236,236,253,269,20,20,20,46,62,72,92,92,103,115,115,115,148,71,71,71],"floor_reached":56,"playtime":8199,"items_purged":["hexamod:Defend"],"score":1360,"play_id":"e4dfc7c9-5f9f-43ef-8cba-451f937eba14","local_time":"20201221122141","is_ascension_mode":false,"campfire_choices":[{"data":"hexamod:Float","floor":1,"key":"SMITH"},{"data":"hexamod:PhantomCloak","floor":9,"key":"SMITH"},{"data":"hexamod:GiftsFromTheDead","floor":18,"key":"SMITH"},{"data":"hexamod:Haunt","floor":23,"key":"SMITH"},{"floor":35,"key":"REST"},{"floor":54,"key":"REST"}],"circlet_count":0,"master_deck":["hexamod:Strike","hexamod:Strike","hexamod:Strike","hexamod:Defend","hexamod:Defend","hexamod:Sear","hexamod:Float+1","hexamod:FastForward","hexamod:Hexaguard","hexamod:FirstSeal","hexamod:PhantomCloak+1","hexamod:NecessarySacrifice","hexamod:Haunt+1","hexamod:RetreatToShadows+1","hexamod:ParanormalForm","hexamod:GhostShield","hexamod:RainOfEmbers","hexamod:GiftsFromTheDead+1","hexamod:PowerFromBeyond+1","hexamod:HauntingEcho","hexamod:ThermalTransfer+1","hexamod:SoulSteal","hexamod:GhostOfSpirePast+1","hexamod:EmpoweredFlame","hexamod:Hexaguard","hexamod:TimeOfNeed","hexamod:SpectralAdrenaline","hexamod:EmpoweringStance","hexamod:RecurringNightmare+1","expansioncontent:Collect","expansioncontent:DonusPower","expansioncontent:BronzeBeam","hexamod:Hexaguard+1","Panache+1","hexamod:Incineration"],"relics":["hexamod:SpiritBrand","Dead Branch","hexamod:JarOfFuel","Omamori","Singing Bowl","downfall:HeartBlessingGreen","Pen Nib","Philosopher\u0027s Stone","downfall:HeartBlessingBlue","PreservedInsect","downfall:HeartBlessingRed","hexamod:InflammatoryLetter","Vajra","Fusion Hammer","Strange Spoon","Frozen Egg 2","hexamod:CandleOfCauterizing","Happy Flower","Shuriken"],"acts_visited":["Exordium","TheCity","TheBeyond","TheEnding"],"potions_floor_usage":[21,22],"damage_taken":[{"damage":0,"enemies":"downfall:FleeingMerchant","floor":3,"turns":4},{"damage":6,"enemies":"2 Louse","floor":4,"turns":2},{"damage":0,"enemies":"Cultist","floor":5,"turns":4},{"damage":1,"enemies":"3 Sentries","floor":6,"turns":7},{"damage":21,"enemies":"Gremlin Nob","floor":10,"turns":5},{"damage":0,"enemies":"Small Slimes","floor":11,"turns":3},{"damage":0,"enemies":"Blue Slaver","floor":12,"turns":4},{"damage":0,"enemies":"2 Fungi Beasts","floor":13,"turns":4},{"damage":6,"enemies":"downfall:Heads","floor":14,"turns":6},{"damage":3,"enemies":"Exordium Wildlife","floor":15,"turns":4},{"damage":20,"enemies":"downfall:Silent","floor":16,"turns":4},{"damage":13,"enemies":"downfall:FleeingMerchant","floor":19,"turns":4},{"damage":0,"enemies":"Spheric Guardian","floor":20,"turns":3},{"damage":15,"enemies":"3 Byrds","floor":21,"turns":4},{"damage":9,"enemies":"Slavers","floor":22,"turns":3},{"damage":3,"enemies":"downfall:FleeingMerchant","floor":25,"turns":4},{"damage":4,"enemies":"Book of Stabbing","floor":27,"turns":3},{"damage":3,"enemies":"Shelled Parasite and Fungi","floor":28,"turns":5},{"damage":5,"enemies":"Snecko","floor":29,"turns":3},{"damage":3,"enemies":"Snake Plant","floor":30,"turns":2},{"damage":12,"enemies":"Centurion and Healer","floor":32,"turns":4},{"damage":15,"enemies":"downfall:Ironclad","floor":33,"turns":4},{"damage":3,"enemies":"3 Darklings","floor":36,"turns":4},{"damage":0,"enemies":"3 Shapes","floor":38,"turns":3},{"damage":24,"enemies":"Jaw Worm Horde","floor":39,"turns":4},{"damage":17,"enemies":"downfall:FleeingMerchant","floor":40,"turns":3},{"damage":16,"enemies":"Reptomancer","floor":43,"turns":5},{"damage":5,"enemies":"Spire Growth","floor":44,"turns":5},{"damage":10,"enemies":"4 Shapes","floor":45,"turns":4},{"damage":5,"enemies":"Sphere and 2 Shapes","floor":46,"turns":5},{"damage":0,"enemies":"Transient","floor":48,"turns":5},{"damage":0,"enemies":"Writhing Mass","floor":49,"turns":4},{"damage":9,"enemies":"downfall:Watcher","floor":50,"turns":6},{"damage":0,"enemies":"downfall:CharBossMerchant","floor":52,"turns":3},{"damage":6,"enemies":"downfall:NeowBoss","floor":55,"turns":14}],"seed_played":"-6999188918462180854","potions_obtained":[{"floor":10,"key":"SpeedPotion"},{"floor":11,"key":"Block Potion"},{"floor":15,"key":"BlessingOfTheForge"},{"floor":20,"key":"FairyPotion"},{"floor":27,"key":"Dexterity Potion"},{"floor":28,"key":"BlessingOfTheForge"},{"floor":46,"key":"Ancient Potion"}],"is_trial":false,"path_per_floor":["R","?","$","M","M","E","T","?","R","E","M","M","M","?","M","B",null,"R","$","M","M","E","R","T","$","?","E","M","M","M","?","M","B",null,"R","M","?","M","M","$","T","?","E","M","M","M","$","M","M","B",null,"E","$","R","B",null],"character_chosen":"THE_SPIRIT","items_purchased":["hexamod:JarOfFuel","hexamod:HauntingEcho","hexamod:Hexaguard","Strange Spoon","Frozen Egg 2","Panache+1","hexamod:Incineration"],"campfire_rested":2,"item_purchase_floors":[3,19,25,40,40,40,53],"current_hp_per_floor":[63,63,63,57,57,63,63,63,63,49,58,65,65,65,65,45,65,75,69,69,61,59,59,59,63,63,66,70,74,73,73,63,55,81,81,81,71,73,51,34,34,34,27,24,23,27,27,36,45,36,97,99,99,99,93],"gold":71,"neow_bonus":"ONE_RARE_RELIC","is_daily":false,"chose_seed":false,"campfire_upgraded":4,"win_rate":0.0,"timestamp":1608571301,"path_taken":["R","?","?","M","M","E","T","?","R","E","M","M","?","?","M","BOSS","R","$","M","M","E","R","T","$","?","E","M","M","M","?","M","BOSS","R","M","?","M","M","$","T","?","E","M","?","M","?","?","M","BOSS","E","$","R","BOSS"],"items_purchased_type":["Relic","Card","Card","Relic","Relic","Card","Card"],"build_version":"2020-12-13","purchased_purges":1,"victory":true,"max_hp_per_floor":[63,63,63,63,63,63,63,63,63,63,65,65,65,65,65,65,65,75,75,75,75,75,75,75,75,75,75,75,77,79,79,81,81,81,81,81,81,83,85,85,85,85,87,89,91,93,93,95,97,97,97,99,99,99,99],"card_choices":[{"not_picked":["hexamod:InspiringFlames","hexamod:BacktrackSmack"],"picked":"hexamod:FastForward","floor":3},{"not_picked":["hexamod:RainOfEmbers","hexamod:NightmareStrike"],"picked":"hexamod:Hexaguard","floor":4},{"not_picked":["hexamod:NightmareGuise","hexamod:AdvancingGuard"],"picked":"hexamod:FirstSeal","floor":5},{"not_picked":["hexamod:RainOfEmbers","hexamod:CatchUp"],"picked":"hexamod:PhantomCloak","floor":6},{"not_picked":["hexamod:TurnItUp","hexamod:StepThrough"],"picked":"hexamod:NecessarySacrifice","floor":10},{"not_picked":["hexamod:Firestarter","hexamod:AdvancingGuard","hexamod:Again"],"picked":"Singing Bowl","floor":11},{"not_picked":["hexamod:FastForward","hexamod:DynamicBlow"],"picked":"hexamod:Haunt","floor":12},{"not_picked":["hexamod:HeatMetal","hexamod:SuperheatedStrike"],"picked":"hexamod:RetreatToShadows","floor":13},{"not_picked":["hexamod:RainOfEmbers","hexamod:AdvancingGuard"],"picked":"hexamod:GhostShield","floor":14},{"not_picked":["hexamod:AdvancingGuard","hexamod:FourthSeal"],"picked":"hexamod:RainOfEmbers","floor":15},{"not_picked":["hexamod:TimeWarp","hexamod:SixthSeal"],"picked":"hexamod:GiftsFromTheDead","floor":16},{"not_picked":["hexamod:SpectralSpark","hexamod:CatchUp+1"],"picked":"hexamod:PowerFromBeyond+1","floor":19},{"not_picked":["hexamod:HauntingEcho","hexamod:Incineration"],"picked":"hexamod:ThermalTransfer+1","floor":20},{"not_picked":["hexamod:FourthSeal","hexamod:Again"],"picked":"hexamod:SoulSteal","floor":21},{"not_picked":["hexamod:Firestarter","hexamod:ThermalTransfer"],"picked":"hexamod:GhostOfSpirePast+1","floor":22},{"not_picked":["hexamod:FirstSeal","hexamod:FastForward"],"picked":"hexamod:EmpoweredFlame","floor":25},{"not_picked":["hexamod:FastForward","hexamod:NightmareStrike"],"picked":"hexamod:TimeOfNeed","floor":27},{"not_picked":["hexamod:InspiringFlames","hexamod:NightmareGuise+1"],"picked":"hexamod:SpectralAdrenaline","floor":28},{"not_picked":["hexamod:HeatShield","hexamod:RainOfEmbers","hexamod:PowerFromBeyond"],"picked":"Singing Bowl","floor":29},{"not_picked":["hexamod:NightmareGuise","hexamod:ThermalTransfer","hexamod:NightmareStrike+1"],"picked":"Singing Bowl","floor":30},{"not_picked":["hexamod:FastForward","hexamod:NightmareStrike+1","hexamod:SpectralSpark+1"],"picked":"Singing Bowl","floor":32},{"not_picked":["hexamod:ApocalypticArmor","hexamod:SixthSeal"],"picked":"hexamod:EmpoweringStance","floor":33},{"not_picked":["hexamod:FlamesFromBeyond","hexamod:SecondSeal"],"picked":"hexamod:RecurringNightmare+1","floor":36},{"not_picked":["expansioncontent:GuardianWhirl","expansioncontent:SlimeTackle"],"picked":"expansioncontent:Collect","floor":37},{"not_picked":["expansioncontent:FaceSlap","expansioncontent:Collect"],"picked":"expansioncontent:DonusPower","floor":37},{"not_picked":["expansioncontent:TimeRipple","expansioncontent:Flail"],"picked":"expansioncontent:BronzeBeam","floor":37},{"not_picked":["hexamod:NecessarySacrifice","hexamod:HauntingEcho+1","hexamod:InspiringFlames"],"picked":"Singing Bowl","floor":38},{"not_picked":["hexamod:NightmareGuise","hexamod:AdvancingGuard","hexamod:EtherealExpedition"],"picked":"Singing Bowl","floor":39},{"not_picked":["hexamod:SpectersWail+1","hexamod:FlamesFromBeyond"],"picked":"hexamod:Hexaguard+1","floor":40},{"not_picked":["hexamod:SuperheatedStrike","hexamod:GhostOfSpirePast+1","hexamod:RainOfEmbers"],"picked":"Singing Bowl","floor":43},{"not_picked":["hexamod:GhostOfSpireFuture+1","hexamod:HeatMetal+1","hexamod:BacktrackSmack+1"],"picked":"Singing Bowl","floor":44},{"not_picked":["hexamod:FifthSeal","hexamod:Hexaguard","hexamod:PhantomFireball"],"picked":"Singing Bowl","floor":45},{"not_picked":["hexamod:BurningTouch","hexamod:HeatShield","hexamod:Hexaguard"],"picked":"Singing Bowl","floor":46},{"not_picked":["hexamod:HeatCrush+1","hexamod:InspiringFlames","hexamod:Haunt+1"],"picked":"Singing Bowl","floor":48},{"not_picked":["hexamod:HeatShield+1","hexamod:GhostLash+1","hexamod:NightmareStrike"],"picked":"Singing Bowl","floor":49},{"not_picked":["hexamod:SkipABeat+1","hexamod:InspiringFlames+1","hexamod:PhantomCloak+1"],"picked":"Singing Bowl","floor":52}],"player_experience":736892,"relics_obtained":[{"floor":6,"key":"Omamori"},{"floor":7,"key":"Singing Bowl"},{"floor":10,"key":"Pen Nib"},{"floor":22,"key":"PreservedInsect"},{"floor":24,"key":"hexamod:InflammatoryLetter"},{"floor":27,"key":"Vajra"},{"floor":41,"key":"hexamod:CandleOfCauterizing"},{"floor":43,"key":"Happy Flower"},{"floor":52,"key":"Shuriken"}],"event_choices":[{"damage_healed":0,"gold_gain":0,"player_choice":"Ignored","damage_taken":0,"max_hp_gain":0,"max_hp_loss":0,"event_name":"NoteForYourself","floor":8,"gold_loss":0},{"damage_healed":0,"gold_gain":0,"player_choice":"Ignored","damage_taken":0,"max_hp_gain":0,"max_hp_loss":0,"event_name":"Transmorgrifier","floor":42,"gold_loss":0}],"is_beta":false,"boss_relics":[{"not_picked":["Tiny House","Sozu"],"picked":"Philosopher\u0027s Stone"},{"not_picked":["SacredBark","SlaversCollar"],"picked":"Fusion Hammer"}],"items_purged_floors":[19],"is_endless":false,"potions_floor_spawned":[10,11,15,20,27,28,32,33,36,44,45,46,49],"ascension_level":0}}