{"host":"a5lz0e76zb3fcwkm","time":1608560112,"event":{"mods":["AchievementEnabler","BaseMod","Colored Map","Colored Powertips","Minty Spire (QoL Compilation)","StSLib","SuperFastMode"],"gold_per_floor":[118,118,118,13,25,25,60,76,145,145,164,184,209,219,219,293,293,309,321,321,341,236,259,293,325,360,190,190,62,76,87,87,87,87],"floor_reached":33,"playtime":1301,"items_purged":["Strike_R","Strike_R"],"score":608,"play_id":"97f2200e-fbb4-4045-88b7-d60d7ea3b13e","local_time":"20201221231512","is_ascension_mode":true,"campfire_choices":[{"data":"Wild Strike","floor":6.0,"key":"SMITH"},{"data":"Evolve","floor":10.0,"key":"SMITH"},{"data":"Wild Strike","floor":15.0,"key":"SMITH"},{"floor":28,"key":"REST"},{"floor":32,"key":"REST"}],"circlet_count":0,"master_deck":["AscendersBane","Strike_R","Defend_R","Defend_R","Defend_R","Defend_R","Bash","Fiend Fire","Wild Strike+1","Evolve+1","Shrug It Off","Second Wind","Wild Strike+1","Offering","Power Through","Battle Trance"],"relics":["Burning Blood","NeowsBlessing","Happy Flower","The Courier","Self Forming Clay","Mark of Pain","Bag of Preparation","MawBank","Membership Card"],"acts_visited":["Exordium","TheCity"],"potions_floor_usage":[24,24,31,33],"damage_taken":[{"damage":0.0,"enemies":"2 Louse","floor":1.0,"turns":1.0},{"damage":0.0,"enemies":"Jaw Worm","floor":5.0,"turns":1.0},{"damage":0.0,"enemies":"3 Sentries","floor":7.0,"turns":2.0},{"damage":10.0,"enemies":"Small Slimes","floor":8.0,"turns":3.0},{"damage":1.0,"enemies":"Exordium Thugs","floor":11.0,"turns":4.0},{"damage":9.0,"enemies":"Exordium Wildlife","floor":12.0,"turns":4.0},{"damage":32.0,"enemies":"Gremlin Nob","floor":13.0,"turns":4.0},{"damage":0.0,"enemies":"Lots of Slimes","floor":14.0,"turns":3.0},{"damage":41.0,"enemies":"The Guardian","floor":16.0,"turns":10.0},{"damage":13.0,"enemies":"3 Byrds","floor":18.0,"turns":4.0},{"damage":3,"enemies":"Spheric Guardian","floor":19,"turns":3},{"damage":23,"enemies":"Snake Plant","floor":21,"turns":4},{"damage":21,"enemies":"Slavers","floor":24,"turns":3},{"damage":11,"enemies":"Snecko","floor":25,"turns":3},{"damage":6,"enemies":"Centurion and Healer","floor":30,"turns":5},{"damage":25,"enemies":"Snake Plant","floor":31,"turns":4},{"damage":31,"enemies":"Collector","floor":33,"turns":6}],"seed_played":"-9058395419482438367","potions_obtained":[{"floor":7.0,"key":"Fire Potion"},{"floor":8.0,"key":"PowerPotion"},{"floor":12.0,"key":"Explosive Potion"},{"floor":18.0,"key":"Weak Potion"},{"floor":25,"key":"BlessingOfTheForge"},{"floor":30,"key":"BloodPotion"}],"is_trial":false,"path_per_floor":["M","?","?","$","M","R","E","M","T","R","M","M","E","M","R","B",null,"M","M","?","M","$","T","E","M","T","$","R","$","M","M","R","B"],"character_chosen":"IRONCLAD","items_purchased":["Wild Strike","Evolve","Swift Potion","Power Through","Block Potion","Membership Card"],"campfire_rested":2,"item_purchase_floors":[4,4,22,27,27,29],"current_hp_per_floor":[74,74,67,67,73,73,75,71,71,71,75,72,46,52,52,17,61,54,57,46,29,29,29,14,9,9,9,31,31,31,12,34,18,18],"gold":87,"neow_bonus":"THREE_ENEMY_KILL","is_daily":false,"chose_seed":false,"campfire_upgraded":3,"win_rate":0.0,"timestamp":1608560112,"path_taken":["M","?","?","$","?","R","E","M","T","R","M","M","E","M","R","BOSS","M","M","?","M","$","?","E","M","T","$","R","?","M","M","R","BOSS"],"items_purchased_type":["Card","Card","Potion","Card","Potion","Relic"],"build_version":"2020-12-13","purchased_purges":2,"victory":false,"max_hp_per_floor":[75,75,75,75,75,75,75,75,75,75,75,75,75,75,75,75,75,75,75,75,75,75,75,75,75,75,75,75,75,75,75,75,75,75],"card_choices":[{"not_picked":["Warcry","Twin Strike","Anger"],"picked":"SKIP","floor":1.0},{"not_picked":["Body Slam","Warcry"],"picked":"Shrug It Off","floor":5.0},{"not_picked":["Double Tap","Heavy Blade","Cleave"],"picked":"SKIP","floor":7.0},{"not_picked":["Whirlwind","Wild Strike","Body Slam"],"picked":"SKIP","floor":8.0},{"not_picked":["Anger","Berserk","Headbutt"],"picked":"SKIP","floor":11.0},{"not_picked":["Power Through","Clash"],"picked":"Second Wind","floor":12.0},{"not_picked":["Cleave","Carnage"],"picked":"Wild Strike","floor":13.0},{"not_picked":["Headbutt","Sword Boomerang","Flex"],"picked":"SKIP","floor":14.0},{"not_picked":["Demon Form","Limit Break"],"picked":"Offering","floor":16.0},{"not_picked":["Havoc","Cleave","Headbutt+1"],"picked":"SKIP","floor":18.0},{"not_picked":["Shrug It Off","Warcry","Second Wind"],"picked":"SKIP","floor":19},{"not_picked":["Clothesline","Clash+1","Iron Wave+1"],"picked":"SKIP","floor":21},{"not_picked":["True Grit","Inflame","Seeing Red"],"picked":"SKIP","floor":24},{"not_picked":["Evolve","Whirlwind","Sword Boomerang"],"picked":"SKIP","floor":25},{"not_picked":["Anger","Seeing Red","Perfected Strike"],"picked":"SKIP","floor":30},{"not_picked":["Clash","Thunderclap"],"picked":"Battle Trance","floor":31}],"player_experience":1632139,"relics_obtained":[{"floor":7.0,"key":"Happy Flower"},{"floor":9.0,"key":"The Courier"},{"floor":13.0,"key":"Self Forming Clay"},{"floor":23,"key":"Bag of Preparation"},{"floor":24,"key":"MawBank"}],"event_choices":[{"damage_healed":0.0,"max_hp_gain":0.0,"max_hp_loss":0.0,"gold_gain":0.0,"cards_transformed":["Strike_R"],"event_name":"Living Wall","player_choice":"Change","floor":2.0,"gold_loss":0.0,"damage_taken":0.0,"cards_obtained":["Fiend Fire"]},{"cards_removed":["Strike_R"],"damage_healed":0.0,"max_hp_gain":0.0,"max_hp_loss":0.0,"gold_gain":0.0,"event_name":"Golden Wing","player_choice":"Card Removal","floor":3.0,"gold_loss":0.0,"damage_taken":7.0},{"damage_healed":0,"gold_gain":0,"player_choice":"Damaged","damage_taken":11,"max_hp_gain":0,"max_hp_loss":0,"event_name":"Wheel of Change","floor":20,"gold_loss":0}],"is_beta":false,"boss_relics":[{"not_picked":["Black Blood","Calling Bell"],"picked":"Mark of Pain"}],"items_purged_floors":[22,27],"is_endless":false,"potions_floor_spawned":[7,8,11,12,18,25,30],"killed_by":"Collector","ascension_level":20}}