{"host":"b4asi0laiv85suj9","time":1608550057,"event":{"mods":["BaseMod","Minty Spire (QoL Compilation)","MostiFishMod","Relic Stats","StSLib","TestMod","noobMod"],"gold_per_floor":[116,136,61,71,88,115,115,147,172,204,219,234,266,296,296,375,375,385,399,399,413,93,128,146,146,146,158,184,184,213,231,231,308,308,318,318,338,338,363,363,134,167,221,221,254,134,150,167,167,167,167,167,21,51,51],"floor_reached":56,"playtime":4338,"items_purged":["Strike_R","Strike_R","Strike_R","Strike_R+1"],"score":2845,"play_id":"9d826df6-59df-484f-a817-e8986ce492b5","local_time":"20201221192737","is_ascension_mode":true,"campfire_choices":[{"data":"Hemokinesis","floor":7,"key":"SMITH"},{"data":"Second Wind","floor":15,"key":"SMITH"},{"data":"testmod-RabbitOfFibonacci","floor":25,"key":"SMITH"},{"floor":29,"key":"RECALL"},{"data":"Prostrate","floor":32,"key":"SMITH"},{"data":"testmod-RabbitOfFibonacci+2","floor":40,"key":"SMITH"},{"data":"testmod-RabbitOfFibonacci+3","floor":44,"key":"SMITH"},{"data":"testmod-RabbitOfFibonacci+4","floor":49,"key":"SMITH"},{"data":"testmod-RabbitOfFibonacci+5","floor":52,"key":"SMITH"}],"circlet_count":0,"master_deck":["AscendersBane","Strike_R","Defend_R+1","Defend_R","Defend_R","Defend_R","Bash","Hemokinesis+1","Blade Dance","Shrug It Off+1","Second Wind+1","Sentinel","testmod-RabbitOfFibonacci+6","Flash of Steel","MostiFishMod:UniGreen+1","Pommel Strike","Dark Embrace+1","Prostrate+1","Discovery","Panacea","Forethought","Feel No Pain","Burning Pact","Body Slam","Rupture"],"relics":["testmod-TestBox","DaveBox","ice","Transparent","testmod-CyclicPeriapt","HaiYi:Twilight","Question Card","PrismaticShard","Toy Ornithopter","Orichalcum","testmod-IndustrialRevolution","MealTicket","Pear","Odd Mushroom","ImportantClient","Black Star","Nunchaku","Technique","DaCapo","Bottled Tornado","Whetstone","Bottled Flame","Blue Candle","Omamori","Runic Cube","Dead Branch","Happy Flower","Self Forming Clay","Centennial Puzzle","testmod-AssaultLearning","Oddly Smooth Stone","War Paint","Shuriken","White Beast Statue"],"acts_visited":["Exordium","TheCity","TheBeyond","TheEnding"],"potions_floor_usage":[55],"damage_taken":[{"damage":14,"enemies":"Jaw Worm","floor":1,"turns":2},{"damage":9,"enemies":"2 Louse","floor":2,"turns":1},{"damage":9,"enemies":"Cultist","floor":4,"turns":1},{"damage":25,"enemies":"Red Slaver","floor":5,"turns":2},{"damage":37,"enemies":"3 Sentries","floor":6,"turns":4},{"damage":18,"enemies":"Lagavulin","floor":8,"turns":2},{"damage":36,"enemies":"3 Sentries","floor":10,"turns":4},{"damage":18,"enemies":"Lots of Slimes","floor":11,"turns":2},{"damage":16,"enemies":"3 Louse","floor":12,"turns":2},{"damage":18,"enemies":"Gremlin Nob","floor":13,"turns":2},{"damage":43,"enemies":"The Mushroom Lair","floor":14,"turns":3},{"damage":70,"enemies":"Hexaghost","floor":16,"turns":6},{"damage":38,"enemies":"3 Byrds","floor":18,"turns":4},{"damage":20,"enemies":"Spheric Guardian","floor":19,"turns":2},{"damage":30,"enemies":"Centurion and Healer","floor":21,"turns":3},{"damage":31,"enemies":"Slavers","floor":23,"turns":3},{"damage":26,"enemies":"Chosen and Byrds","floor":24,"turns":3},{"damage":39,"enemies":"Shelled Parasite and Fungi","floor":27,"turns":3},{"damage":26,"enemies":"Book of Stabbing","floor":28,"turns":3},{"damage":24,"enemies":"Gremlin Leader","floor":30,"turns":3},{"damage":18,"enemies":"Snake Plant","floor":31,"turns":2},{"damage":26,"enemies":"Champ","floor":33,"turns":3},{"damage":27,"enemies":"Orb Walker","floor":35,"turns":2},{"damage":18,"enemies":"3 Darklings","floor":37,"turns":2},{"damage":16,"enemies":"Mind Bloom Boss Battle","floor":39,"turns":2},{"damage":18,"enemies":"Reptomancer","floor":42,"turns":2},{"damage":30,"enemies":"Giant Head","floor":45,"turns":3},{"damage":22,"enemies":"4 Shapes","floor":47,"turns":2},{"damage":33,"enemies":"Maw","floor":48,"turns":3},{"damage":18,"enemies":"Donu and Deca","floor":50,"turns":2},{"damage":18,"enemies":"Shield and Spear","floor":54,"turns":3},{"damage":8,"enemies":"The Heart","floor":55,"turns":6}],"seed_played":"-4075263205275183255","potions_obtained":[{"floor":1,"key":"PowerPotion"},{"floor":2,"key":"AttackPotion"}],"is_trial":false,"path_per_floor":["M","M","$","M","M","E","R","E","T","E","M","M","E","?","R","B",null,"M","M","?","M","$","E","M","R","T","M","E","R","E","M","R","B",null,"M","?","M","?","?","R","$","E","T","R","E","$","M","M","R","B",null,"R","$","E","B",null],"character_chosen":"IRONCLAD","items_purchased":["Nunchaku","Technique","Feel No Pain","Burning Pact","Rupture","War Paint"],"campfire_rested":0,"item_purchase_floors":[22,22,41,41,53,53],"current_hp_per_floor":[75,75,75,75,75,75,75,75,75,75,75,75,85,85,85,74,82,85,85,80,85,85,85,85,85,85,85,85,85,85,85,85,85,85,85,75,85,81,81,81,81,81,81,81,81,81,81,81,81,81,81,81,81,81,81],"gold":51,"neow_bonus":"BOSS_RELIC","is_daily":false,"chose_seed":false,"campfire_upgraded":8,"win_rate":0.0,"timestamp":1608550057,"path_taken":["M","M","$","M","M","E","R","E","T","E","M","M","E","?","R","BOSS","M","M","?","?","?","E","M","R","T","M","E","R","E","?","R","BOSS","M","?","M","?","?","R","?","E","T","R","E","$","M","M","R","BOSS","R","$","E","BOSS"],"items_purchased_type":["Relic","Relic","Card","Card","Card","Relic"],"build_version":"2020-12-13","purchased_purges":4,"victory":true,"max_hp_per_floor":[75,75,75,75,75,75,75,75,75,75,75,75,85,85,85,85,85,85,85,85,85,85,85,85,85,85,85,85,85,85,85,85,85,85,85,85,85,81,81,81,81,81,81,81,81,81,81,81,81,81,81,81,81,81,81],"relic_stats":{"Happy Flower":[6],"counters":[32,87],"Self Forming Clay":[39],"Blue Candle":[0],"Dead Branch":[127],"Whetstone":["testmod-RabbitOfFibonacci","Strike_R"],"Orichalcum":[6],"War Paint":["Defend_R","Shrug It Off"],"Question Card":32,"Nunchaku":[24],"Centennial Puzzle":[18],"Shuriken":[6],"MealTicket":0,"Black Star":6,"obtain_stats":[{"DaveBox":0,"ice":0,"Whetstone":28,"Bottled Tornado":23,"PrismaticShard":1,"Burning Blood":0,"Nunchaku":22,"Centennial Puzzle":43,"MealTicket":10,"DaCapo":23,"ImportantClient":16,"Runic Cube":34,"testmod-TestBox":0,"Pear":13,"Happy Flower":42,"Self Forming Clay":42,"Blue Candle":30,"Dead Branch":39,"Oddly Smooth Stone":45,"testmod-CyclicPeriapt":0,"Omamori":30,"Orichalcum":8,"Odd Mushroom":14,"War Paint":53,"Question Card":1,"testmod-IndustrialRevolution":9,"White Beast Statue":54,"Bottled Flame":28,"Transparent":0,"HaiYi:Twilight":0,"Shuriken":54,"testmod-AssaultLearning":45,"Black Star":17,"Technique":22,"Toy Ornithopter":6},{"DaveBox":0,"ice":0,"Whetstone":19,"Bottled Tornado":16,"PrismaticShard":1,"Burning Blood":0,"Nunchaku":15,"Centennial Puzzle":26,"MealTicket":7,"DaCapo":16,"ImportantClient":12,"Runic Cube":22,"testmod-TestBox":0,"Pear":10,"Happy Flower":26,"Self Forming Clay":26,"Blue Candle":20,"Dead Branch":25,"Oddly Smooth Stone":27,"testmod-CyclicPeriapt":0,"Omamori":20,"Orichalcum":6,"Odd Mushroom":11,"War Paint":30,"Question Card":1,"testmod-IndustrialRevolution":6,"White Beast Statue":31,"Bottled Flame":19,"Transparent":0,"HaiYi:Twilight":0,"Shuriken":31,"testmod-AssaultLearning":27,"Black Star":12,"Technique":15,"Toy Ornithopter":5},{"DaveBox":0,"ice":0,"Whetstone":52,"Bottled Tornado":43,"PrismaticShard":2,"Burning Blood":0,"Nunchaku":40,"Centennial Puzzle":68,"MealTicket":16,"DaCapo":43,"ImportantClient":31,"Runic Cube":60,"testmod-TestBox":0,"Pear":22,"Happy Flower":68,"Self Forming Clay":68,"Blue Candle":55,"Dead Branch":66,"Oddly Smooth Stone":71,"testmod-CyclicPeriapt":0,"Omamori":55,"Orichalcum":12,"Odd Mushroom":25,"War Paint":78,"Question Card":2,"testmod-IndustrialRevolution":12,"White Beast Statue":81,"Bottled Flame":52,"Transparent":0,"HaiYi:Twilight":0,"Shuriken":81,"testmod-AssaultLearning":71,"Black Star":31,"Technique":40,"Toy Ornithopter":10}],"Toy Ornithopter":5,"Runic Cube":[27]},"card_choices":[{"not_picked":["Flex","True Grit"],"picked":"Hemokinesis","floor":1},{"not_picked":["Cold Snap","Gash","White Noise","testmod-BackupPower"],"picked":"SKIP","floor":2},{"not_picked":["Coolheaded","PiercingWail","Indignation","Deadly Poison"],"picked":"SKIP","floor":4},{"not_picked":["Leg Sweep","Fission","ThirdEye"],"picked":"Blade Dance","floor":5},{"not_picked":["Crescendo","Blade Dance","FollowUp"],"picked":"Shrug It Off","floor":6},{"not_picked":["Coolheaded","Rebound","Clothesline","Sweeping Beam"],"picked":"SKIP","floor":8},{"not_picked":["Cloak And Dagger","Backflip","True Grit"],"picked":"Second Wind","floor":10},{"not_picked":["FearNoEvil","Clothesline","Evaluate","Sucker Punch"],"picked":"SKIP","floor":11},{"not_picked":["Barrage","Sweeping Beam","Sucker Punch"],"picked":"Sentinel","floor":12},{"not_picked":["testmod-ConditionedReflex","MasterReality","Halt"],"picked":"testmod-RabbitOfFibonacci","floor":13},{"not_picked":["Reprogram","Wireheading","Redo"],"picked":"Flash of Steel","floor":14},{"not_picked":["MostiFishMod:Minus","MostiFishMod:WingOfPhoenix","MostiFishMod:UniBlue"],"picked":"MostiFishMod:UniGreen","floor":16},{"not_picked":["Scrape","PathToVictory+1","LikeWater"],"picked":"Pommel Strike","floor":18},{"not_picked":["testmod-BackupPower","Bandage Up","Storm+1"],"picked":"Dark Embrace","floor":19},{"not_picked":["Heavy Blade","Masterful Stab","testmod-Reverberation","Dagger Spray"],"picked":"SKIP","floor":21},{"not_picked":["Sweeping Beam","Blade Dance+1","FearNoEvil"],"picked":"Prostrate","floor":23},{"not_picked":["Anger","Infinite Blades","Iron Wave","Coolheaded"],"picked":"SKIP","floor":24},{"not_picked":["Seeing Red","Reprogram+1","Dual Wield","Caltrops"],"picked":"SKIP","floor":27},{"not_picked":["Perfected Strike+1","Quick Slash","DeceiveReality","testmod-AdversityCounterattack"],"picked":"SKIP","floor":28},{"not_picked":["Pummel","ThirdEye","Consecrate","Entrench"],"picked":"SKIP","floor":30},{"not_picked":["Twin Strike","Headbutt","Chaos","Wild Strike"],"picked":"SKIP","floor":31},{"not_picked":["Dash","Swift Strike","Escape Plan","Sucker Punch"],"picked":"SKIP","floor":35},{"not_picked":["Dramatic Entrance","testmod-LifeRuler","testmod-Provocation"],"picked":"Discovery","floor":36},{"not_picked":["testmod-TreasureHunter","testmod-LimitFlipper","Madness"],"picked":"Panacea","floor":36},{"not_picked":["testmod-ConditionedReflex","Enlightenment","Impatience"],"picked":"Forethought","floor":36},{"not_picked":["Indignation","Dark Embrace","Clothesline","Blade Dance+1"],"picked":"SKIP","floor":37},{"not_picked":["Stack","FollowUp","Perfected Strike+1","MostiFishMod:PerfectParry"],"picked":"SKIP","floor":42},{"not_picked":["Metamorphosis","Heavy Blade","Prepared","Heatsinks"],"picked":"SKIP","floor":45},{"not_picked":["Redo","Poisoned Stab","CutThroughFate+1","Static Discharge"],"picked":"SKIP","floor":47},{"not_picked":["Outmaneuver","Coolheaded","Twin Strike"],"picked":"Body Slam","floor":48},{"not_picked":["MostiFishMod:NeverNightCountry","Sword Boomerang","Collect","Static Discharge"],"picked":"SKIP","floor":54}],"player_experience":219242,"relics_obtained":[{"floor":1,"key":"Question Card"},{"floor":1,"key":"PrismaticShard"},{"floor":6,"key":"Toy Ornithopter"},{"floor":8,"key":"Orichalcum"},{"floor":9,"key":"testmod-IndustrialRevolution"},{"floor":10,"key":"MealTicket"},{"floor":13,"key":"Pear"},{"floor":14,"key":"Odd Mushroom"},{"floor":16,"key":"ImportantClient"},{"floor":23,"key":"DaCapo"},{"floor":23,"key":"Bottled Tornado"},{"floor":28,"key":"Whetstone"},{"floor":28,"key":"Bottled Flame"},{"floor":30,"key":"Blue Candle"},{"floor":30,"key":"Omamori"},{"floor":39,"key":"Dead Branch"},{"floor":42,"key":"Happy Flower"},{"floor":42,"key":"Self Forming Clay"},{"floor":43,"key":"Centennial Puzzle"},{"floor":45,"key":"testmod-AssaultLearning"},{"floor":45,"key":"Oddly Smooth Stone"},{"floor":54,"key":"Shuriken"},{"floor":54,"key":"White Beast Statue"}],"event_choices":[{"damage_healed":0,"gold_gain":0,"player_choice":"Fought Mushrooms","damage_taken":0,"max_hp_gain":0,"max_hp_loss":0,"event_name":"Mushrooms","floor":14,"gold_loss":0},{"damage_healed":0,"gold_gain":0,"player_choice":"Bought 0 Potions","damage_taken":0,"max_hp_gain":0,"max_hp_loss":0,"event_name":"The Woman in Blue","floor":20,"gold_loss":0},{"damage_healed":0,"gold_gain":0,"player_choice":"Memory 3","damage_taken":10,"max_hp_gain":0,"max_hp_loss":0,"event_name":"SensoryStone","floor":36,"gold_loss":0},{"damage_healed":0,"gold_gain":0,"player_choice":"Max HP","damage_taken":0,"max_hp_gain":0,"max_hp_loss":4,"event_name":"Winding Halls","floor":38,"gold_loss":0},{"damage_healed":0,"gold_gain":0,"player_choice":"Fight","damage_taken":0,"max_hp_gain":0,"max_hp_loss":0,"event_name":"MindBloom","floor":39,"gold_loss":0}],"is_beta":false,"boss_relics":[{"not_picked":["RhineCircuit","testmod-SaigiyounoYou"],"picked":"Black Star"},{"not_picked":["Mark of Pain","Snecko Eye"],"picked":"Runic Cube"}],"items_purged_floors":[3,22,41,46],"is_endless":false,"potions_floor_spawned":[1,2,5,10,11,12,19,23,24,30,33,37,39,42],"ascension_level":15}}