{"host":"e4wnmsyty9uvvtwf","time":1608560604,"event":{"mods":["Aspiration","BaseMod","Colored Map","Colored Powertips","Marisa£®ÏF”Í°°ƒß¿Ì…≥£©","Minty Spire (QoL Compilation)","Rare Cards Sparkle","Replay The Spire","StSLib"],"gold_per_floor":[115,135,135,148,148,148,162,162,208,133,149,149,172,210,210,303,303,326,326,344,344,194,194,217,258,308,320,332,416,472,118,118,216,216,235,235,85,85,85,101,122,122,161,161,210,260,260,275,316,331,331,331],"floor_reached":53,"playtime":1862,"items_purged":["Injury","Writhe","Strike_G","Pain"],"score":1653,"play_id":"e7947ca5-d19f-4c61-8360-5990ee10f5d7","local_time":"20201221222324","is_ascension_mode":true,"campfire_choices":[{"data":"Poisoned Stab","floor":6,"key":"SMITH"},{"floor":12,"key":"REST"},{"data":"Glass Knife","floor":23,"key":"SMITH"},{"data":"Deflect","floor":27,"key":"SMITH"},{"data":"Backflip","floor":32,"key":"SMITH"},{"data":"ChargeUpSpray","floor":42,"key":"SMITH"}],"circlet_count":0,"master_deck":["AscendersBane","Strike_G","Strike_G","Strike_G","Strike_G","Defend_G","Defend_G","Defend_G","Defend_G","Defend_G","Survivor","Neutralize+1","Deflect+1","Backflip+1","Poisoned Stab+1","Flying Knee+1","Deflect+1","Calculated Gamble+1","Blur+1","Bullet Time+1","EarthLightRay+1","Glass Knife+1","Cloak And Dagger+1","ChargeUpSpray+1","Phantasmal Killer+1","Outmaneuver+1","BinaryStars+1","Adrenaline+1","Madness+1","Madness+1","ChargeUpSpray+1","Hidden Blade+1","Adrenaline+1"],"relics":["Ring of the Snake","aspiration:Nostalgia","m_TsuchinokoRing","Toxic Egg 2","Golden Idol","ReplayFunnel","Bronze Scales","aspiration:MarisaSkillbook","PreservedInsect","Strawberry","MawBank","Iron Hammer","Mirror","Replay:Rubber Ducky","Anchor","Philosopher\u0027s Stone","WarpedTongs","aspiration:ArtOfWarUpgrade","Regal Pillow","Bottled Lightning"],"acts_visited":["Exordium","TheCity","TheBeyond"],"potions_floor_usage":[14,52],"damage_taken":[{"damage":1,"enemies":"Small Slimes","floor":1,"turns":4},{"damage":5,"enemies":"Cultist","floor":2,"turns":4},{"damage":2,"enemies":"Jaw Worm","floor":4,"turns":4},{"damage":0,"enemies":"3 Louse","floor":7,"turns":4},{"damage":4,"enemies":"Blue Slaver","floor":11,"turns":4},{"damage":6,"enemies":"Exordium Thugs","floor":13,"turns":6},{"damage":5,"enemies":"Replay:BlueRogue","floor":14,"turns":8},{"damage":6,"enemies":"Hexaghost","floor":16,"turns":11},{"damage":2,"enemies":"2 Thieves","floor":18,"turns":4},{"damage":8,"enemies":"Shell Parasite","floor":20,"turns":5},{"damage":0,"enemies":"Snecko","floor":24,"turns":2},{"damage":0,"enemies":"Replay:Snechameleon","floor":25,"turns":3},{"damage":6,"enemies":"Slavers","floor":30,"turns":4},{"damage":38,"enemies":"Collector","floor":33,"turns":8},{"damage":2,"enemies":"3 Shapes","floor":35,"turns":4},{"damage":29,"enemies":"3 Darklings","floor":40,"turns":3},{"damage":0,"enemies":"Sphere and 2 Shapes","floor":41,"turns":5},{"damage":0,"enemies":"Reptomancer","floor":43,"turns":3},{"damage":0,"enemies":"Transient","floor":48,"turns":3},{"damage":0,"enemies":"Giant Head","floor":49,"turns":3},{"damage":2,"enemies":"4 Shapes","floor":50,"turns":4},{"damage":0,"enemies":"Donu and Deca","floor":52,"turns":4}],"seed_played":"440390063745356230","potions_obtained":[{"floor":7,"key":"Ancient Potion"},{"floor":11,"key":"Milkshake"},{"floor":13,"key":"SkillPotion"},{"floor":14,"key":"Toxic Potion"},{"floor":24,"key":"Dexterity Potion"},{"floor":48,"key":"FairyPotion"}],"is_trial":false,"path_per_floor":["M","M","?","M","?","R","M","?","T","$","M","R","M","E","R_BF","B",null,"M","?","M","?","$","R","M","E","T","R","T","T","E","$","R","B",null,"M","?","$","PTL","PTL","M","M","R","E","?","T","?","R","M","E","M","R","B",null],"character_chosen":"THE_SILENT","items_purchased":["Cloak And Dagger+1","Anchor","ChargeUpSpray"],"campfire_rested":1,"item_purchase_floors":[22,31,31],"current_hp_per_floor":[58,53,53,51,51,51,51,28,28,28,24,43,37,32,51,45,61,59,59,57,57,57,57,63,73,73,73,73,73,68,68,68,35,64,68,68,68,68,68,44,50,50,56,43,43,43,43,49,55,59,59,65],"gold":331,"neow_bonus":"NOSTALGIA","is_daily":false,"chose_seed":false,"campfire_upgraded":5,"win_rate":0.0,"timestamp":1608560604,"path_taken":["M","M","?","?","?","R","M","?","T","$","M","R","M","E","R_BF","BOSS","M","?","?","?","$","R","M","E","T","R","?","?","E","$","R","BOSS","M","?","$","PTL","PTL","M","?","R","E","?","T","?","R","?","E","M","R","BOSS"],"items_purchased_type":["Card","Relic","Card"],"build_version":"2020-12-13","purchased_purges":4,"victory":true,"max_hp_per_floor":[66,66,66,66,66,66,66,66,66,66,66,66,66,66,66,66,66,66,66,66,66,66,66,66,73,73,73,73,73,73,73,73,73,73,73,73,73,73,73,73,73,73,73,73,73,73,73,73,73,73,73,73],"card_choices":[{"not_picked":["Prepared","Dodge and Roll"],"picked":"Deflect","floor":1},{"not_picked":["Acrobatics","PiercingWail"],"picked":"Backflip","floor":2},{"not_picked":["Deflect","A Thousand Cuts"],"picked":"Poisoned Stab","floor":4},{"not_picked":["Flechettes","Dagger Throw"],"picked":"Flying Knee","floor":7},{"not_picked":["Dodge and Roll+1","ReplayTheSpireMod:Exploit Weakness+1"],"picked":"Deflect+1","floor":11},{"not_picked":["Dodge and Roll+1","Expertise+1"],"picked":"Calculated Gamble+1","floor":13},{"not_picked":["Fluid Movement","ReplayTheSpireMod:Exploit Weakness+1"],"picked":"Blur+1","floor":14},{"not_picked":["Malaise+1","ReplayTheSpireMod:From All Sides"],"picked":"Bullet Time+1","floor":16},{"not_picked":["Deflect+1","LuminesStrike","6A"],"picked":"EarthLightRay+1","floor":18},{"not_picked":["ReplayTheSpireMod:Shiv Toss+1","GrandCross","PiercingWail+1"],"picked":"Glass Knife","floor":20},{"not_picked":["Skewer+1","IllusionStar+1","Quick Slash","GasGiant+1"],"picked":"SKIP","floor":24},{"not_picked":["Crippling Poison+1","Dagger Throw","LuminesStrike","UnstableBomb"],"picked":"SKIP","floor":25},{"not_picked":["Toxin Wave+1","Well Laid Plans","Dagger Throw","IllusionStar+1"],"picked":"SKIP","floor":30},{"not_picked":["BigCrunch+1","Venomology+1","BinaryStars+1"],"picked":"Phantasmal Killer+1","floor":33},{"not_picked":["PiercingWail+1","Eviscerate","Blade Dance+1"],"picked":"Outmaneuver+1","floor":35},{"not_picked":["Flechettes","Blade Dance+1","DC"],"picked":"BinaryStars+1","floor":40},{"not_picked":["NonDirectionalLaser","Dagger Throw","Distraction+1","Underhanded Strike"],"picked":"SKIP","floor":41},{"not_picked":["Poisoned Stab","Bouncing Flask+1","WitchLeyline"],"picked":"Adrenaline+1","floor":43},{"not_picked":["ReplayTheSpireMod:Shiv Toss+1","Reflex+1","Backflip+1"],"picked":"ChargeUpSpray+1","floor":48},{"not_picked":["SuperPerseids+1","Deflect+1","Sucker Punch"],"picked":"Hidden Blade+1","floor":49},{"not_picked":["OrrerysSun","Poisoned Stab","PiercingWail+1"],"picked":"Adrenaline+1","floor":50}],"player_experience":631810,"relics_obtained":[{"floor":9,"key":"ReplayFunnel"},{"floor":14,"key":"Bronze Scales"},{"floor":25,"key":"Strawberry"},{"floor":26,"key":"MawBank"},{"floor":28,"key":"Iron Hammer"},{"floor":29,"key":"Mirror"},{"floor":30,"key":"Replay:Rubber Ducky"},{"floor":43,"key":"Art of War"},{"floor":45,"key":"Regal Pillow"},{"floor":49,"key":"Bottled Lightning"}],"event_choices":[{"damage_healed":0,"gold_gain":0,"player_choice":"Upgraded","damage_taken":0,"max_hp_gain":0,"max_hp_loss":0,"event_name":"Upgrade Shrine","floor":3,"gold_loss":0,"cards_upgraded":["Neutralize"]},{"damage_healed":0,"gold_gain":0,"player_choice":"Take Damage","damage_taken":23,"relics_obtained":["Golden Idol"],"max_hp_gain":0,"max_hp_loss":0,"event_name":"Golden Idol","floor":8,"gold_loss":0},{"damage_healed":0,"gold_gain":0,"player_choice":"Opened","damage_taken":0,"relics_obtained":["PreservedInsect"],"max_hp_gain":0,"max_hp_loss":0,"event_name":"The Mausoleum","floor":19,"gold_loss":0,"cards_obtained":["Writhe"]},{"damage_healed":0,"gold_gain":0,"player_choice":"Ignored","damage_taken":0,"max_hp_gain":0,"max_hp_loss":0,"event_name":"Ghosts","floor":21,"gold_loss":0},{"damage_healed":0,"gold_gain":0,"player_choice":"Rummage","damage_taken":0,"relics_obtained":["WarpedTongs"],"max_hp_gain":0,"max_hp_loss":0,"event_name":"Accursed Blacksmith","floor":36,"gold_loss":0,"cards_obtained":["Pain"]},{"damage_healed":0,"gold_gain":0,"player_choice":"Embrace Madness","damage_taken":13,"max_hp_gain":0,"max_hp_loss":0,"event_name":"Winding Halls","floor":44,"gold_loss":0,"cards_obtained":["Madness","Madness"]},{"damage_healed":0,"gold_gain":50,"player_choice":"Pray","damage_taken":0,"max_hp_gain":0,"max_hp_loss":0,"event_name":"Golden Shrine","floor":46,"gold_loss":0}],"is_beta":false,"boss_relics":[{"not_picked":["Snecko Scales","aspiration:FutureDiary"],"picked":"aspiration:MarisaSkillbook"},{"not_picked":["Replay:Wanted Poster","Black Star"],"picked":"Philosopher\u0027s Stone"}],"items_purged_floors":[10,22,31,37],"is_endless":false,"potions_floor_spawned":[7,11,13,14,20,24,33,43,48],"ascension_level":17}}