{"host":"00tqcjwpycel7e54","time":1608549526,"event":{"mods":["ATMod(阿瑾Mod)","BaseMod","Displayed Cursed Tome","Downfall","Hermit","Luminous","Marisa（F雨　魔理沙）","Minty Spire (QoL Compilation)","Remilia（蕾米莉亚）","Replay The Spire","Robot Space Explorer","Shop Mod","Spicy Shops","StSLib","The Administrix","The Bug Knight","The Cursed","The Dragon Tamer","The Gatherer","The Hierophant","The Runesmith","The Senshi","The Servant 0.9.4","WarShipGirlsR/战舰少女R mod","Youmu（魂魄妖梦）","Yuyuko","【东方二次创作】八云紫mod","【遗物卡牌】REMEMod"],"gold_per_floor":[116,116,116,116,129,129,170,183,251,284,297,317,317,331,331,451,451,469,66,80,80,5,5,5],"floor_reached":23,"playtime":862,"items_purged":["hermit:Defend_Hermit"],"score":225,"play_id":"89ea3c04-2bb5-4b0d-a9dd-bec3077a82c9","local_time":"20201221191846","is_ascension_mode":false,"campfire_choices":[{"data":"hermit:Brawl","floor":6.0,"key":"SMITH"},{"data":"hermit:Combo","floor":13.0,"key":"SMITH"},{"floor":15.0,"key":"REST"}],"circlet_count":0,"master_deck":["hermit:Strike_Hermit","hermit:Strike_Hermit","hermit:Strike_Hermit","hermit:Strike_Hermit","hermit:Defend_Hermit","hermit:Defend_Hermit","hermit:Defend_Hermit","hermit:Snapshot","hermit:Covet","hermit:Malice","Injury","hermit:Brawl+1","hermit:Showdown","hermit:SprayPray","hermit:ItchyTrigger","hermit:Combo+1","hermit:Deadeye","hermit:Dissolve","hermit:EyeOfTheStorm","hermit:PistolWhip"],"relics":["hermit:Momento","AT_ATBox","REME_ComplimentaryCards","NeowsBlessing","Golden Idol","AT_SunfireAegis","Spirit Poop","ScarletDevilRocket","hermit:Spyglass","Ginger","Ring of Chaos","Mummified Hand","REME_OnlineShoppingPlatform"],"acts_visited":["Exordium","TheCity"],"potions_floor_usage":[],"damage_taken":[{"damage":0.0,"enemies":"Small Slimes","floor":1.0,"turns":1.0},{"damage":0.0,"enemies":"Cultist","floor":5.0,"turns":1.0},{"damage":0.0,"enemies":"Lagavulin","floor":7.0,"turns":1.0},{"damage":6.0,"enemies":"Jaw Worm","floor":8.0,"turns":3.0},{"damage":34.0,"enemies":"Gremlin Nob","floor":10.0,"turns":4.0},{"damage":0.0,"enemies":"2 Fungi Beasts","floor":11.0,"turns":2.0},{"damage":6.0,"enemies":"Large Slime","floor":12.0,"turns":4.0},{"damage":8.0,"enemies":"Red Slaver","floor":14.0,"turns":5.0},{"damage":39.0,"enemies":"Hexaghost","floor":16.0,"turns":8.0},{"damage":19.0,"enemies":"Shell Parasite","floor":18.0,"turns":5.0},{"damage":0.0,"enemies":"Snecko","floor":20.0,"turns":3.0},{"damage":0,"enemies":"Book of Stabbing","floor":23,"turns":1}],"seed_played":"-6145682750844490133","potions_obtained":[{"floor":7.0,"key":"BlessingOfTheForge"},{"floor":8.0,"key":"Cursed Concoction"},{"floor":10.0,"key":"Dexterity Potion"}],"is_trial":false,"path_per_floor":["M","?","?","?","M","R","E","M","T","E","M","M","R","M","R","B",null,"M","$","M","?","$","E"],"character_chosen":"HERMIT","items_purchased":["Mummified Hand","REME_OnlineShoppingPlatform"],"campfire_rested":1,"item_purchase_floors":[19,19],"current_hp_per_floor":[75,75,75,75,75,75,75,69,69,35,35,29,29,21,43,4,75,56,56,56,56,56,56,56],"gold":5,"neow_bonus":"THREE_ENEMY_KILL","is_daily":false,"chose_seed":false,"campfire_upgraded":2,"win_rate":0.0,"timestamp":1608549526,"path_taken":["M","?","?","?","M","R","E","M","T","E","M","M","R","M","R","BOSS","M","?","?","?","$","E"],"items_purchased_type":["Relic","Relic"],"build_version":"2020-12-13","purchased_purges":1,"victory":false,"max_hp_per_floor":[75,75,75,75,75,75,75,75,75,75,75,75,75,75,75,75,75,75,75,75,75,75,75,75],"card_choices":[{"not_picked":["hermit:Manifest","hermit:HoleUp"],"picked":"hermit:Malice","floor":1.0},{"not_picked":["hermit:Desperado","hermit:Feint"],"picked":"hermit:Brawl","floor":5.0},{"not_picked":["hermit:Deadeye","hermit:Roulette"],"picked":"hermit:Showdown","floor":7.0},{"not_picked":["hermit:Ricochet","hermit:Brawl"],"picked":"hermit:SprayPray","floor":8.0},{"not_picked":["hermit:Adapt","hermit:Desperado","hermit:ShadowCloak"],"picked":"SKIP","floor":10.0},{"not_picked":["hermit:Dive","hermit:TrackingShot"],"picked":"hermit:ItchyTrigger","floor":11.0},{"not_picked":["hermit:CalledShot","hermit:Desperado"],"picked":"hermit:Combo","floor":12.0},{"not_picked":["hermit:Ricochet","hermit:Grudge"],"picked":"hermit:Deadeye","floor":14.0},{"not_picked":["hermit:BlackWind","hermit:Adapt"],"picked":"hermit:Dissolve","floor":16.0},{"not_picked":["hermit:ItchyTrigger","hermit:Deadeye"],"picked":"hermit:EyeOfTheStorm","floor":18.0},{"not_picked":["hermit:ItchyTrigger+1","hermit:Feint"],"picked":"hermit:PistolWhip","floor":20.0}],"player_experience":668838,"relics_obtained":[{"floor":7.0,"key":"ScarletDevilRocket"},{"floor":9.0,"key":"hermit:Spyglass"},{"floor":10.0,"key":"Ginger"}],"event_choices":[{"damage_healed":0.0,"max_hp_gain":0.0,"max_hp_loss":0.0,"gold_gain":0.0,"event_name":"Golden Idol","player_choice":"Take Wound","floor":2.0,"gold_loss":0.0,"damage_taken":0.0,"relics_obtained":["Golden Idol"],"cards_obtained":["Injury"]},{"damage_healed":0.0,"max_hp_gain":0.0,"max_hp_loss":0.0,"gold_gain":0.0,"event_name":"Big Fish","player_choice":"Box","floor":3.0,"gold_loss":0.0,"damage_taken":0.0,"relics_obtained":["AT_SunfireAegis"],"cards_obtained":["Regret"]},{"cards_removed":["Regret"],"damage_healed":0.0,"max_hp_gain":0.0,"max_hp_loss":0.0,"gold_gain":0.0,"event_name":"Bonfire Elementals","player_choice":"Offered Curse","floor":4.0,"gold_loss":0.0,"damage_taken":0.0,"relics_obtained":["Spirit Poop"]},{"damage_healed":0.0,"max_hp_gain":0.0,"max_hp_loss":0.0,"gold_gain":0.0,"event_name":"Lab","player_choice":"Got Potions","floor":21.0,"gold_loss":0.0,"damage_taken":0.0}],"is_beta":false,"boss_relics":[{"not_picked":["Abe\u0027s Treasure","Replay:Wanted Poster"],"picked":"Ring of Chaos"}],"items_purged_floors":[22],"is_endless":false,"potions_floor_spawned":[7,8,10,14,20],"killed_by":"Book of Stabbing","ascension_level":0}}