{"host":"x7btokbb0w2jhl7e","time":1608538691,"event":{"mods":["ATMod(°¢èªMod)","Act Like it!","BaseMod","Hallownest","Minty Spire (QoL Compilation)","Quick Restart","StSLib"],"gold_per_floor":[111,111,111,130,199,228,228,260,260,273,289,319,319,332,332,409,409,419,419,672,685,180,207,207,241,267,319,407,407,317,358,358,460,460,521,521,538,538,89,149,149,149,202,257,320,320,320,365,365,464,566,566,566,28,112,112,112],"floor_reached":56,"playtime":2452,"items_purged":["Defend_P","Strike_P+1"],"score":2337,"play_id":"fcb6c5ca-9806-49a8-a4d1-e2bb8019a5c1","local_time":"20201221161811","is_ascension_mode":true,"campfire_choices":[{"data":"Eruption","floor":7.0,"key":"SMITH"},{"data":"AT_MachinaRedman","floor":13.0,"key":"SMITH"},{"data":"AT_IrregularMenstruation","floor":15.0,"key":"SMITH"},{"floor":24.0,"key":"REST"},{"floor":29.0,"key":"REST"},{"floor":32.0,"key":"RECALL"},{"data":"Adaptation","floor":41.0,"key":"SMITH"},{"floor":46.0,"key":"REST"},{"floor":49.0,"key":"REST"},{"floor":53.0,"key":"REST"}],"circlet_count":0,"master_deck":["AscendersBane","Strike_P+1","Strike_P+1","Defend_P+1","Defend_P+1","Eruption+1","Vigilance+1","AT_MachinaRedman+1","CutThroughFate+1","LessonLearned+1","FearNoEvil+1","DevaForm+1","Wireheading+1","AT_IrregularMenstruation+1","ConjureBlade+1","Omniscience+1","FlurryOfBlows+1","InnerPeace+1","Adaptation+1","Sanctity+1","WheelKick+1","Omniscience+1","Omniscience+1","Tantrum+1","Omniscience+1","Vault+1","WaveOfTheHand+1","AT_FamilyPortrait+1"],"relics":["AT_ATBox","Sozu","Hallownest:DreamNailRelic","AT_BellowingDragoncrestRing","AT_RedNoBalance","Molten Egg 2","AT_RedTearstoneRing","VioletLotus","Pear","Toxic Egg 2","Whetstone","AT_MibuBalloonWealth","Sundial","Hallownest:StagBellRelic1","Philosopher\u0027s Stone","Hallownest:BeastSealRelic","Question Card","Orrery","Boot","Torii","Chemical X","Vajra"],"acts_visited":["Hallownest:Greenpath","Hallownest:CityofTears","Hallownest:KingdomsEdge","TheEnding"],"potions_floor_usage":[],"damage_taken":[{"damage":0.0,"enemies":"Hallownest:monsterHuskWarrior","floor":1.0,"turns":2.0},{"damage":5.0,"enemies":"Hallownest:2_MossCreeps","floor":4.0,"turns":4.0},{"damage":2.0,"enemies":"Hallownest:eliteVengeflyKing","floor":6.0,"turns":3.0},{"damage":0.0,"enemies":"Hallownest:eliteMossKnight","floor":8.0,"turns":3.0},{"damage":3.0,"enemies":"Hallownest:2_Tiktiks_and_1_Crawlid","floor":10.0,"turns":3.0},{"damage":2.0,"enemies":"Hallownest:Guard_and_Warrior","floor":11.0,"turns":3.0},{"damage":13.0,"enemies":"Hallownest:eliteCrystalGuardian","floor":12.0,"turns":3.0},{"damage":0.0,"enemies":"Hallownest:1_Ooma_and_2_Uuma","floor":14.0,"turns":3.0},{"damage":27.0,"enemies":"Hallownest:BossBrokenVessel","floor":16.0,"turns":4.0},{"damage":0.0,"enemies":"Hallownest:Guard_and_Sentry","floor":18.0,"turns":1.0},{"damage":0.0,"enemies":"Hallownest:3_Youths","floor":21.0,"turns":2.0},{"damage":35.0,"enemies":"Hallownest:eliteSoulWarrior","floor":23.0,"turns":4.0},{"damage":0.0,"enemies":"Hallownest:Nosk","floor":25.0,"turns":4.0},{"damage":0.0,"enemies":"Hallownest:eliteSoulWarrior","floor":27.0,"turns":2.0},{"damage":20.0,"enemies":"Hallownest:Glutton_and_Coward","floor":28.0,"turns":5.0},{"damage":6.0,"enemies":"Hallownest:monsterMisterMushroom","floor":31.0,"turns":4.0},{"damage":2.0,"enemies":"Hallownest:BossSoulMaster","floor":33.0,"turns":3.0},{"damage":12.0,"enemies":"Hallownest:Shield_Heavy","floor":35.0,"turns":3.0},{"damage":1.0,"enemies":"Hallownest:2_Littles","floor":37.0,"turns":2.0},{"damage":5.0,"enemies":"Hallownest:eliteCollector","floor":40.0,"turns":3.0},{"damage":0.0,"enemies":"Hallownest:eliteHiveKnight","floor":44.0,"turns":1.0},{"damage":0.0,"enemies":"Hallownest:Slobbering_and_Violent","floor":45.0,"turns":2.0},{"damage":0.0,"enemies":"Hallownest:monsterPrimalAspid","floor":48.0,"turns":1.0},{"damage":12.0,"enemies":"Hallownest:BossGreyPrinceZote","floor":50.0,"turns":3.0},{"damage":0.0,"enemies":"Hallownest:Radiance","floor":51.0,"turns":2.0},{"damage":0.0,"enemies":"Shield and Spear","floor":55.0,"turns":2.0},{"damage":101,"enemies":"The Heart","floor":56,"turns":4}],"seed_played":"-7659208317139745507","potions_obtained":[],"is_trial":false,"path_per_floor":["M","?","?","M","T","E","R","E","T","M","M","E","R","M","R","B",null,"M","?","?","M","$","E","R","E","T","E","M","R","?","M","R","B",null,"M","?","M","?","$","E","R","?","T","E","M","R","?","M","R","B","B",null,"R","$","E","B"],"character_chosen":"WATCHER","items_purchased":["DevaForm","Pear","Question Card","Orrery","Chemical X","WaveOfTheHand+1","AT_FamilyPortrait+1"],"campfire_rested":5,"item_purchase_floors":[22,22,39,39,54,54,54],"current_hp_per_floor":[61,61,51,46,46,44,44,34,34,31,32,21,21,36,36,9,53,36,68,68,34,44,9,32,32,32,32,12,35,35,29,29,27,65,53,53,52,52,52,47,47,47,47,47,47,70,70,70,71,59,59,68,71,71,71,0,0],"gold":112,"neow_bonus":"BOSS_RELIC","is_daily":false,"chose_seed":false,"campfire_upgraded":4,"win_rate":0.0,"timestamp":1608538691,"path_taken":["M","?","?","?","?","E","R","E","T","M","?","E","R","?","R","BOSS","M","?","?","?","$","E","R","E","T","E","M","R","?","M","R","BOSS","M","?","M","?","$","E","R","?","T","E","?","R","?","M","R","BOSS","BOSS","R","$","E","BOSS"],"items_purchased_type":["Card","Relic","Relic","Relic","Relic","Card","Card"],"build_version":"2020-12-13","purchased_purges":2,"victory":false,"max_hp_per_floor":[68,68,68,68,68,68,68,68,68,68,68,68,68,68,68,68,68,68,68,68,68,78,78,78,78,78,78,78,78,78,78,78,78,78,78,78,78,78,78,78,78,78,78,78,78,78,71,71,71,71,71,71,71,71,71,71,71],"card_choices":[{"not_picked":["FollowUp","Evaluate","SashWhip"],"picked":"SKIP","floor":1.0},{"not_picked":["PathToVictory","JustLucky","ThirdEye"],"picked":"SKIP","floor":4.0},{"not_picked":["CarveReality","CutThroughFate","SashWhip"],"picked":"SKIP","floor":6.0},{"not_picked":["Alpha","Nirvana","Sanctity"],"picked":"SKIP","floor":8.0},{"not_picked":["Alpha","Nirvana","Sanctity"],"picked":"SKIP","floor":8.0},{"not_picked":["Protect","ForeignInfluence"],"picked":"CutThroughFate+1","floor":10.0},{"not_picked":["SandsOfTime+1","Consecrate+1","Evaluate"],"picked":"SKIP","floor":11.0},{"not_picked":["AT_SoftenMuscles","Meditate","Collect"],"picked":"SKIP","floor":12.0},{"not_picked":["SashWhip+1","Meditate"],"picked":"AT_IrregularMenstruation","floor":14.0},{"not_picked":["MasterReality","Vault"],"picked":"LessonLearned+1","floor":16.0},{"not_picked":["Evaluate+1","FlurryOfBlows+1"],"picked":"FearNoEvil+1","floor":18.0},{"not_picked":["JustLucky+1","PathToVictory","EmptyBody"],"picked":"SKIP","floor":21.0},{"not_picked":["Perseverance+1","Swivel+1","SandsOfTime+1"],"picked":"SKIP","floor":23.0},{"not_picked":["Protect+1","Evaluate+1"],"picked":"Wireheading","floor":25.0},{"not_picked":["AT_RealFormLess+1","WaveOfTheHand+1"],"picked":"AT_IrregularMenstruation+1","floor":27.0},{"not_picked":["ThirdEye+1","Consecrate+1","WreathOfFlame+1"],"picked":"SKIP","floor":28.0},{"not_picked":["Protect+1","FollowUp+1","PathToVictory+1"],"picked":"SKIP","floor":31.0},{"not_picked":["Brilliance+1","Blasphemy+1"],"picked":"ConjureBlade+1","floor":33.0},{"not_picked":["JustLucky+1","Prostrate+1","FollowUp+1"],"picked":"SKIP","floor":35.0},{"not_picked":["CrushJoints+1","Prostrate+1","FlyingSleeves+1"],"picked":"SKIP","floor":37.0},{"not_picked":["Wallop+1","Nirvana","SandsOfTime+1"],"picked":"Omniscience+1","floor":39.0},{"not_picked":["ReachHeaven+1","FollowUp+1","FearNoEvil+1"],"picked":"FlurryOfBlows+1","floor":39.0},{"not_picked":["CrushJoints+1","CarveReality+1","Sanctity+1"],"picked":"InnerPeace+1","floor":39.0},{"not_picked":["EmptyFist+1","Consecrate+1","LikeWater"],"picked":"Adaptation","floor":39.0},{"not_picked":["Consecrate+1","PathToVictory+1","EmptyFist+1"],"picked":"Sanctity+1","floor":39.0},{"not_picked":["DeceiveReality+1","SashWhip+1","AT_IrregularMenstruation+1"],"picked":"WheelKick+1","floor":40.0},{"not_picked":["FearNoEvil+1","Consecrate+1","Pray+1"],"picked":"Tantrum+1","floor":44.0},{"not_picked":["ClearTheMind+1","BowlingBash+1","Swivel+1","JustLucky+1"],"picked":"SKIP","floor":45.0},{"not_picked":["JustLucky+1","SashWhip+1","Conclude+1","PathToVictory+1"],"picked":"SKIP","floor":48.0},{"not_picked":["AT_RealColorLess","SpiritShield+1","LessonLearned+1"],"picked":"Omniscience+1","floor":50.0},{"not_picked":["Devotion","ConjureBlade+1","Brilliance+1"],"picked":"Vault+1","floor":51.0},{"not_picked":["ThirdEye+1","Prostrate+1","EmptyFist+1","CrushJoints+1"],"picked":"SKIP","floor":55.0}],"player_experience":220300,"relics_obtained":[{"floor":5.0,"key":"AT_BellowingDragoncrestRing"},{"floor":6.0,"key":"AT_SilverBalance"},{"floor":8.0,"key":"Molten Egg 2"},{"floor":9.0,"key":"AT_RedTearstoneRing"},{"floor":12.0,"key":"Blood Vial"},{"floor":23.0,"key":"Toxic Egg 2"},{"floor":25.0,"key":"Whetstone"},{"floor":26.0,"key":"AT_MibuBalloonWealth"},{"floor":27.0,"key":"Sundial"},{"floor":40.0,"key":"Boot"},{"floor":44.0,"key":"Torii"},{"floor":55.0,"key":"Vajra"}],"event_choices":[],"is_beta":false,"boss_relics":[{"not_picked":["Velvet Choker","Cursed Key"],"picked":"VioletLotus"},{"not_picked":["Pandora\u0027s Box","Black Star"],"picked":"Philosopher\u0027s Stone"}],"items_purged_floors":[22,54],"is_endless":false,"potions_floor_spawned":[1,4,8,10,18,21,33,35,40,45,48,51],"killed_by":"The Heart","ascension_level":20}}