{"host":"Fun","time":1608589050,"event":{"mods":["BaseMod","Colored Map","Filter the Spire","Minty Spire (QoL Compilation)","Relic Stats","StSLib"],"gold_per_floor":[360,373,385,2,2,30,30,65,139,139,172,172,24,40,40,141,141,159,22,37,37,47,47,80,99,123,38,0,0,10,10,10,112,112,125,125,145,145,0,27,46,71,71,87,87,87,87,98,98,98],"floor_reached":51,"playtime":2014,"items_purged":["Pain","Strike_G"],"score":1165,"play_id":"da9f3799-e176-4d75-9d3d-f351241d5e58","local_time":"20201221171730","is_ascension_mode":true,"campfire_choices":[{"floor":7,"key":"REST"},{"floor":10,"key":"REST"},{"data":"Cloak And Dagger","floor":12,"key":"SMITH"},{"data":"Neutralize","floor":15,"key":"SMITH"},{"data":"Footwork","floor":23,"key":"SMITH"},{"floor":29,"key":"REST"},{"floor":32,"key":"REST"},{"data":"Malaise","floor":45,"key":"SMITH"},{"data":"Bouncing Flask","floor":47,"key":"SMITH"},{"data":"Skewer","floor":49,"key":"SMITH"}],"circlet_count":0,"master_deck":["AscendersBane","Strike_G","Strike_G","Strike_G","Defend_G","Defend_G","Defend_G","Defend_G","Defend_G","Survivor","Neutralize+1","Bouncing Flask+1","Skewer+1","Dagger Spray","Cloak And Dagger+1","Choke","Blade Dance","Malaise+1","Deadly Poison+1","PiercingWail+1","Envenom+1","Footwork+1","Backflip+1","Backflip+1","Accuracy+1","Cloak And Dagger+1","Deflect+1","Burst+1","Madness+1","Madness+1","Bandage Up+1","PiercingWail+1","Noxious Fumes+1"],"relics":["Ring of the Snake","WarpedTongs","Shuriken","Incense Burner","Happy Flower","Toxic Egg 2","Vajra","Chemical X","Runic Pyramid","Nunchaku","Kunai","Busted Crown","Red Mask","Bag of Preparation","Strawberry","Ancient Tea Set"],"acts_visited":["Exordium","TheCity","TheBeyond"],"potions_floor_usage":[6,20,24,25,50],"damage_taken":[{"damage":7,"enemies":"2 Louse","floor":1,"turns":4},{"damage":1,"enemies":"Cultist","floor":2,"turns":3},{"damage":1,"enemies":"Small Slimes","floor":3,"turns":3},{"damage":21,"enemies":"3 Sentries","floor":6,"turns":9},{"damage":25,"enemies":"Gremlin Nob","floor":8,"turns":4},{"damage":10,"enemies":"3 Sentries","floor":11,"turns":6},{"damage":0,"enemies":"Looter","floor":14,"turns":3},{"damage":14,"enemies":"The Guardian","floor":16,"turns":9},{"damage":0,"enemies":"Chosen","floor":18,"turns":6},{"damage":15,"enemies":"2 Thieves","floor":20,"turns":3},{"damage":0,"enemies":"Cultist and Chosen","floor":22,"turns":6},{"damage":29,"enemies":"Slavers","floor":24,"turns":7},{"damage":8,"enemies":"Snake Plant","floor":25,"turns":6},{"damage":8,"enemies":"Sentry and Sphere","floor":30,"turns":6},{"damage":6,"enemies":"Collector","floor":33,"turns":9},{"damage":0,"enemies":"Orb Walker","floor":35,"turns":3},{"damage":0,"enemies":"3 Darklings","floor":37,"turns":5},{"damage":0,"enemies":"Reptomancer","floor":40,"turns":5},{"damage":0,"enemies":"Writhing Mass","floor":41,"turns":4},{"damage":0,"enemies":"Nemesis","floor":42,"turns":7},{"damage":0,"enemies":"4 Shapes","floor":44,"turns":4},{"damage":0,"enemies":"Maw","floor":48,"turns":6},{"damage":22,"enemies":"Time Eater","floor":50,"turns":11}],"seed_played":"-5509750900076525074","potions_obtained":[{"floor":2,"key":"Block Potion"},{"floor":11,"key":"SneckoOil"},{"floor":14,"key":"GhostInAJar"},{"floor":18,"key":"Explosive Potion"},{"floor":24,"key":"BlessingOfTheForge"},{"floor":33,"key":"SneckoOil"},{"floor":40,"key":"SkillPotion"},{"floor":48,"key":"Energy Potion"}],"is_trial":false,"path_per_floor":["M","M","M","$","?","E","R","E","T","R","E","R","$","M","R","B",null,"M","$","M","?","M","R","E","M","T","?","?","R","M","?","R","B",null,"M","?","M","?","?","E","M","E","T","M","R","?","R","M","R","B",null],"character_chosen":"THE_SILENT","items_purchased":["Shuriken","Cloak And Dagger","Chemical X","Footwork"],"campfire_rested":4,"item_purchase_floors":[4,4,13,19],"current_hp_per_floor":[56,55,54,54,54,33,54,29,29,50,40,40,40,40,40,26,59,59,59,44,44,44,44,15,7,7,7,7,28,20,20,41,35,61,61,52,52,52,52,58,64,77,77,77,77,77,77,77,77,55],"gold":98,"neow_bonus":"TWO_FIFTY_GOLD","is_daily":false,"chose_seed":false,"campfire_upgraded":6,"win_rate":0.0,"timestamp":1608589050,"path_taken":["M","M","M","$","?","E","R","E","T","R","E","R","?","?","R","BOSS","M","$","M","?","M","R","E","M","T","?","?","R","M","?","R","BOSS","M","?","M","?","?","E","M","E","T","M","R","?","R","M","R","BOSS"],"items_purchased_type":["Relic","Card","Relic","Card"],"build_version":"2020-12-18","purchased_purges":2,"victory":true,"max_hp_per_floor":[70,70,70,70,70,70,70,70,70,70,70,70,70,70,70,70,70,70,70,70,70,70,70,70,70,70,70,70,70,70,70,70,70,70,70,70,70,70,70,70,70,77,77,77,77,77,77,77,77,77],"relic_stats":{"Nunchaku":[17],"Busted Crown":16,"Happy Flower":[35],"counters":[23,129],"Shuriken":[61],"Bag of Preparation":[10],"Chemical X":[30],"Kunai":[42],"obtain_stats":[{"Happy Flower":8,"Vajra":11,"Incense Burner":6,"Bag of Preparation":40,"Ancient Tea Set":43,"WarpedTongs":1,"Nunchaku":26,"Busted Crown":34,"Shuriken":4,"Strawberry":42,"Red Mask":39,"Chemical X":13,"Kunai":27,"Toxic Egg 2":9,"Ring of the Snake":0,"Runic Pyramid":17},{"Happy Flower":5,"Vajra":6,"Incense Burner":4,"Bag of Preparation":18,"Ancient Tea Set":20,"WarpedTongs":1,"Nunchaku":13,"Busted Crown":15,"Shuriken":3,"Strawberry":20,"Red Mask":17,"Chemical X":6,"Kunai":13,"Toxic Egg 2":5,"Ring of the Snake":0,"Runic Pyramid":8},{"Happy Flower":23,"Vajra":29,"Incense Burner":19,"Bag of Preparation":97,"Ancient Tea Set":108,"WarpedTongs":1,"Nunchaku":69,"Busted Crown":84,"Shuriken":10,"Strawberry":108,"Red Mask":92,"Chemical X":29,"Kunai":69,"Toxic Egg 2":23,"Ring of the Snake":0,"Runic Pyramid":41}],"Ring of the Snake":[46],"WarpedTongs":[126]},"card_choices":[{"not_picked":["Quick Slash","Backflip"],"picked":"Bouncing Flask","floor":1},{"not_picked":["Choke","Acrobatics"],"picked":"Skewer","floor":2},{"not_picked":["Blade Dance","Bane"],"picked":"Dagger Spray","floor":3},{"not_picked":["Endless Agony","Prepared"],"picked":"Blade Dance","floor":6},{"not_picked":["Dagger Spray","Cloak And Dagger"],"picked":"Malaise","floor":8},{"not_picked":["Bane","Outmaneuver+1"],"picked":"Deadly Poison+1","floor":11},{"not_picked":["Acrobatics+1","Dagger Spray"],"picked":"PiercingWail+1","floor":14},{"not_picked":["Burst+1","Tools of the Trade"],"picked":"Envenom","floor":16},{"not_picked":["All Out Attack","Dagger Spray","Quick Slash"],"picked":"SKIP","floor":18},{"not_picked":["Outmaneuver+1","Noxious Fumes"],"picked":"Backflip+1","floor":20},{"not_picked":["Bane","Flying Knee"],"picked":"Backflip+1","floor":22},{"not_picked":["A Thousand Cuts","Heel Hook"],"picked":"Accuracy+1","floor":24},{"not_picked":["Tactician+1","Dagger Throw"],"picked":"Cloak And Dagger+1","floor":25},{"not_picked":["Backflip+1","Eviscerate+1"],"picked":"Deflect+1","floor":30},{"not_picked":["Grand Finale","Envenom"],"picked":"Burst+1","floor":33},{"not_picked":["Dash"],"picked":"SKIP","floor":35},{"not_picked":["Dagger Throw"],"picked":"SKIP","floor":37},{"not_picked":[],"picked":"Bandage Up+1","floor":38},{"not_picked":[],"picked":"PiercingWail+1","floor":40},{"not_picked":["Reflex+1"],"picked":"SKIP","floor":41},{"not_picked":[],"picked":"Noxious Fumes+1","floor":42},{"not_picked":["Tactician+1"],"picked":"SKIP","floor":44},{"not_picked":["Blade Dance+1"],"picked":"SKIP","floor":48}],"player_experience":72690,"relics_obtained":[{"floor":6,"key":"Incense Burner"},{"floor":8,"key":"Happy Flower"},{"floor":9,"key":"Toxic Egg 2"},{"floor":11,"key":"Vajra"},{"floor":26,"key":"Nunchaku"},{"floor":40,"key":"Bag of Preparation"},{"floor":42,"key":"Strawberry"},{"floor":43,"key":"Ancient Tea Set"}],"event_choices":[{"damage_healed":0,"gold_gain":0,"cards_transformed":["Strike_G"],"player_choice":"Transformed","damage_taken":0,"max_hp_gain":0,"max_hp_loss":0,"event_name":"Transmorgrifier","floor":5,"gold_loss":0,"cards_obtained":["Choke"]},{"damage_healed":0,"gold_gain":0,"player_choice":"Ignored","damage_taken":0,"max_hp_gain":0,"max_hp_loss":0,"event_name":"Vampires","floor":21,"gold_loss":0},{"damage_healed":0,"gold_gain":0,"player_choice":"Obtained Relic","damage_taken":0,"relics_obtained":["Kunai"],"max_hp_gain":0,"max_hp_loss":0,"event_name":"Addict","floor":27,"gold_loss":85},{"damage_healed":0,"gold_gain":0,"player_choice":"Paid Fearfully","damage_taken":0,"max_hp_gain":0,"max_hp_loss":0,"event_name":"Masked Bandits","floor":28,"gold_loss":38},{"damage_healed":0,"gold_gain":0,"player_choice":"Ignored","damage_taken":0,"max_hp_gain":0,"max_hp_loss":0,"event_name":"Cursed Tome","floor":31,"gold_loss":0},{"damage_healed":0,"gold_gain":0,"player_choice":"Embrace Madness","damage_taken":9,"max_hp_gain":0,"max_hp_loss":0,"event_name":"Winding Halls","floor":36,"gold_loss":0,"cards_obtained":["Madness","Madness"]},{"damage_healed":0,"gold_gain":0,"player_choice":"Memory 1","damage_taken":0,"max_hp_gain":0,"max_hp_loss":0,"event_name":"SensoryStone","floor":38,"gold_loss":0},{"damage_healed":0,"gold_gain":0,"player_choice":"Paid","damage_taken":0,"relics_obtained":["Red Mask"],"max_hp_gain":0,"max_hp_loss":0,"event_name":"Tomb of Lord Red Mask","floor":39,"gold_loss":145},{"damage_healed":0,"gold_gain":0,"player_choice":"Forge","damage_taken":0,"max_hp_gain":0,"max_hp_loss":0,"event_name":"Accursed Blacksmith","floor":46,"gold_loss":0,"cards_upgraded":["Envenom"]}],"is_beta":true,"boss_relics":[{"not_picked":["WristBlade","Runic Dome"],"picked":"Runic Pyramid"},{"not_picked":["Tiny House","Philosopher\u0027s Stone"],"picked":"Busted Crown"}],"items_purged_floors":[4,19],"is_endless":false,"potions_floor_spawned":[2,11,14,18,24,33,40,48],"ascension_level":10}}