{"host":"llpusn9usp8rznkj","time":1608573293,"event":{"mods":["2.2 Compatiblity","Aspiration","BaseMod","Colored Map","Colored Powertips","Conspire","Hubris","Minty Spire (QoL Compilation)","Rare Cards Sparkle","Replay The Spire","StSLib","The Cursed"],"gold_per_floor":[119,119,139,139,139,139,41,41,66,96,96,112,144,61,61,138,138,157,41,41,41,41,41,75,75,75,75,91,120,10,10,10,85,85,103,122,122,138,88,88,119,119,119,119,119,19,50,66,66,66,66],"floor_reached":50,"playtime":2467,"items_purged":["Strike_B","conspire:SpireCoStock"],"score":1405,"play_id":"624309d3-40e7-4e54-a0f0-4501762f9a99","local_time":"20201221125453","is_ascension_mode":true,"campfire_choices":[{"data":"Dualcast","floor":6.0,"key":"SMITH"},{"data":"conspire:Banana","floor":8.0,"key":"SMITH"},{"data":"BasicCrystalCard","floor":11.0,"key":"SMITH"},{"floor":15.0,"key":"DIG"},{"data":"Hologram","floor":23.0,"key":"SMITH"},{"floor":32,"key":"REST"},{"floor":40,"key":"REST"},{"floor":42,"key":"RECALL"},{"data":"Chill","floor":45,"key":"SMITH"},{"floor":49,"key":"DIG"}],"circlet_count":0,"master_deck":["AscendersBane","Defend_B+1","Defend_B","Zap+1","Dualcast+1","Chill+1","BasicCrystalCard+1","conspire:Banana+1","BootSequence","Hologram+1","hubris:PowerSurge","Electrodynamics","Sweeping Beam+1","Time Bomb+1","Echo Form+1","Capacitor","FTL","Heatsinks","Crystallizer+1","Reboot","Cold Snap","Conserve Battery+1","Auto Shields+1","Core Surge","Undo+1","Static Discharge"],"relics":["Cracked Core","NeowsBlessing","Replay:Accelerometer","aspiration:EnhancedActuators","Replay:Rubber Ducky","aspiration:ArtOfWarUpgrade","Pocketwatch","Astrolabe","Blue Doll","Sundial","aspiration:FrozenJewel","Thread and Needle","Inserter","hubris:Icosahedron","Toy Ornithopter","Gambling Chip","Shovel","Pet Ghost"],"acts_visited":["Exordium","TheCity","TheBeyond"],"potions_floor_usage":[29,31,33,41,48],"damage_taken":[{"damage":0.0,"enemies":"Small Slimes","floor":1.0,"turns":1.0},{"damage":0.0,"enemies":"Cultist","floor":3.0,"turns":1.0},{"damage":0.0,"enemies":"Gremlin Nob","floor":10.0,"turns":1.0},{"damage":7.0,"enemies":"Jaw Worm","floor":12.0,"turns":2.0},{"damage":0.0,"enemies":"Lagavulin","floor":13.0,"turns":4.0},{"damage":31.0,"enemies":"The Guardian","floor":16.0,"turns":13.0},{"damage":2.0,"enemies":"3 Byrds","floor":18.0,"turns":4.0},{"damage":0,"enemies":"conspire:Head Lice","floor":24,"turns":6},{"damage":9,"enemies":"Shell Parasite","floor":28,"turns":4},{"damage":26,"enemies":"Slavers","floor":29,"turns":3},{"damage":0,"enemies":"Centurion and Healer","floor":31,"turns":2},{"damage":18,"enemies":"Automaton","floor":33,"turns":7},{"damage":0,"enemies":"Orb Walker","floor":35,"turns":6},{"damage":63,"enemies":"3 Darklings","floor":36,"turns":5},{"damage":6,"enemies":"Sphere and 2 Shapes","floor":38,"turns":4},{"damage":0,"enemies":"R_Hoarder","floor":41,"turns":8},{"damage":13,"enemies":"Giant Head","floor":47,"turns":7},{"damage":29,"enemies":"Maw","floor":48,"turns":8},{"damage":79,"enemies":"Replay:Hell Engine","floor":50,"turns":14}],"seed_played":"739864193165659230","potions_obtained":[{"floor":1.0,"key":"Fire Potion"},{"floor":10.0,"key":"SteroidPotion"},{"floor":12.0,"key":"Block Potion"},{"floor":24,"key":"SkillPotion"},{"floor":28,"key":"Dexterity Potion"},{"floor":29,"key":"SmokeBomb"},{"floor":38,"key":"GamblersBrew"},{"floor":47,"key":"PowerPotion"}],"is_trial":false,"path_per_floor":["M","?","M","?","?","R","$","R","T","E","R","M","E","$","R_BF","B",null,"M","$","?","?","?","R","E","R","T","R","M","E","?","M","R","B",null,"M","M","?","M","?","R","E","R","T","T","R","$","E","M","R","B"],"character_chosen":"DEFECT","items_purchased":["conspire:Banana","hubris:PowerSurge","Capacitor"],"campfire_rested":2,"item_purchase_floors":[7,14,19],"current_hp_per_floor":[64,64,64,59,59,59,59,59,59,59,59,54,56,56,56,27,65,65,65,42,42,42,42,44,44,44,44,37,13,13,15,42,26,77,79,18,18,14,14,44,102,102,102,102,102,102,91,71,71,0,0],"gold":66,"neow_bonus":"THREE_ENEMY_KILL","is_daily":false,"chose_seed":false,"campfire_upgraded":5,"win_rate":0.0,"timestamp":1608573293,"path_taken":["M","?","?","?","?","R","?","R","T","E","R","M","E","?","R_BF","BOSS","M","$","?","?","?","R","E","R","T","R","?","E","?","?","R","BOSS","M","M","?","M","?","R","E","R","T","?","R","?","E","M","R","BOSS"],"items_purchased_type":["Card","Card","Card"],"build_version":"2020-12-13","purchased_purges":2,"victory":false,"max_hp_per_floor":[71,71,71,71,71,71,71,71,71,71,71,73,75,75,75,77,77,79,79,84,84,84,84,86,86,86,86,88,90,90,92,92,94,94,96,98,98,100,100,100,102,102,102,102,102,102,104,108,108,110,110],"card_choices":[{"not_picked":["Tempest","Stack"],"picked":"Chill","floor":1.0},{"not_picked":["Compile Driver","Sweeping Beam"],"picked":"BasicCrystalCard","floor":3.0},{"not_picked":["Blizzard","BasicCrystalCard","Gash"],"picked":"SKIP","floor":10.0},{"not_picked":["Skim","hubris:Ukulele"],"picked":"BootSequence","floor":12.0},{"not_picked":["Consume","Steam"],"picked":"Hologram","floor":13.0},{"not_picked":["Fission","Reboot"],"picked":"Electrodynamics","floor":16.0},{"not_picked":["Compile Driver","Barrage","Conserve Battery"],"picked":"SKIP","floor":18.0},{"not_picked":["Streamline","Leap"],"picked":"FTL","floor":24},{"not_picked":["Go for the Eyes","Streamline"],"picked":"Heatsinks","floor":28},{"not_picked":["BasicCrystalCard","White Noise"],"picked":"Crystallizer+1","floor":29},{"not_picked":["hubris:Prefetch","Biased Cognition"],"picked":"Reboot","floor":33},{"not_picked":["conspire:Rain","Redo"],"picked":"Cold Snap","floor":35},{"not_picked":["Rip and Tear","Leap"],"picked":"Conserve Battery+1","floor":36},{"not_picked":["Static Discharge","Undo"],"picked":"Auto Shields+1","floor":38},{"not_picked":["Barrage","Doom and Gloom"],"picked":"Core Surge","floor":41},{"not_picked":["Ball Lightning","Gash"],"picked":"Undo+1","floor":47},{"not_picked":["Scrape+1","Steam"],"picked":"Static Discharge","floor":48}],"player_experience":1103789,"relics_obtained":[{"floor":9.0,"key":"aspiration:EnhancedActuators"},{"floor":10.0,"key":"Replay:Rubber Ducky"},{"floor":13.0,"key":"Art of War"},{"floor":15.0,"key":"Pocketwatch"},{"floor":24,"key":"Sundial"},{"floor":26,"key":"aspiration:FrozenJewel"},{"floor":29,"key":"Thread and Needle"},{"floor":41,"key":"Toy Ornithopter"},{"floor":44,"key":"Gambling Chip"},{"floor":47,"key":"Shovel"},{"floor":49,"key":"Pet Ghost"}],"event_choices":[{"damage_healed":0.0,"max_hp_gain":0.0,"max_hp_loss":0.0,"gold_gain":0.0,"event_name":"Accursed Blacksmith","player_choice":"Forge","floor":2.0,"gold_loss":0.0,"damage_taken":0.0,"cards_upgraded":["Zap"]},{"damage_healed":0.0,"max_hp_gain":0.0,"max_hp_loss":0.0,"gold_gain":0.0,"event_name":"Scrap Ooze","player_choice":"Success","floor":4.0,"gold_loss":0.0,"damage_taken":5.0,"relics_obtained":["Replay:Accelerometer"]},{"damage_healed":0.0,"max_hp_gain":5.0,"max_hp_loss":0.0,"gold_gain":0.0,"event_name":"Forgotten Altar","player_choice":"Shed Blood","floor":20.0,"gold_loss":0.0,"damage_taken":28.0},{"cards_removed":["Defend_B"],"damage_healed":0.0,"max_hp_gain":0.0,"max_hp_loss":0.0,"gold_gain":0.0,"event_name":"Back to Basics","player_choice":"Elegance","floor":21.0,"gold_loss":0.0,"damage_taken":0.0},{"damage_healed":0.0,"max_hp_gain":0.0,"max_hp_loss":0.0,"gold_gain":0.0,"event_name":"Addict","player_choice":"Stole Relic","floor":22.0,"gold_loss":0.0,"damage_taken":0.0,"relics_obtained":["Blue Doll"],"cards_obtained":["Shame"]},{"cards_removed":["Shame"],"damage_healed":0,"gold_gain":0,"player_choice":"Upgrade and Remove","damage_taken":0,"max_hp_gain":0,"max_hp_loss":0,"event_name":"Designer","floor":30,"gold_loss":110,"cards_upgraded":["Defend_B"]},{"damage_healed":0,"gold_gain":0,"player_choice":"Invest 1","damage_taken":0,"max_hp_gain":0,"max_hp_loss":0,"event_name":"conspire:Investor","floor":39,"gold_loss":0}],"is_beta":false,"boss_relics":[{"not_picked":["hubris:Stopwatch","Ectoplasm"],"picked":"Astrolabe"},{"not_picked":["Black Star","FrozenCore"],"picked":"Inserter"}],"items_purged_floors":[19,46],"is_endless":false,"potions_floor_spawned":[1,10,12,24,28,29,38,47],"killed_by":"Replay:Hell Engine","ascension_level":20}}