{"host":"mi0eibewekhugwl1","time":1608548048,"event":{"mods":["AchievementEnabler","BaseMod","Colored Map","Colored Powertips","DeckTracker","Keyboard Shortcuts","Minty Spire (QoL Compilation)","Quick Restart","Rare Cards Sparkle","Relic Stats","StSLib","SuperFastMode","everything is the same but u backflip on backflip"],"gold_per_floor":[113,113,127,202,127,153,253,280,306,306,321,364,36,60,60,60,60],"floor_reached":16,"playtime":182,"items_purged":["Strike_R"],"score":336,"play_id":"15b312b2-c55e-44d4-a40a-d5e0b2b94b2d","local_time":"20201221195408","is_ascension_mode":true,"campfire_choices":[{"data":"Carnage","floor":10,"key":"SMITH"},{"data":"Demon Form","floor":15,"key":"SMITH"}],"circlet_count":0,"master_deck":["AscendersBane","Strike_R","Strike_R","Defend_R","Defend_R","Defend_R","Defend_R","Bash","Carnage+1","Spot Weakness","Inflame","Twin Strike","Demon Form+1","Whirlwind"],"relics":["Burning Blood","NeowsBlessing","Juzu Bracelet","Smiling Mask","PreservedInsect","CeramicFish","Question Card"],"acts_visited":["Exordium"],"potions_floor_usage":[8,16],"damage_taken":[{"damage":0,"enemies":"Jaw Worm","floor":1,"turns":1},{"damage":0,"enemies":"2 Louse","floor":3,"turns":1},{"damage":0,"enemies":"3 Sentries","floor":6,"turns":2},{"damage":30,"enemies":"Lagavulin","floor":8,"turns":6},{"damage":10,"enemies":"Small Slimes","floor":11,"turns":4},{"damage":0,"enemies":"Gremlin Nob","floor":12,"turns":2},{"damage":1,"enemies":"Exordium Wildlife","floor":14,"turns":2},{"damage":58,"enemies":"The Guardian","floor":16,"turns":8}],"seed_played":"2949976671658106684","potions_obtained":[{"floor":1,"key":"AttackPotion"},{"floor":6,"key":"Explosive Potion"}],"is_trial":false,"path_per_floor":["M","?","M","?","?","E","?","E","T","R","M","E","$","M","R","B"],"character_chosen":"IRONCLAD","items_purchased":["Question Card"],"campfire_rested":0,"item_purchase_floors":[13],"current_hp_per_floor":[74,74,75,64,64,70,70,46,46,46,42,48,48,53,53,0,0],"gold":60,"neow_bonus":"THREE_ENEMY_KILL","is_daily":false,"chose_seed":false,"campfire_upgraded":2,"win_rate":0.0,"timestamp":1608548048,"path_taken":["M","?","M","?","?","E","?","E","T","R","M","E","$","M","R","BOSS"],"items_purchased_type":["Relic"],"build_version":"2020-12-13","purchased_purges":1,"victory":false,"max_hp_per_floor":[75,75,75,75,75,75,75,75,75,75,75,75,75,75,75,75,75],"relic_stats":{"counters":[8,26],"CeramicFish":18,"PreservedInsect":22,"Juzu Bracelet":1,"Smiling Mask":25,"Question Card":1,"obtain_stats":[{"NeowsBlessing":0,"CeramicFish":12,"PreservedInsect":9,"Juzu Bracelet":6,"Smiling Mask":8,"Question Card":13,"Burning Blood":0},{"NeowsBlessing":0,"CeramicFish":6,"PreservedInsect":4,"Juzu Bracelet":3,"Smiling Mask":4,"Question Card":6,"Burning Blood":0},{"NeowsBlessing":0,"CeramicFish":16,"PreservedInsect":10,"Juzu Bracelet":4,"Smiling Mask":10,"Question Card":16,"Burning Blood":0}],"Burning Blood":37},"card_choices":[{"not_picked":["Combust","Clash","Dual Wield"],"picked":"SKIP","floor":1},{"not_picked":["Flex","Iron Wave"],"picked":"Carnage","floor":3},{"not_picked":["Dark Embrace","Iron Wave"],"picked":"Spot Weakness","floor":6},{"not_picked":["Dark Embrace","Clash"],"picked":"Inflame","floor":8},{"not_picked":["Flex","Clothesline"],"picked":"Twin Strike","floor":11},{"not_picked":["Warcry","Wild Strike"],"picked":"Demon Form","floor":12},{"not_picked":["Combust","Iron Wave","Pommel Strike"],"picked":"Whirlwind","floor":14}],"player_experience":1695521,"relics_obtained":[{"floor":6,"key":"Juzu Bracelet"},{"floor":8,"key":"Smiling Mask"},{"floor":9,"key":"PreservedInsect"},{"floor":12,"key":"CeramicFish"}],"event_choices":[{"cards_removed":["Strike_R"],"damage_healed":0,"gold_gain":0,"player_choice":"Forget","damage_taken":0,"max_hp_gain":0,"max_hp_loss":0,"event_name":"Living Wall","floor":2,"gold_loss":0},{"damage_healed":0,"gold_gain":75,"player_choice":"Gather Gold","damage_taken":11,"max_hp_gain":0,"max_hp_loss":0,"event_name":"World of Goop","floor":4,"gold_loss":0},{"cards_removed":["Strike_R"],"damage_healed":0,"gold_gain":0,"player_choice":"Card Removal","damage_taken":0,"max_hp_gain":0,"max_hp_loss":0,"event_name":"The Cleric","floor":5,"gold_loss":75},{"damage_healed":0,"gold_gain":100,"player_choice":"Gold","damage_taken":0,"max_hp_gain":0,"max_hp_loss":0,"event_name":"Wheel of Change","floor":7,"gold_loss":0}],"is_beta":false,"boss_relics":[],"items_purged_floors":[13],"is_endless":false,"potions_floor_spawned":[1,6],"killed_by":"The Guardian","ascension_level":20}}