{"host":"ymmeoa1x24ihslbm","time":1608545989,"event":{"mods":["AchievementEnabler","BaseMod","Colored Map","Colored Powertips","Defuse TimeMaze Blight","Highlight Path","Minty Spire (QoL Compilation)","Permanent Neow","Quick Restart","StSLib","Unceasing Turn Reminder"],"gold_per_floor":[111,186,198,198,6,34,34,68,95,95,113,133,164,164,164,266,266,278,278,290,290,55,55,84,84,84,99,124,44,57,72,72,171,171,190,190,202,202,215,215,29,29,81,81,100,113,113,124,124,124],"floor_reached":51,"playtime":4481,"items_purged":[],"score":793,"play_id":"debbb34e-1acf-4cb7-aa22-2a24e0ef16e4","local_time":"20201221111949","is_ascension_mode":true,"campfire_choices":[{"data":"Judgement","floor":7,"key":"SMITH"},{"data":"Apotheosis","floor":10,"key":"SMITH"},{"floor":15,"key":"REST"},{"data":"Discovery","floor":23,"key":"SMITH"},{"data":"Devotion","floor":25,"key":"SMITH"},{"floor":32,"key":"REST"},{"data":"MasterReality","floor":40,"key":"SMITH"},{"data":"Secret Technique","floor":42,"key":"SMITH"},{"data":"Scrawl","floor":47,"key":"SMITH"},{"floor":49,"key":"REST"}],"circlet_count":0,"master_deck":["Strike_P+1","Strike_P+1","Strike_P+1","Strike_P+1","Defend_P+1","Defend_P+1","Defend_P+1","Defend_P+1","Eruption","Vigilance","Judgement+1","FollowUp","FlurryOfBlows","Apotheosis+1","Protect","EmptyFist","Protect","Pray","Scrawl+1","Conclude","Wireheading+1","Discovery+1","Devotion+1","WaveOfTheHand","MasterReality+1","CurseOfTheBell","Secret Technique+1","Weave","Crescendo+1","Meditate","Madness","Madness","Collect+1"],"relics":["HolyWater","Boot","Blue Candle","Tiny Chest","Dream Catcher","Mercury Hourglass","Eternal Feather","ClockworkSouvenir","InkBottle","Matryoshka","Prayer Wheel","Orichalcum","Calling Bell","Nunchaku","Letter Opener","Lizard Tail","Ancient Tea Set","Frozen Egg 2","TheAbacus","Juzu Bracelet","Bottled Lightning"],"acts_visited":["Exordium","TheCity","TheBeyond"],"potions_floor_usage":[6,13,24,24,39,50,50,50],"damage_taken":[{"damage":0,"enemies":"Small Slimes","floor":1,"turns":1},{"damage":4,"enemies":"Jaw Worm","floor":3,"turns":4},{"damage":20,"enemies":"Lagavulin","floor":6,"turns":4},{"damage":0,"enemies":"Gremlin Nob","floor":8,"turns":2},{"damage":0,"enemies":"Cultist","floor":11,"turns":1},{"damage":1,"enemies":"Exordium Wildlife","floor":12,"turns":2},{"damage":2,"enemies":"Lagavulin","floor":13,"turns":5},{"damage":0,"enemies":"Hexaghost","floor":16,"turns":8},{"damage":0,"enemies":"2 Thieves","floor":18,"turns":3},{"damage":0,"enemies":"Spheric Guardian","floor":20,"turns":3},{"damage":19,"enemies":"Gremlin Leader","floor":24,"turns":3},{"damage":1,"enemies":"Snake Plant","floor":27,"turns":3},{"damage":24,"enemies":"Book of Stabbing","floor":28,"turns":5},{"damage":0,"enemies":"Chosen and Byrds","floor":30,"turns":4},{"damage":4,"enemies":"Sentry and Sphere","floor":31,"turns":4},{"damage":28,"enemies":"Collector","floor":33,"turns":7},{"damage":2,"enemies":"3 Darklings","floor":35,"turns":4},{"damage":4,"enemies":"Orb Walker","floor":37,"turns":5},{"damage":0,"enemies":"Spire Growth","floor":39,"turns":5},{"damage":0,"enemies":"3 Darklings","floor":45,"turns":1},{"damage":2,"enemies":"Writhing Mass","floor":46,"turns":5},{"damage":0,"enemies":"Jaw Worm Horde","floor":48,"turns":1},{"damage":19,"enemies":"Awakened One","floor":50,"turns":17}],"seed_played":"-7875213069264168431","potions_obtained":[{"floor":3,"key":"Swift Potion"},{"floor":8,"key":"SpeedPotion"},{"floor":12,"key":"Swift Potion"},{"floor":16,"key":"StancePotion"},{"floor":18,"key":"Fire Potion"},{"floor":30,"key":"EssenceOfSteel"},{"floor":37,"key":"Block Potion"},{"floor":48,"key":"Ancient Potion"}],"is_trial":false,"path_per_floor":["M","?","M","?","$","E","R","E","T","R","M","M","E","?","R","B",null,"M","?","M","T","$","R","E","R","T","M","E","?","M","M","R","B",null,"M","?","M","T","M","R","$","R","T","?","M","M","R","M","R","B",null],"character_chosen":"WATCHER","items_purchased":["Apotheosis","ClockworkSouvenir","Discovery","Meditate","TheAbacus"],"campfire_rested":3,"item_purchase_floors":[5,22,22,41,41],"current_hp_per_floor":[65,54,50,37,37,17,17,17,17,17,17,16,14,2,21,21,65,65,65,65,65,65,65,46,58,58,57,33,33,33,29,60,32,65,63,58,54,54,54,65,65,65,65,57,57,55,65,65,65,46],"gold":124,"neow_bonus":"THREE_RARE_CARDS","is_daily":false,"chose_seed":false,"campfire_upgraded":7,"win_rate":0.0,"timestamp":1608545989,"path_taken":["M","?","M","?","?","E","R","E","T","R","M","?","E","?","R","BOSS","M","?","M","?","$","R","E","R","T","M","E","?","M","?","R","BOSS","M","?","M","?","M","R","$","R","T","?","M","M","R","M","R","BOSS"],"items_purchased_type":["Card","Relic","Card","Card","Relic"],"build_version":"2020-12-13","purchased_purges":0,"victory":true,"max_hp_per_floor":[65,65,65,65,65,65,65,65,65,65,65,65,65,65,65,65,65,65,65,65,65,65,65,65,65,65,65,65,65,65,65,65,65,65,65,65,65,65,65,65,65,65,65,65,65,65,65,65,65,65],"card_choices":[{"not_picked":["Scrawl","Brilliance"],"picked":"Judgement","floor":0},{"not_picked":["CrushJoints","Swivel"],"picked":"FollowUp","floor":1},{"not_picked":["TalkToTheHand","FollowUp"],"picked":"FlurryOfBlows","floor":3},{"not_picked":["FollowUp","LikeWater"],"picked":"Protect","floor":6},{"not_picked":["TalkToTheHand","CarveReality"],"picked":"EmptyFist","floor":8},{"not_picked":["ThirdEye","FollowUp"],"picked":"Protect","floor":11},{"not_picked":["Halt","BattleHymn","MentalFortress"],"picked":"SKIP","floor":12},{"not_picked":["Scrawl","Halt","Weave"],"picked":"SKIP","floor":13},{"not_picked":["EmptyFist","ReachHeaven"],"picked":"Pray","floor":15},{"not_picked":["DeusExMachina","LessonLearned"],"picked":"Scrawl","floor":16},{"not_picked":["FollowUp","SignatureMove+1"],"picked":"Conclude","floor":18},{"not_picked":["CutThroughFate","Wallop"],"picked":"Wireheading+1","floor":20},{"not_picked":["Swivel","Crescendo"],"picked":"Devotion","floor":24},{"not_picked":["DeceiveReality","ThirdEye","FlurryOfBlows"],"picked":"SKIP","floor":27},{"not_picked":["ForeignInfluence","Pray","Devotion"],"picked":"SKIP","floor":28},{"not_picked":["FlyingSleeves","Sanctity+1","CutThroughFate+1"],"picked":"SKIP","floor":30},{"not_picked":["Perseverance","Fasting2+1","LikeWater+1"],"picked":"SKIP","floor":30},{"not_picked":["BowlingBash","Worship"],"picked":"WaveOfTheHand","floor":31},{"not_picked":["SignatureMove","BowlingBash+1","Consecrate"],"picked":"SKIP","floor":31},{"not_picked":["Devotion","Vault"],"picked":"MasterReality","floor":33},{"not_picked":["Crescendo","EmptyFist","ForeignInfluence+1"],"picked":"SKIP","floor":35},{"not_picked":["Conclude+1","PathToVictory+1","InnerPeace"],"picked":"SKIP","floor":35},{"not_picked":["The Bomb","Mind Blast"],"picked":"Secret Technique","floor":36},{"not_picked":["CrushJoints+1","FlurryOfBlows"],"picked":"Weave","floor":37},{"not_picked":["ReachHeaven+1","Conclude+1","SignatureMove+1"],"picked":"SKIP","floor":37},{"not_picked":["WheelKick+1","InnerPeace"],"picked":"Crescendo+1","floor":39},{"not_picked":["ThirdEye","CrushJoints+1","FollowUp+1"],"picked":"SKIP","floor":39},{"not_picked":["FollowUp+1","InnerPeace","FlyingSleeves+1"],"picked":"SKIP","floor":45},{"not_picked":["FearNoEvil+1","ConjureBlade","SashWhip+1"],"picked":"SKIP","floor":45},{"not_picked":["SashWhip","Crescendo+1"],"picked":"Collect+1","floor":46},{"not_picked":["JustLucky","FollowUp","PathToVictory+1"],"picked":"SKIP","floor":46},{"not_picked":["BowlingBash+1","Nirvana+1","SashWhip"],"picked":"SKIP","floor":48},{"not_picked":["Nirvana+1","Crescendo","EmptyBody+1"],"picked":"SKIP","floor":48}],"player_experience":584996,"relics_obtained":[{"floor":6,"key":"Boot"},{"floor":8,"key":"Blue Candle"},{"floor":9,"key":"Tiny Chest"},{"floor":13,"key":"Dream Catcher"},{"floor":21,"key":"Eternal Feather"},{"floor":24,"key":"InkBottle"},{"floor":26,"key":"Matryoshka"},{"floor":28,"key":"Prayer Wheel"},{"floor":34,"key":"Nunchaku"},{"floor":34,"key":"Letter Opener"},{"floor":34,"key":"Lizard Tail"},{"floor":38,"key":"Ancient Tea Set"},{"floor":38,"key":"Frozen Egg 2"},{"floor":43,"key":"Juzu Bracelet"},{"floor":43,"key":"Bottled Lightning"}],"event_choices":[{"damage_healed":0,"gold_gain":75,"player_choice":"Gather Gold","damage_taken":11,"max_hp_gain":0,"max_hp_loss":0,"event_name":"World of Goop","floor":2,"gold_loss":0},{"damage_healed":0,"gold_gain":0,"player_choice":"Entered Light","damage_taken":13,"max_hp_gain":0,"max_hp_loss":0,"event_name":"Shining Light","floor":4,"gold_loss":0,"cards_upgraded":["Strike_P","Strike_P"]},{"damage_healed":0,"gold_gain":0,"player_choice":"Success","damage_taken":12,"relics_obtained":["Mercury Hourglass"],"max_hp_gain":0,"max_hp_loss":0,"event_name":"Scrap Ooze","floor":14,"gold_loss":0},{"damage_healed":0,"gold_gain":0,"player_choice":"Simplicity","damage_taken":0,"max_hp_gain":0,"max_hp_loss":0,"event_name":"Back to Basics","floor":19,"gold_loss":0,"cards_upgraded":["Strike_P","Strike_P","Defend_P","Defend_P","Defend_P","Defend_P"]},{"damage_healed":0,"gold_gain":0,"player_choice":"Paid Gold","damage_taken":0,"relics_obtained":["Orichalcum"],"max_hp_gain":0,"max_hp_loss":0,"event_name":"WeMeetAgain","floor":29,"gold_loss":80},{"damage_healed":0,"gold_gain":0,"player_choice":"Memory 2","damage_taken":5,"max_hp_gain":0,"max_hp_loss":0,"event_name":"SensoryStone","floor":36,"gold_loss":0},{"damage_healed":0,"gold_gain":0,"player_choice":"Embrace Madness","damage_taken":8,"max_hp_gain":0,"max_hp_loss":0,"event_name":"Winding Halls","floor":44,"gold_loss":0,"cards_obtained":["Madness","Madness"]}],"is_beta":false,"boss_relics":[{"not_picked":["Fusion Hammer","Pandora\u0027s Box"],"picked":"HolyWater"},{"not_picked":["Snecko Eye","Velvet Choker"],"picked":"Calling Bell"}],"items_purged_floors":[],"is_endless":false,"potions_floor_spawned":[3,8,12,16,18,30,37,48],"ascension_level":1}}