{"host":"0dgh6dagbcoaqfos","time":1608591521,"event":{"mods":["2.2 Compatiblity","Act Like it!","AlwaysNeverKeys","BaseMod","BetterRewards","CapriCore","Jorbs\u0027s Wanderer Trilogy","Lobotomy","LobotomyExtend","Minty Spire (QoL Compilation)","StSLib"],"gold_per_floor":[115,78,92,167,179,23,23,52,52,52,17,17,17],"floor_reached":12,"playtime":624,"items_purged":[],"score":101,"play_id":"f31834ce-89ce-4aa1-9e89-7b813daf19a5","local_time":"20201221165841","is_ascension_mode":false,"campfire_choices":[],"circlet_count":0,"master_deck":["SpecialBullet","SpecialBullet","SpecialBullet","SpecialBullet","SpecialBullet","SpecialBullet","SpecialBullet","SpecialBullet","ControlCode","TrainingCode","WelfareCode","DreamingCurrent","WristCuter","BloodyDesire","ParadiseLost","Woodsman","InformationCode"],"relics":["CogitoBucket","RabbitCall","Smiling Mask","LetterFromLob","Regal Pillow","InkBottle","Bronze Scales"],"acts_visited":["Exordium"],"potions_floor_usage":[8],"damage_taken":[{"damage":6,"enemies":"Cultist","floor":1,"turns":3},{"damage":13,"enemies":"2 Louse","floor":3,"turns":2},{"damage":2,"enemies":"Jaw Worm","floor":5,"turns":3},{"damage":6,"enemies":"3 Sentries","floor":8,"turns":2},{"damage":89,"enemies":"Gremlin Nob","floor":12,"turns":5}],"seed_played":"436120697484201889","potions_obtained":[{"floor":3,"key":"AttackPotion"}],"is_trial":false,"path_per_floor":["M","$","M","?","M","$","R","E","T","R","?","E"],"character_chosen":"Angela","items_purchased":["BloodyDesire","Regal Pillow"],"campfire_rested":0,"item_purchase_floors":[2,6],"current_hp_per_floor":[64,64,63,52,62,62,62,62,62,62,70,0,0],"gold":17,"neow_bonus":"RANDOM_COMMON_RELIC","is_daily":false,"chose_seed":false,"campfire_upgraded":0,"win_rate":0.0,"timestamp":1608591521,"path_taken":["M","?","M","?","M","$","R","E","T","R","?","E"],"items_purchased_type":["Card","Relic"],"build_version":"2020-12-13","purchased_purges":0,"victory":false,"max_hp_per_floor":[70,70,70,70,70,70,70,70,70,70,70,70,70],"card_choices":[{"not_picked":["Bloodbath","BeautyBeast"],"picked":"DreamingCurrent","floor":1},{"not_picked":["BloodyDesire"],"picked":"WristCuter","floor":1},{"not_picked":["VoidDream","NakedNest"],"picked":"BigBird","floor":3},{"not_picked":["Beak"],"picked":"ParadiseLost","floor":3},{"not_picked":["Laetitia_ego","FourthMatchFlame"],"picked":"SKIP","floor":5},{"not_picked":["CherryBlossoms","OSAHOGD"],"picked":"Woodsman","floor":8},{"not_picked":["TodaysExpression","Christmas"],"picked":"SKIP","floor":8},{"not_picked":["TodaysExpression","Christmas"],"picked":"SKIP","floor":8}],"player_experience":355838,"relics_obtained":[{"floor":1,"key":"LetterFromLob"},{"floor":8,"key":"InkBottle"},{"floor":9,"key":"Bronze Scales"}],"event_choices":[{"damage_healed":0,"gold_gain":75,"player_choice":"Gather Gold","damage_taken":11,"max_hp_gain":0,"max_hp_loss":0,"event_name":"World of Goop","floor":4,"gold_loss":0},{"damage_healed":17,"gold_gain":0,"player_choice":"Healed","damage_taken":0,"max_hp_gain":0,"max_hp_loss":0,"event_name":"The Cleric","floor":11,"gold_loss":35}],"is_beta":false,"boss_relics":[],"items_purged_floors":[],"is_endless":false,"potions_floor_spawned":[3],"killed_by":"Gremlin Nob","ascension_level":0}}