{"host":"Mythic","time":1608531355,"event":{"mods":["BaseMod","Minty Spire (QoL Compilation)","Relic Stats","StSLib"],"gold_per_floor":[117,133,208,220,236,236,255,57,81,81,81,110,110,130,130,230,230,230,155,155,155,115,115,115,115,115,115,115,115,115,115,115,115,115,115,61,61,61,61,61],"floor_reached":39,"playtime":1338,"items_purged":[],"score":825,"play_id":"88d28e03-f7bc-462a-bb79-fb9558ea4513","local_time":"20201221011555","is_ascension_mode":true,"campfire_choices":[{"floor":6,"key":"REST"},{"data":"Corpse Explosion","floor":11,"key":"SMITH"},{"data":"Catalyst","floor":15,"key":"SMITH"},{"data":"Adrenaline","floor":23,"key":"SMITH"},{"data":"Well Laid Plans","floor":25,"key":"SMITH"},{"data":"Malaise","floor":32,"key":"SMITH"}],"circlet_count":0,"master_deck":["AscendersBane","Strike_G+1","Strike_G+1","Strike_G+1","Strike_G+1","Strike_G+1","Defend_G+1","Defend_G+1","Defend_G+1","Defend_G+1","Defend_G+1","Survivor","Neutralize","Malaise+1","Sucker Punch","Dash","Corpse Explosion+1","Bouncing Flask","Leg Sweep","Dagger Spray","Catalyst+1","Adrenaline+1","Well Laid Plans+1","Night Terror","Noxious Fumes"],"relics":["Ring of the Snake","Lee\u0027s Waffle","Orichalcum","Lantern","Ectoplasm","MealTicket","Snake Skull","Singing Bowl","Fusion Hammer","Potion Belt"],"acts_visited":["Exordium","TheCity","TheBeyond"],"potions_floor_usage":[33,39],"damage_taken":[{"damage":1,"enemies":"Cultist","floor":1,"turns":5},{"damage":0,"enemies":"Small Slimes","floor":2,"turns":3},{"damage":0,"enemies":"2 Louse","floor":4,"turns":5},{"damage":40,"enemies":"Gremlin Gang","floor":5,"turns":4},{"damage":2,"enemies":"Blue Slaver","floor":7,"turns":5},{"damage":17,"enemies":"Lagavulin","floor":12,"turns":6},{"damage":21,"enemies":"Large Slime","floor":14,"turns":6},{"damage":0,"enemies":"Hexaghost","floor":16,"turns":7},{"damage":1,"enemies":"3 Byrds","floor":18,"turns":3},{"damage":13,"enemies":"2 Thieves","floor":19,"turns":4},{"damage":2,"enemies":"Centurion and Healer","floor":21,"turns":5},{"damage":8,"enemies":"Slavers","floor":24,"turns":4},{"damage":2,"enemies":"Cultist and Chosen","floor":27,"turns":7},{"damage":6,"enemies":"Snecko","floor":28,"turns":6},{"damage":10,"enemies":"Book of Stabbing","floor":29,"turns":5},{"damage":5,"enemies":"Centurion and Healer","floor":30,"turns":6},{"damage":36,"enemies":"Automaton","floor":33,"turns":12},{"damage":11,"enemies":"3 Darklings","floor":35,"turns":3},{"damage":0,"enemies":"3 Shapes","floor":37,"turns":4},{"damage":46,"enemies":"Spire Growth","floor":38,"turns":7},{"damage":10,"enemies":"Sphere and 2 Shapes","floor":39,"turns":2}],"seed_played":"-7182026460047920089","potions_obtained":[{"floor":4,"key":"PowerPotion"},{"floor":5,"key":"LiquidMemories"},{"floor":37,"key":"Ancient Potion"},{"floor":38,"key":"DistilledChaos"}],"is_trial":false,"path_per_floor":["M","M","?","M","M","R","M","$","T","?","R","E","?","M","R","B",null,"M","M","?","M","$","R","E","R","T","M","M","E","M","$","R","B",null,"M","?","M","M","M"],"character_chosen":"THE_SILENT","items_purchased":["Lee\u0027s Waffle","Dagger Spray","Well Laid Plans"],"campfire_rested":1,"item_purchase_floors":[8,8,22],"current_hp_per_floor":[62,62,51,51,11,32,30,77,77,77,77,60,60,39,39,39,68,67,54,54,52,52,52,44,44,44,42,36,28,25,40,40,4,62,53,53,53,9,0,0],"gold":61,"neow_bonus":"ONE_RANDOM_RARE_CARD","is_daily":false,"chose_seed":false,"campfire_upgraded":5,"win_rate":0.0,"timestamp":1608531355,"path_taken":["M","?","?","M","M","R","M","$","T","?","R","E","?","M","R","BOSS","M","?","?","M","$","R","E","R","T","M","M","E","M","$","R","BOSS","M","?","M","M","M"],"items_purchased_type":["Relic","Card","Card"],"build_version":"2020-12-18","purchased_purges":0,"victory":false,"max_hp_per_floor":[70,70,70,70,70,70,70,77,77,77,77,77,77,77,77,77,77,77,77,77,77,77,77,77,77,77,77,77,79,81,81,81,81,81,83,83,83,85,85,85],"relic_stats":{"Lee\u0027s Waffle":47,"Singing Bowl":8,"counters":[21,109],"MealTicket":15,"Ectoplasm":423,"Snake Skull":[49],"Orichalcum":[162],"obtain_stats":[{"Potion Belt":36,"Lee\u0027s Waffle":8,"Lantern":12,"Singing Bowl":29,"MealTicket":24,"Ectoplasm":17,"Snake Skull":26,"Fusion Hammer":34,"Orichalcum":9,"Ring of the Snake":0},{"Potion Belt":18,"Lee\u0027s Waffle":5,"Lantern":6,"Singing Bowl":15,"MealTicket":12,"Ectoplasm":8,"Snake Skull":12,"Fusion Hammer":17,"Orichalcum":5,"Ring of the Snake":0},{"Potion Belt":96,"Lee\u0027s Waffle":22,"Lantern":28,"Singing Bowl":75,"MealTicket":57,"Ectoplasm":41,"Snake Skull":57,"Fusion Hammer":93,"Orichalcum":22,"Ring of the Snake":0}],"Ring of the Snake":[42]},"card_choices":[{"not_picked":["Accuracy","Finisher"],"picked":"Sucker Punch","floor":1},{"not_picked":["Quick Slash","Backflip"],"picked":"Dash","floor":2},{"not_picked":["Acrobatics","Choke"],"picked":"Corpse Explosion","floor":4},{"not_picked":["Quick Slash","Well Laid Plans"],"picked":"Bouncing Flask","floor":5},{"not_picked":["Backstab","Backflip"],"picked":"Leg Sweep","floor":7},{"not_picked":["PiercingWail","Glass Knife"],"picked":"Catalyst","floor":12},{"not_picked":["Escape Plan","Blade Dance","Deflect"],"picked":"SKIP","floor":14},{"not_picked":["Glass Knife","Grand Finale"],"picked":"Adrenaline","floor":16},{"not_picked":["Prepared","Dagger Spray","Deflect"],"picked":"SKIP","floor":18},{"not_picked":["Dagger Spray","Deflect","Eviscerate"],"picked":"SKIP","floor":19},{"not_picked":["Heel Hook+1","Slice","Flying Knee"],"picked":"SKIP","floor":21},{"not_picked":["Heel Hook+1","Slice","Flying Knee"],"picked":"SKIP","floor":21},{"not_picked":["Cloak And Dagger","Skewer","Envenom"],"picked":"SKIP","floor":24},{"not_picked":["Dash","Dagger Spray","Dodge and Roll"],"picked":"SKIP","floor":27},{"not_picked":["Accuracy","Outmaneuver","Caltrops"],"picked":"SKIP","floor":28},{"not_picked":["Tactician+1","Quick Slash","Dodge and Roll"],"picked":"Singing Bowl","floor":29},{"not_picked":["Poisoned Stab","Quick Slash","Flying Knee"],"picked":"Singing Bowl","floor":30},{"not_picked":["Bullet Time","Tools of the Trade"],"picked":"Night Terror","floor":33},{"not_picked":["Riddle With Holes","Poisoned Stab+1","Backflip"],"picked":"Singing Bowl","floor":35},{"not_picked":["Bouncing Flask","Accuracy"],"picked":"Noxious Fumes","floor":37},{"not_picked":["Acrobatics","Distraction","Flechettes"],"picked":"Singing Bowl","floor":38}],"player_experience":816461,"relics_obtained":[{"floor":9,"key":"Orichalcum"},{"floor":12,"key":"Lantern"},{"floor":24,"key":"MealTicket"},{"floor":26,"key":"Snake Skull"},{"floor":29,"key":"Singing Bowl"}],"event_choices":[{"damage_healed":0,"gold_gain":75,"player_choice":"Gather Gold","damage_taken":11,"max_hp_gain":0,"max_hp_loss":0,"event_name":"World of Goop","floor":3,"gold_loss":0},{"damage_healed":0,"gold_gain":0,"player_choice":"Ignored","damage_taken":0,"max_hp_gain":0,"max_hp_loss":0,"event_name":"Liars Game","floor":10,"gold_loss":0},{"damage_healed":0,"gold_gain":0,"player_choice":"Bought 0 Potions","damage_taken":0,"max_hp_gain":0,"max_hp_loss":0,"event_name":"The Woman in Blue","floor":13,"gold_loss":0},{"damage_healed":0,"gold_gain":0,"player_choice":"Simplicity","damage_taken":0,"max_hp_gain":0,"max_hp_loss":0,"event_name":"Back to Basics","floor":20,"gold_loss":0,"cards_upgraded":["Strike_G","Strike_G","Strike_G","Strike_G","Strike_G","Defend_G","Defend_G","Defend_G","Defend_G","Defend_G"]},{"damage_healed":0,"gold_gain":0,"player_choice":"Paid Gold","damage_taken":0,"relics_obtained":["Potion Belt"],"max_hp_gain":0,"max_hp_loss":0,"event_name":"WeMeetAgain","floor":36,"gold_loss":54}],"is_beta":true,"boss_relics":[{"not_picked":["SlaversCollar","Pandora\u0027s Box"],"picked":"Ectoplasm"},{"not_picked":["Tiny House","WristBlade"],"picked":"Fusion Hammer"}],"items_purged_floors":[],"is_endless":false,"potions_floor_spawned":[4,5,12,14,18,19,21,37,38],"killed_by":"Sphere and 2 Shapes","ascension_level":12}}