{"host":"nox","time":1608556732,"event":{"mods":["Aspiration","BaseMod","Better Third Choice","Colored Powertips","Conspire","Hubris","Infinite Spire","Minty Spire (QoL Compilation)","Quick Restart","Rare Cards Sparkle","Replay The Spire","Shop Mod","Spikes Relics","StSLib","SuperFastMode","The Alterego","vexMod"],"gold_per_floor":[110,285,285,302,313,313,326,360,386,386,399,433,125,135,135,231,231,249,261,261,261,261,261,271,296,321,341,341,341,341,352,352,352,352],"floor_reached":33,"playtime":859,"items_purged":["Doubt"],"score":332,"play_id":"eda6a3ca-c758-44f1-893b-bf6a89146bd9","local_time":"20201221201852","is_ascension_mode":true,"campfire_choices":[{"floor":6.0,"key":"RECALL"},{"data":"Machine Learning","floor":10.0,"key":"SMITH"},{"data":"Doom and Gloom","floor":15.0,"key":"SMITH"},{"data":"hubris:Fate","floor":28.0,"key":"SMITH"}],"circlet_count":0,"master_deck":["Strike_B","Strike_B","Strike_B+1","Strike_B","Defend_B","Defend_B","Defend_B","Defend_B","Zap","Dualcast","Ball Lightning","Melter+1","Leap","Machine Learning+1","Electrodynamics","Doom and Gloom+1","Turbo","ReplayTheSpireMod:Omega Cannon","Ball Lightning","Consume","hubris:Fate+1","AbeCurse","Flying Knee+1","Ball Lightning","Melter+1","hubris:TrickCloak"],"relics":["hubris:KleinBottle","Cracked Core","WingedGreaves","Replay:M_StaffOfTheSnake","Abe\u0027s Treasure","Medical Kit","Ice Cream","infinitespire:Chaos","alterego_mod:FleetingLove","hubris:Icosahedron","Boot","Blood Vial","hubris:DisguiseKit"],"acts_visited":["Exordium","TheCity"],"potions_floor_usage":[33,33],"damage_taken":[{"damage":6.0,"enemies":"2 Louse","floor":1.0,"turns":2.0},{"damage":2.0,"enemies":"Jaw Worm","floor":4.0,"turns":3.0},{"damage":0.0,"enemies":"Cultist","floor":5.0,"turns":2.0},{"damage":8.0,"enemies":"Blue Slaver","floor":7.0,"turns":2.0},{"damage":33.0,"enemies":"Lagavulin","floor":8.0,"turns":6.0},{"damage":0.0,"enemies":"Large Slime","floor":11.0,"turns":4.0},{"damage":10.0,"enemies":"Gremlin Nob","floor":12.0,"turns":4.0},{"damage":6.0,"enemies":"2 Fungi Beasts","floor":14.0,"turns":2.0},{"damage":11.0,"enemies":"Fading Forest","floor":16.0,"turns":11.0},{"damage":14.0,"enemies":"Shell Parasite","floor":18.0,"turns":2.0},{"damage":0.0,"enemies":"Spheric Guardian","floor":19.0,"turns":1.0},{"damage":2.0,"enemies":"Snecko","floor":24.0,"turns":3.0},{"damage":6.0,"enemies":"Gremlin Leader","floor":25.0,"turns":3.0},{"damage":6.0,"enemies":"Cultist and Chosen","floor":27.0,"turns":2.0},{"damage":6.0,"enemies":"Centurion and Healer","floor":31.0,"turns":3.0},{"damage":94,"enemies":"Champ","floor":33,"turns":7}],"seed_played":"347696703525892730","potions_obtained":[{"floor":5.0,"key":"Flashbang"},{"floor":7.0,"key":"Dexterity Potion"},{"floor":8.0,"key":"FocusPotion"},{"floor":19.0,"key":"Energy Potion"},{"floor":24.0,"key":"SteroidPotion"}],"is_trial":false,"path_per_floor":["M","?","?","M","M","R","M","E","T","R","M","E","$","M","R","B",null,"M","M","AVR","?","?","?","M","E","T","M","R","?","AVR","M","R","B"],"character_chosen":"DEFECT","items_purchased":["Doom and Gloom","Whetstone"],"campfire_rested":0,"item_purchase_floors":[13,13],"current_hp_per_floor":[69,69,69,67,67,67,59,26,26,26,26,16,16,10,10,7,75,61,61,61,61,61,61,59,53,53,49,49,49,49,45,67,0,0],"gold":352,"neow_bonus":"NOSTALGIA","is_daily":false,"chose_seed":false,"campfire_upgraded":3,"win_rate":0.0,"timestamp":1608556732,"path_taken":["M","?","?","M","M","R","?","E","T","R","M","E","$","M","R","BOSS","M","M","AVR","?","?","?","E","E","T","M","R","?","AVR","?","R","BOSS"],"items_purchased_type":["Card","Relic"],"build_version":"2020-11-17","purchased_purges":1,"victory":false,"max_hp_per_floor":[75,75,75,75,75,75,75,75,75,75,75,75,75,75,75,75,75,75,75,75,75,75,75,75,75,75,75,75,75,75,75,75,75,75],"card_choices":[{"not_picked":["Leap","Doom and Gloom"],"picked":"Ball Lightning","floor":1.0},{"not_picked":["Coolheaded","Auto Shields"],"picked":"Melter","floor":4.0},{"not_picked":["aspiration:Polymerization","White Noise","Leap"],"picked":"SKIP","floor":5.0},{"not_picked":["Rebound","DiskWipe"],"picked":"Leap","floor":7.0},{"not_picked":["Reinforced Body","Cold Snap"],"picked":"Machine Learning","floor":8.0},{"not_picked":["ReplayTheSpireMod:Reroute Power","Cold Snap","Streamline"],"picked":"SKIP","floor":11.0},{"not_picked":["Steam","Multi-Cast"],"picked":"Electrodynamics","floor":12.0},{"not_picked":["Conserve Battery","Reprogram"],"picked":"Turbo","floor":14.0},{"not_picked":["Amplify","hubris:DoWhile"],"picked":"ReplayTheSpireMod:Omega Cannon","floor":16.0},{"not_picked":["BootSequence","BasicCrystalCard"],"picked":"Ball Lightning","floor":18.0},{"not_picked":["Turbo","BasicCrystalCard+1"],"picked":"Consume","floor":19.0},{"not_picked":["infinitespire:Execution","ReplayTheSpireMod:Haul"],"picked":"hubris:Fate","floor":20.0},{"not_picked":["BasicCrystalCard","Beam Cell","Time Bomb"],"picked":"SKIP","floor":24.0},{"not_picked":["Masterful Stab","Conserve Battery"],"picked":"Ball Lightning","floor":25.0},{"not_picked":["hubris:PowerSurge","Seek"],"picked":"Melter+1","floor":27.0},{"not_picked":["Conserve Battery","Masterful Stab","Dagger Throw"],"picked":"hubris:TrickCloak","floor":31.0}],"player_experience":208003,"relics_obtained":[{"floor":8.0,"key":"Geode"},{"floor":12.0,"key":"Replay:WaspNest"},{"floor":25.0,"key":"Boot"},{"floor":26.0,"key":"Blood Vial"}],"event_choices":[{"damage_healed":0.0,"max_hp_gain":0.0,"max_hp_loss":0.0,"gold_gain":175.0,"event_name":"betterThird:BetterSerpent","player_choice":"AGREE","floor":2.0,"gold_loss":0.0,"damage_taken":110.0},{"damage_healed":0.0,"max_hp_gain":0.0,"max_hp_loss":0.0,"gold_gain":0.0,"event_name":"WeMeetAgain","player_choice":"Ignored","floor":3.0,"gold_loss":0.0,"damage_taken":0.0},{"damage_healed":0.0,"max_hp_gain":0.0,"max_hp_loss":0.0,"gold_gain":0.0,"event_name":"Secret Garden","player_choice":"Choice 1","floor":21.0,"gold_loss":0.0,"damage_taken":0.0,"relics_obtained":["alterego_mod:FleetingLove"]},{"damage_healed":0.0,"max_hp_gain":0.0,"max_hp_loss":0.0,"gold_gain":0.0,"event_name":"The Library","player_choice":"Read","floor":22.0,"gold_loss":0.0,"damage_taken":0.0,"cards_obtained":["Flying Knee"]}],"is_beta":true,"boss_relics":[{"not_picked":["Inserter","conspire:SlowCooker"],"picked":"vexMod:CursedCompass"}],"items_purged_floors":[13],"is_endless":false,"potions_floor_spawned":[5,7,8,19,24],"killed_by":"Champ","ascension_level":4}}