{"host":"iy58fyt9wsbv4cf1","time":1608527143,"event":{"mods":["BaseMod","Better Altar","Better Match","Better Skull","Better Third Choice","BetterRewards","Conspire","Custom Start","Defuse TimeMaze Blight","Hubris","Infinite Spire","Minty Spire (QoL Compilation)","Permanent Neow","Quick Restart","Spicy Shops","StSLib"],"gold_per_floor":[112,112,112,127,93,124,49,49,49,64,96,107,123,23,23,122,122,132,132,132,7,342,362,393,393,448,448,448],"floor_reached":27,"playtime":688,"items_purged":["Defend_R","Strike_R","Strike_R"],"score":239,"play_id":"72936529-25ad-4b80-8b5f-014e8f150ad3","local_time":"20201221000543","is_ascension_mode":false,"campfire_choices":[{"data":"Bludgeon","floor":8,"key":"SMITH"},{"floor":15,"key":"REST"}],"circlet_count":0,"master_deck":["Defend_R","Defend_R","Bash","Flame Barrier","Heavy Blade","Flex","Bludgeon+1","Flex","hubris:ReadiedAction","Shrug It Off","Battle Trance","conspire:Purge","Double Tap","Flame Barrier"],"relics":["Burning Blood","Champion Belt","infinitespire:Bottled Soul","conspire:RoyalGoblet","hubris:Backtick","conspire:BottledYoYo","Bloody Idol","InkBottle","Centennial Puzzle"],"acts_visited":["Exordium","TheCity"],"potions_floor_usage":[6,16,23],"damage_taken":[{"damage":0,"enemies":"2 Louse","floor":1,"turns":2},{"damage":0,"enemies":"Small Slimes","floor":4,"turns":3},{"damage":6,"enemies":"Lagavulin","floor":6,"turns":7},{"damage":0,"enemies":"Cultist","floor":10,"turns":2},{"damage":14,"enemies":"3 Sentries","floor":11,"turns":7},{"damage":18,"enemies":"Exordium Thugs","floor":12,"turns":4},{"damage":13,"enemies":"Red Slaver","floor":13,"turns":2},{"damage":38,"enemies":"The Guardian","floor":16,"turns":10},{"damage":0,"enemies":"Shell Parasite","floor":18,"turns":1},{"damage":5,"enemies":"Spheric Guardian","floor":23,"turns":3},{"damage":23,"enemies":"Gremlin Leader","floor":24,"turns":3},{"damage":26,"enemies":"Centurion and Healer","floor":27,"turns":3}],"seed_played":"7108048069316113882","potions_obtained":[{"floor":4,"key":"Block Potion"},{"floor":6,"key":"GamblersBrew"},{"floor":12,"key":"SpeedPotion"},{"floor":24,"key":"Ancient Potion"}],"is_trial":false,"path_per_floor":["M","$","?","M","$","E","?","R","T","M","E","M","M","$","R","B",null,"M","AVR","?","$","?","M","E","?","T","M"],"character_chosen":"IRONCLAD","items_purchased":["Flame Barrier","Heavy Blade","Flex","Bludgeon","Flex","Battle Trance"],"campfire_rested":1,"item_purchase_floors":[0,0,0,0,0,5],"current_hp_per_floor":[50,50,50,56,56,56,56,56,56,62,54,42,35,35,59,27,80,80,80,40,40,24,30,18,18,23,0,0],"gold":448,"neow_bonus":"","is_daily":false,"chose_seed":false,"campfire_upgraded":1,"win_rate":0.0,"timestamp":1608527143,"path_taken":["M","$","?","M","$","E","?","R","T","M","E","?","M","?","R","BOSS","M","AVR","?","$","?","?","E","?","T","?"],"items_purchased_type":["Card","Card","Card","Card","Card","Card"],"build_version":"2020-12-13","purchased_purges":3,"victory":false,"max_hp_per_floor":[80,80,80,80,80,80,80,80,80,80,80,80,80,80,80,80,80,80,80,80,80,80,80,80,80,80,80,80],"card_choices":[{"not_picked":["Havoc","Dropkick"],"picked":"hubris:ReadiedAction","floor":1},{"not_picked":["Headbutt","Power Through"],"picked":"Shrug It Off","floor":4},{"not_picked":["Clothesline","True Grit","Headbutt"],"picked":"SKIP","floor":6},{"not_picked":["Evolve","Battle Trance","Second Wind"],"picked":"SKIP","floor":10},{"not_picked":["Wild Strike","Perfected Strike","Heavy Blade"],"picked":"SKIP","floor":11},{"not_picked":["Second Wind","Pommel Strike","Armaments"],"picked":"SKIP","floor":12},{"not_picked":["Reckless Charge","Entrench"],"picked":"conspire:Purge","floor":13},{"not_picked":["Fiend Fire","Exhume"],"picked":"Double Tap","floor":16},{"not_picked":["Anger","Dark Embrace","Searing Blow+1"],"picked":"SKIP","floor":18},{"not_picked":["Perfected Strike","Sword Boomerang","Havoc"],"picked":"SKIP","floor":23},{"not_picked":["Iron Wave","Dark Embrace","True Grit"],"picked":"SKIP","floor":24}],"player_experience":87719,"relics_obtained":[{"floor":6,"key":"Champion Belt"},{"floor":11,"key":"infinitespire:Bottled Soul"},{"floor":24,"key":"InkBottle"},{"floor":26,"key":"Centennial Puzzle"}],"event_choices":[{"damage_healed":0,"gold_gain":0,"player_choice":"Ignored","damage_taken":0,"max_hp_gain":0,"max_hp_loss":0,"event_name":"Golden Idol","floor":3,"gold_loss":0},{"damage_healed":0,"gold_gain":0,"player_choice":"2","damage_taken":0,"max_hp_gain":0,"max_hp_loss":0,"event_name":"betterMatch:BetterMatch","floor":7,"gold_loss":0,"cards_obtained":["betterMatch:UncommonCard"]},{"damage_healed":0,"gold_gain":0,"player_choice":" Idol ","damage_taken":40,"relics_obtained":["Bloody Idol"],"max_hp_gain":80,"max_hp_loss":40,"event_name":"betterAltar:BetterAltar","floor":20,"potions_obtained":[],"relics_lost":[],"gold_loss":0},{"damage_healed":0,"gold_gain":335,"player_choice":"GO GO GO ","damage_taken":34,"relics_obtained":[],"max_hp_gain":0,"max_hp_loss":0,"event_name":"betterSkull:BetterSkull","floor":22,"gold_loss":0,"cards_upgraded":[]},{"damage_healed":0,"gold_gain":0,"player_choice":"Copied","damage_taken":0,"max_hp_gain":0,"max_hp_loss":0,"event_name":"Duplicator","floor":25,"gold_loss":0,"cards_obtained":["Flame Barrier"]}],"is_beta":false,"boss_relics":[{"not_picked":["Pandora\u0027s Box","conspire:RunicOctahedron"],"picked":"conspire:RoyalGoblet"}],"items_purged_floors":[0,14,21],"is_endless":false,"potions_floor_spawned":[4,6,12,24],"killed_by":"Centurion and Healer","ascension_level":0}}