{"host":"b5mzvg96njlg7ry9","time":1608540772,"event":{"mods":["AlwaysNeverKeys","Aspiration","BaseMod","Better Note","Better Third Choice","BetterRewards","Colored Map","Colored Powertips","Downfall","Highlight Path","Hubris","Infinite Spire","Minty Spire (QoL Compilation)","Quick Restart","Relic Sorter","Replay The Spire","Shop Mod","StSLib","SuperFastMode"],"gold_per_floor":[874,874,874,874,490,525,525,557,557,588,598,607,617,617,636,742,751,751,781,981,991,726,826,903,944,944,977,991,787,800,814,836,940,1040,1040,1050,1076,1076,666,694,767,767,794,794,253,263,263,279,299,299,299,341,507,507,507],"floor_reached":56,"playtime":3994,"items_purged":["champ:Strike"],"score":1841,"play_id":"414363e5-0d88-4f23-ae34-c589c8eb8802","local_time":"20201221095252","is_ascension_mode":true,"campfire_choices":[{"data":"champ:Taunt","floor":1.0,"key":"SMITH"},{"data":"champ:IronFortress","floor":9.0,"key":"SMITH"},{"data":"champ:PerfectForm","floor":18.0,"key":"SMITH"},{"data":"champ:Defend","floor":26.0,"key":"SMITH"},{"data":"champ:DancingMaster","floor":35.0,"key":"SMITH"},{"data":"champ:StrikeOfGenius","floor":42.0,"key":"SMITH"},{"data":"champ:Defend","floor":44.0,"key":"SMITH"}],"circlet_count":0,"master_deck":["champ:Defend","champ:Execute+1","champ:Taunt+1","champ:GutPunch+1","FTL+1","champ:RecklessLeap","champ:IronFortress+1","champ:StrikeOfGenius+1","champ:PerfectForm+1","CurseOfTheBell","champ:Lariat+1","champ:StanceDance+1","hubris:DuctTapeCard","champ:IronFortress+1"],"relics":["champ:ChampionCrown","downfall:HeartsMalice","downfall:HeartBlessingRed","downfall:HeartBlessingGreen","downfall:HeartBlessingBlue","Pen Nib","MerchantsRug","ReplayTheSpireMod:Ninjato","Simple Rune","WarpedTongs","hubris:SlimyHat","hubris:SphereOfDissonance","CaptainsWheel","Bottled Tornado","champ:Barbells","infinitespire:Joker Card","White Beast Statue","infinitespire:EmpoweringShard","hubris:ToyBattleship","Potion Belt","Replay:Wanted Poster","Calipers","hubris:MysteriousPyramids","Lizard Tail","aspiration:HummingbirdHeart","Letter Opener","infinitespire:ShieldingShard","Akabeko","hubris:BottledRain","TheAbacus","Replay:Baseball","Happy Flower","Replay:WaspNest","Chameleon Ring","infinitespire:Beetle Shell","hubris:CrystalStatue","Anchor","hubris:EvacipatedBox","hubris:FruitBowl","Pear","HandDrill"],"acts_visited":["Exordium","TheCity","TheBeyond","TheEnding"],"potions_floor_usage":[50,50,50,55,55,55,55,55,55,55,55,55,55],"damage_taken":[{"damage":0.0,"enemies":"Cultist","floor":4.0,"turns":1.0},{"damage":0.0,"enemies":"downfall:FleeingMerchant","floor":5.0,"turns":1.0},{"damage":0.0,"enemies":"Gremlin Nob","floor":6.0,"turns":1.0},{"damage":43.0,"enemies":"3 Sentries","floor":8.0,"turns":6.0},{"damage":12.0,"enemies":"Replay:BlueRogue","floor":10.0,"turns":4.0},{"damage":3.0,"enemies":"Jaw Worm","floor":11.0,"turns":2.0},{"damage":23.0,"enemies":"2 Louse","floor":13.0,"turns":2.0},{"damage":37.0,"enemies":"Gremlin Gang","floor":15.0,"turns":3.0},{"damage":39.0,"enemies":"downfall:Ironclad","floor":16.0,"turns":6.0},{"damage":45.0,"enemies":"Slavers","floor":19.0,"turns":5.0},{"damage":47.0,"enemies":"Slavers","floor":20.0,"turns":4.0},{"damage":29.0,"enemies":"3 Byrds","floor":21.0,"turns":4.0},{"damage":56.0,"enemies":"downfall:FleeingMerchant","floor":22.0,"turns":3.0},{"damage":55.0,"enemies":"downfall:LadyInBlue","floor":23.0,"turns":5.0},{"damage":30.0,"enemies":"Book of Stabbing","floor":25.0,"turns":5.0},{"damage":27.0,"enemies":"Slavers","floor":27.0,"turns":7.0},{"damage":19.0,"enemies":"Snecko","floor":28.0,"turns":3.0},{"damage":36.0,"enemies":"Centurion and Healer","floor":30.0,"turns":4.0},{"damage":22.0,"enemies":"Shelled Parasite and Fungi","floor":31.0,"turns":2.0},{"damage":22.0,"enemies":"Snake Plant","floor":32.0,"turns":2.0},{"damage":71.0,"enemies":"downfall:Silent","floor":33.0,"turns":4.0},{"damage":70.0,"enemies":"3 Darklings","floor":36.0,"turns":3.0},{"damage":22.0,"enemies":"Orb Walker","floor":37.0,"turns":3.0},{"damage":65.0,"enemies":"Giant Head","floor":40.0,"turns":3.0},{"damage":65.0,"enemies":"Reptomancer","floor":43.0,"turns":2.0},{"damage":48.0,"enemies":"Spire Growth","floor":46.0,"turns":3.0},{"damage":43.0,"enemies":"4 Shapes","floor":48.0,"turns":2.0},{"damage":74,"enemies":"Maw","floor":49,"turns":2},{"damage":43,"enemies":"downfall:Watcher","floor":50,"turns":2},{"damage":123,"enemies":"downfall:CharBossMerchant","floor":52,"turns":2},{"damage":138,"enemies":"downfall:NeowBoss","floor":55,"turns":10}],"seed_played":"2422107473790793624","potions_obtained":[{"floor":8.0,"key":"champ:OpenerPotion"},{"floor":11.0,"key":"sneckomod:MuddlingPotion"},{"floor":13.0,"key":"Venom Potion"},{"floor":21.0,"key":"PowerPotion"},{"floor":23.0,"key":"Languid Potion"},{"floor":23.0,"key":"EntropicBrew"},{"floor":25.0,"key":"Swift Potion"},{"floor":27.0,"key":"Languid Potion"},{"floor":28.0,"key":"DistilledChaos"},{"floor":30.0,"key":"Elixir"},{"floor":31.0,"key":"Dexterity Potion"},{"floor":32.0,"key":"BlessingOfTheForge"},{"floor":33.0,"key":"Strength Potion"},{"floor":36.0,"key":"Weak Potion"},{"floor":37.0,"key":"Energy Potion"},{"floor":40.0,"key":"Dexterity Potion"},{"floor":43.0,"key":"SteroidPotion"},{"floor":48,"key":"Strength Potion"},{"floor":49,"key":"champ:OpenerPotion"},{"floor":52,"key":"Strength Potion"}],"is_trial":false,"path_per_floor":["R","?","?","M","$","E","T","E","R","E","M","?","M","?","M","B",null,"R","E","?","M","$","?","T","E","R","E","M","$","M","M","M","B",null,"R","M","M","?","$","E","T","R","E","R","$","M","$","M","M","B",null,"E","$","R","B",null],"character_chosen":"THE_CHAMP","items_purchased":["champ:RecklessLeap","champ:IronFortress","MerchantsRug","champ:Barbells","champ:DancingMaster","infinitespire:Joker Card","Potion Belt","PowerPotion","Calipers","hubris:MysteriousPyramids","Akabeko","hubris:BottledRain","TheAbacus","Replay:Baseball","Happy Flower","Replay:WaspNest","Chameleon Ring","infinitespire:Beetle Shell","hubris:CrystalStatue","Anchor","hubris:EvacipatedBox","hubris:FruitBowl","Pear","Adrenaline Potion","LiquidBronze","HandDrill"],"campfire_rested":0,"item_purchase_floors":[5,5,5,22,22,22,29,29,39,39,45,45,45,47,47,47,47,47,47,47,47,47,53,53,53,53],"current_hp_per_floor":[100,100,74,74,74,74,74,65,65,68,70,70,67,67,69,61,107,107,107,98,89,89,89,89,89,89,84,84,84,77,75,72,72,112,112,99,96,61,61,66,66,66,65,65,65,68,60,63,66,69,124,124,139,139,139],"gold":507,"neow_bonus":"THREE_ENEMY_KILL","is_daily":false,"chose_seed":false,"campfire_upgraded":7,"win_rate":0.0,"timestamp":1608540772,"path_taken":["R","?","?","M","$","E","T","E","R","E","M","?","?","?","M","BOSS","R","E","?","M","$","?","T","E","R","E","M","$","M","?","M","BOSS","R","?","M","?","$","E","T","R","E","R","$","M","?","M","M","BOSS","E","$","R","BOSS"],"items_purchased_type":["Card","Card","Relic","Relic","Card","Relic","Relic","Potion","Relic","Relic","Relic","Relic","Relic","Relic","Relic","Relic","Relic","Relic","Relic","Relic","Relic","Relic","Relic","Potion","Potion","Relic"],"build_version":"2020-12-13","purchased_purges":1,"victory":true,"max_hp_per_floor":[100,100,100,100,100,100,100,100,100,107,107,107,107,107,107,107,107,107,107,107,107,107,107,107,107,107,107,107,107,107,107,107,112,112,112,112,112,112,112,117,117,117,117,117,117,117,124,124,124,124,124,124,139,139,139],"card_choices":[{"not_picked":["champ:SwordSigil","champ:PerfectedStrike","champ:Lariat"],"picked":"SKIP","floor":4.0},{"not_picked":["champ:DeathBlow","champ:DefensiveShout","champ:FalseCounter"],"picked":"SKIP","floor":5.0},{"not_picked":["champ:GutPunch","champ:TornadoPunch"],"picked":"champ:StrikeOfGenius","floor":6.0},{"not_picked":["champ:FlashCut","champ:StanceDance","champ:FanOfKnives"],"picked":"SKIP","floor":8.0},{"not_picked":["champ:RisingSlash","champ:HeartStrike","champ:FanOfKnives"],"picked":"SKIP","floor":10.0},{"not_picked":["champ:CrookedStrike","champ:BerserkerStyle","champ:ShieldSigil"],"picked":"SKIP","floor":11.0},{"not_picked":["champ:FocusedBerserking","champ:BringItOn","champ:DeathBlow"],"picked":"SKIP","floor":13.0},{"not_picked":["champ:BerserkersShout","champ:FlashCut","champ:BladeFlurry"],"picked":"SKIP","floor":15.0},{"not_picked":["champ:HoldFirm","champ:EnchantCrown"],"picked":"champ:PerfectForm","floor":16.0},{"not_picked":["champ:Lariat","champ:RageSigil+1","champ:FanOfKnives"],"picked":"SKIP","floor":19.0},{"not_picked":["champ:RageSigil+1","champ:FalseCounter+1","champ:DeathBlow"],"picked":"SKIP","floor":21.0},{"not_picked":["champ:Improvising","champ:Circumvent"],"picked":"champ:Lariat+1","floor":22.0},{"not_picked":["champ:Haymaker","champ:ShieldThrow"],"picked":"champ:StanceDance+1","floor":25.0},{"not_picked":["champ:RisingSlash","champ:Riposte","champ:FocusedGladiator+1"],"picked":"SKIP","floor":27.0},{"not_picked":["champ:RisingSlash","champ:Riposte","champ:FocusedDefense"],"picked":"SKIP","floor":28.0},{"not_picked":["champ:FaceSlap","champ:TornadoPunch","champ:SwordSigil"],"picked":"SKIP","floor":30.0},{"not_picked":["champ:ShieldSigil","champ:ArenaPreparation","champ:Shatter"],"picked":"SKIP","floor":31.0},{"not_picked":["champ:RageSigil","champ:DefensiveStyle"],"picked":"champ:FightOn","floor":32.0},{"not_picked":["champ:LastStand","champ:MurderStrike"],"picked":"champ:DancingMaster","floor":33.0},{"not_picked":["champ:BerserkersShout+1","champ:SwordSigil+1","champ:Circumvent"],"picked":"SKIP","floor":36.0},{"not_picked":["champ:Haymaker","champ:RageSigil"],"picked":"champ:FightOn","floor":37.0},{"not_picked":["champ:FaceSlap","champ:EnchantShield","champ:CrookedStrike+1"],"picked":"SKIP","floor":40.0},{"not_picked":["champ:FaceSlap","champ:EnchantShield","champ:CrookedStrike+1"],"picked":"SKIP","floor":40.0},{"not_picked":["champ:RapidStrikes+1","champ:DefensiveStyle+1","champ:Shatter+1"],"picked":"SKIP","floor":43.0},{"not_picked":["champ:RapidStrikes+1","champ:DefensiveStyle+1","champ:Shatter+1"],"picked":"SKIP","floor":43.0},{"not_picked":["champ:BringItOn","champ:TornadoPunch+1","champ:CrookedStrike+1"],"picked":"SKIP","floor":46.0},{"not_picked":["champ:ShieldWall","champ:TornadoPunch","champ:CrookedStrike+1"],"picked":"SKIP","floor":48},{"not_picked":["champ:FocusedBerserking","champ:Lariat+1","champ:BerserkerStyle"],"picked":"SKIP","floor":49},{"not_picked":["champ:AdrenalArmor","champ:StanceDance"],"picked":"champ:IronFortress+1","floor":52}],"player_experience":795223,"relics_obtained":[{"floor":6.0,"key":"CeramicFish"},{"floor":7.0,"key":"ReplayTheSpireMod:Ninjato"},{"floor":8.0,"key":"Simple Rune"},{"floor":10.0,"key":"Strawberry"},{"floor":17.0,"key":"hubris:SlimyHat"},{"floor":17.0,"key":"hubris:SphereOfDissonance"},{"floor":17.0,"key":"CaptainsWheel"},{"floor":19.0,"key":"Bottled Tornado"},{"floor":23.0,"key":"White Beast Statue"},{"floor":24.0,"key":"infinitespire:Eraser"},{"floor":25.0,"key":"infinitespire:EmpoweringShard"},{"floor":27.0,"key":"hubris:ToyBattleship"},{"floor":40.0,"key":"aspiration:HummingbirdHeart"},{"floor":41.0,"key":"Letter Opener"},{"floor":43.0,"key":"infinitespire:ShieldingShard"},{"floor":52,"key":"Pocketwatch"}],"event_choices":[{"damage_healed":0.0,"max_hp_gain":0.0,"max_hp_loss":0.0,"gold_gain":0.0,"event_name":"Accursed Blacksmith","player_choice":"Rummage","floor":12.0,"gold_loss":0.0,"damage_taken":0.0,"relics_obtained":["WarpedTongs"],"cards_obtained":["Pain"]},{"cards_removed":["Pain"],"damage_healed":0.0,"max_hp_gain":0.0,"max_hp_loss":0.0,"gold_gain":0.0,"event_name":"The Cleric","player_choice":"Card Removal","floor":14.0,"gold_loss":0.0,"damage_taken":0.0}],"is_beta":false,"boss_relics":[{"not_picked":["hubris:ScarierMask","Snecko Heart"],"picked":"Calling Bell"},{"not_picked":["Painkiller Herb","hubris:HollowSoul"],"picked":"Replay:Wanted Poster"}],"items_purged_floors":[5],"is_endless":false,"potions_floor_spawned":[8,11,13,21,25,27,28,30,31,32,33,36,37,40,43,46,48,49,52],"ascension_level":3}}