{"host":"i0avyit1s6jb1siw","time":1608548494,"event":{"mods":["BaseMod","DeckTracker","Dota2Spire","Highlight Path","Minty Spire (QoL Compilation)","Quick Restart","Replay The Spire","StSLib","SuperFastMode"],"gold_per_floor":[10,10,24,43,53,68,68,88,88,120,133,150,150,150,150],"floor_reached":14,"playtime":302,"items_purged":[],"score":192,"play_id":"40e4c98e-8fe3-4da1-872c-e875bf4a5b62","local_time":"20201221120134","is_ascension_mode":true,"campfire_choices":[{"floor":7,"key":"REST"}],"circlet_count":0,"master_deck":["AscendersBane","Strike_R","Strike_R","Strike_R","Defend_R","Defend_R","Defend_R","Defend_R","Bash","Inflame","Disarm","Flame Barrier","Pommel Strike","Twin Strike","Armaments","Parasite"],"relics":["Burning Blood","ReplayTheSpireMod:Shallot","Singing Bowl"],"acts_visited":["Exordium"],"potions_floor_usage":[10,11,11],"damage_taken":[{"damage":17,"enemies":"Cultist","floor":1,"turns":4},{"damage":7,"enemies":"Small Slimes","floor":3,"turns":3},{"damage":5,"enemies":"Jaw Worm","floor":4,"turns":4},{"damage":44,"enemies":"Large Slime","floor":5,"turns":7},{"damage":12,"enemies":"Blue Slaver","floor":6,"turns":4},{"damage":6,"enemies":"2 Fungi Beasts","floor":8,"turns":5},{"damage":31,"enemies":"Lagavulin","floor":10,"turns":8},{"damage":23,"enemies":"Large Slime","floor":11,"turns":8},{"damage":9,"enemies":"Red Slaver","floor":12,"turns":6},{"damage":33,"enemies":"3 Sentries","floor":14,"turns":5}],"seed_played":"-785586811592962222","potions_obtained":[{"floor":2,"key":"Dota2Spire:Clarity"},{"floor":2,"key":"Venom Potion"},{"floor":4,"key":"BloodPotion"},{"floor":10,"key":"Energy Potion"},{"floor":11,"key":"Energy Potion"},{"floor":12,"key":"Reflective Coating"}],"is_trial":false,"path_per_floor":["M","?","M","M","M","M","R","M","T","E","M","M","?","E"],"character_chosen":"IRONCLAD","items_purchased":[],"campfire_rested":1,"item_purchase_floors":[],"current_hp_per_floor":[57,57,56,57,19,13,35,35,35,12,12,11,31,0,0],"gold":150,"neow_bonus":"REMOVE_TWO","is_daily":false,"chose_seed":false,"campfire_upgraded":0,"win_rate":0.0,"timestamp":1608548494,"path_taken":["M","?","M","?","M","M","R","M","T","E","M","M","?","E"],"items_purchased_type":[],"build_version":"2020-12-13","purchased_purges":0,"victory":false,"max_hp_per_floor":[75,75,75,75,75,75,75,75,75,77,79,81,81,81,81],"card_choices":[{"not_picked":["Thunderclap","Wild Strike"],"picked":"Inflame","floor":1},{"not_picked":["Havoc","Body Slam"],"picked":"Disarm","floor":3},{"not_picked":["Dual Wield","ReplayTheSpireMod:Strike From Hell"],"picked":"Flame Barrier","floor":4},{"not_picked":["Clash","Replay:Undeath\u0027s Touch"],"picked":"Pommel Strike","floor":5},{"not_picked":["Body Slam","Replay:Undeath\u0027s Touch"],"picked":"Twin Strike","floor":6},{"not_picked":["Cleave","Run Through"],"picked":"Armaments","floor":8},{"not_picked":["Flex","Body Slam","Havoc"],"picked":"Singing Bowl","floor":10},{"not_picked":["Body Slam","Seeing Red","Infernal Blade"],"picked":"Singing Bowl","floor":11},{"not_picked":["Headbutt","Flex","Disarm"],"picked":"Singing Bowl","floor":12}],"player_experience":2090250,"relics_obtained":[{"floor":9,"key":"ReplayTheSpireMod:Shallot"},{"floor":10,"key":"Singing Bowl"}],"event_choices":[{"damage_healed":0,"gold_gain":0,"player_choice":"Got Potions","damage_taken":0,"max_hp_gain":0,"max_hp_loss":0,"event_name":"Lab","floor":2,"gold_loss":0},{"damage_healed":20,"gold_gain":0,"player_choice":"Healed and dodged fight","damage_taken":0,"max_hp_gain":0,"max_hp_loss":0,"event_name":"Mushrooms","floor":13,"gold_loss":0,"cards_obtained":["Parasite"]}],"is_beta":false,"boss_relics":[],"items_purged_floors":[],"is_endless":false,"potions_floor_spawned":[4,5,10,11,12],"killed_by":"3 Sentries","ascension_level":20}}