{"host":"sxnl403xm2xmiyj1","time":1608522336,"event":{"mods":["AchievementEnabler","BaseMod","Colored Map","Keyboard Shortcuts","Minty Spire (QoL Compilation)","Quick Restart","StSLib","SuperFastMode"],"gold_per_floor":[116,133,151,151,201,201,43,43,43,55,67,95,115,125,125,125,125],"floor_reached":16,"playtime":341,"items_purged":[],"score":198,"play_id":"08c1801b-1cc5-435f-81af-cb9ef2fdc650","local_time":"20201221124536","is_ascension_mode":true,"campfire_choices":[{"floor":6.0,"key":"REST"},{"floor":8.0,"key":"RECALL"},{"data":"Beam Cell","floor":15,"key":"SMITH"}],"circlet_count":0,"master_deck":["AscendersBane","Strike_B","Strike_B+1","Strike_B","Strike_B","Defend_B+1","Defend_B","Defend_B","Defend_B","Zap","Dualcast","Coolheaded+1","Leap","Gash+1","Stack+1","Compile Driver","Hologram+1","Beam Cell+1","Hologram+1"],"relics":["Cracked Core","NeowsBlessing","Whetstone","Toxic Egg 2","Dream Catcher"],"acts_visited":["Exordium"],"potions_floor_usage":[14],"damage_taken":[{"damage":0.0,"enemies":"Cultist","floor":1.0,"turns":1.0},{"damage":0.0,"enemies":"Jaw Worm","floor":2.0,"turns":1.0},{"damage":0.0,"enemies":"2 Louse","floor":3.0,"turns":1.0},{"damage":13.0,"enemies":"Lots of Slimes","floor":10.0,"turns":4.0},{"damage":0.0,"enemies":"Looter","floor":11.0,"turns":4.0},{"damage":15.0,"enemies":"3 Sentries","floor":12.0,"turns":11.0},{"damage":7.0,"enemies":"Exordium Thugs","floor":13.0,"turns":4.0},{"damage":6,"enemies":"Large Slime","floor":14,"turns":5},{"damage":16,"enemies":"Hexaghost","floor":16,"turns":11}],"seed_played":"3605788447090272823","potions_obtained":[{"floor":3.0,"key":"SmokeBomb"},{"floor":10.0,"key":"PowerPotion"},{"floor":11.0,"key":"SteroidPotion"}],"is_trial":false,"path_per_floor":["M","M","M","?","?","R","$","R","T","M","M","E","M","M","R","B"],"character_chosen":"DEFECT","items_purchased":["Whetstone"],"campfire_rested":1,"item_purchase_floors":[7],"current_hp_per_floor":[64,64,64,43,36,57,57,57,57,44,44,29,22,16,16,0,0],"gold":125,"neow_bonus":"THREE_ENEMY_KILL","is_daily":false,"chose_seed":false,"campfire_upgraded":1,"win_rate":0.0,"timestamp":1608522336,"path_taken":["M","?","M","?","?","R","$","R","T","M","?","E","M","M","R","BOSS"],"items_purchased_type":["Relic"],"build_version":"2020-12-13","purchased_purges":0,"victory":false,"max_hp_per_floor":[71,71,71,71,71,71,71,71,71,71,71,71,71,71,71,71,71],"card_choices":[{"not_picked":["Doom and Gloom","Redo"],"picked":"Coolheaded","floor":1.0},{"not_picked":["Barrage","Turbo"],"picked":"Leap","floor":2.0},{"not_picked":["Turbo","Leap"],"picked":"Gash","floor":3.0},{"not_picked":["Sweeping Beam","Steam+1"],"picked":"Stack+1","floor":10.0},{"not_picked":["Static Discharge","Chill+1"],"picked":"Compile Driver","floor":11.0},{"not_picked":["Hyperbeam","Barrage"],"picked":"Hologram+1","floor":12.0},{"not_picked":["Ball Lightning","Rip and Tear"],"picked":"Beam Cell","floor":13.0},{"not_picked":["Go for the Eyes","Conserve Battery+1"],"picked":"Hologram+1","floor":14}],"player_experience":108179,"relics_obtained":[{"floor":9.0,"key":"Toxic Egg 2"},{"floor":12.0,"key":"Dream Catcher"}],"event_choices":[{"damage_healed":0.0,"max_hp_gain":0.0,"max_hp_loss":0.0,"gold_gain":0.0,"event_name":"Shining Light","player_choice":"Entered Light","floor":4.0,"gold_loss":0.0,"damage_taken":21.0,"cards_upgraded":["Coolheaded","Defend_B"]},{"damage_healed":0.0,"max_hp_gain":0.0,"max_hp_loss":0.0,"gold_gain":50.0,"event_name":"FaceTrader","player_choice":"Touch","floor":5.0,"gold_loss":0.0,"damage_taken":7.0}],"is_beta":false,"boss_relics":[],"items_purged_floors":[],"is_endless":false,"potions_floor_spawned":[3,10,11,12],"killed_by":"Hexaghost","ascension_level":18}}