{"host":"qzpuxnheibnu7155","time":1608525972,"event":{"mods":["Act Like it!","BaseMod","Displayed Cursed Tome","Minty Spire (QoL Compilation)","MostiFishMod","Pale of the Ancients","Remilia（蕾米莉亚）","RumiaBox-露米娅的神秘盒子","StSLib","TestMod","Waifu the Spire","【功能Mod】Neow奖励","【遗物卡牌】REMEMod","没有小屋子和绿帽子啦"],"gold_per_floor":[212,57,57,68,68,68,68,68,68,86,86,99,133,153,153,232,232,232],"floor_reached":17,"playtime":730,"items_purged":["Defend_RM"],"score":360,"play_id":"07f0d197-daab-4715-8f99-fb2fa035950a","local_time":"20201221124612","is_ascension_mode":true,"campfire_choices":[{"data":"MostiFishMod:SparklingWater","floor":6,"key":"SMITH"},{"data":"ScarletDream","floor":8,"key":"SMITH"},{"floor":15,"key":"RECALL"}],"circlet_count":0,"master_deck":["AscendersBane","Strike_RM","Strike_RM+1","Strike_RM","Strike_RM","Defend_RM","Defend_RM","RedMoon+1","ScarletShoot","MostiFishMod:SparklingWater+1","ScarletDream+1","TricksterDevil","Ultimatum","BatForm","ScarletImprint","EquivalentExchange"],"relics":["ScarletHat","DaveBox","testmod-TestBox","REME_ComplimentaryCards","testmod-ChristmasGift","ImprovedEquipment","Baka","Question Card","SentryEyes","StrikeDummy","GodSword5","RedBat","ImportantClient","Philosopher\u0027s Stone"],"acts_visited":["Exordium","TheCity"],"potions_floor_usage":[1,2,16,16,16,16,16,16,16,16,16,16,16,16,16],"damage_taken":[{"damage":10,"enemies":"Cultist","floor":1,"turns":1},{"damage":0,"enemies":"2 Louse","floor":4,"turns":1},{"damage":0,"enemies":"Small Slimes","floor":10,"turns":1},{"damage":0,"enemies":"Looter","floor":12,"turns":1},{"damage":0,"enemies":"Lagavulin","floor":13,"turns":1},{"damage":0,"enemies":"Blue Slaver","floor":14,"turns":2},{"damage":6,"enemies":"The Guardian","floor":16,"turns":5}],"seed_played":"8038672597883849816","potions_obtained":[{"floor":10,"key":"FearPotion"},{"floor":12,"key":"testmod-TestPotion"},{"floor":14,"key":"Energy Potion"}],"is_trial":false,"path_per_floor":["M","$","?","M","?","R","?","R","T","M","T","M","E","M","R","B",null],"character_chosen":"REMILIA","items_purchased":["testmod-SpacePotion"],"campfire_rested":0,"item_purchase_floors":[2],"current_hp_per_floor":[54,54,54,55,37,37,16,16,16,16,16,21,27,29,29,43,68,68],"gold":232,"neow_bonus":"HUNDRED_GOLD","is_daily":false,"chose_seed":false,"campfire_upgraded":2,"win_rate":0.0,"timestamp":1608525972,"path_taken":["M","$","?","M","?","R","?","R","T","M","?","M","E","?","R","BOSS"],"items_purchased_type":["Potion"],"build_version":"2020-12-13","purchased_purges":1,"victory":false,"max_hp_per_floor":[70,70,70,70,70,70,70,70,70,70,70,70,70,70,70,70,70,70],"card_choices":[{"not_picked":["Stigmanizer","RedRainbow"],"picked":"ScarletDream","floor":1},{"not_picked":["NightDance","ScarletDevil","VampireKiss"],"picked":"FavorOfDestiny","floor":4},{"not_picked":["BlasphemousPunishment","EndlessAdversity","ScarletDevil"],"picked":"Ultimatum","floor":10},{"not_picked":["EndlessAdversity","VampireKiss","BloodHunter","UnderTheZenith"],"picked":"SKIP","floor":12},{"not_picked":["ScarletDream","CurseOfVladTepes","EmergencyRegeneration"],"picked":"BatForm","floor":13},{"not_picked":["EndlessAdversity","CharismaGuard","GlobalNightmare"],"picked":"ScarletImprint","floor":14},{"not_picked":["ScarletImprint","BlasphemousPunishment","RedRainbow","FavorOfDestiny"],"picked":"SKIP","floor":14},{"not_picked":["KillingBlow","CurseOfVladTepes","BloodRain"],"picked":"EquivalentExchange","floor":16}],"player_experience":549626,"relics_obtained":[{"floor":1,"key":"Baka"},{"floor":1,"key":"Question Card"},{"floor":4,"key":"SentryEyes"},{"floor":11,"key":"GodSword5"},{"floor":13,"key":"RedBat"},{"floor":16,"key":"ImportantClient"}],"event_choices":[{"damage_healed":0,"gold_gain":0,"cards_transformed":["Defend_RM"],"player_choice":"Change","damage_taken":0,"max_hp_gain":0,"max_hp_loss":0,"event_name":"Living Wall","floor":3,"gold_loss":0,"cards_obtained":["TricksterDevil"]},{"damage_healed":0,"gold_gain":0,"player_choice":"Success","damage_taken":18,"relics_obtained":["StrikeDummy"],"max_hp_gain":0,"max_hp_loss":0,"event_name":"Scrap Ooze","floor":5,"gold_loss":0},{"damage_healed":0,"gold_gain":0,"player_choice":"Entered Light","damage_taken":21,"max_hp_gain":0,"max_hp_loss":0,"event_name":"Shining Light","floor":7,"gold_loss":0,"cards_upgraded":["Strike_RM","RedMoon"]}],"is_beta":false,"boss_relics":[{"not_picked":["MetatronsCube","testmod-NegativeEmotionEnhancer"],"picked":"Philosopher\u0027s Stone"}],"items_purged_floors":[2],"is_endless":false,"potions_floor_spawned":[10,12,14],"ascension_level":20}}