{"host":"q9g66e6wfop9li80","time":1608540334,"event":{"mods":["Act Like it!","Aspiration","BaseMod","Colored Powertips","Downfall","FoggyMod","Friendly Minions","Gensokyo","Highlight Path","KinomotoSakuraMod(木之本樱)","Kiyohime（清姬）","Marisa（F雨　魔理沙）","Minty Spire (QoL Compilation)","MostiFishMod","Pale of the Ancients","Quick Restart","Red Circlet Mod","Reimu（博丽灵梦）","Relic Stats","Remilia（蕾米莉亚）","RumiaBox-露米娅的神秘盒子","Ryuuou龙王","Spicy Shops","StSLib","TestMod","Uncapped","Waifu the Spire","Yuyuko","noobMod","【功能Mod】混沌之环修复补丁","【功能Mod】聪明的最终Boss","【遗物卡牌】REMEMod","篝火指南"],"gold_per_floor":[116,116,116,76,76,114,114,149,204,252,252],"floor_reached":10,"playtime":545,"items_purged":[],"score":182,"play_id":"0fc04d7a-7b50-4570-8a9b-e3994dcc3c1c","local_time":"20201221164534","daily_mods":["Heirloom","Time Dilation","Flight","downfall:Lament","downfall:ExchangeController"],"is_ascension_mode":false,"campfire_choices":[{"data":"FantasyBorder:ReiMu","floor":7,"key":"SMITH"}],"circlet_count":0,"master_deck":["ClowCardTheSword","ClowCardTheSword","ClowCardTheSword","ClowCardTheSword","ClowCardTheShield","ClowCardTheShield","ClowCardTheShield","ClowCardTheShield+1","SpellCardSeal","SpellCardRelease","Meditate+1","ClowCardTheFirey","FantasyBorder:ReiMu+1"],"relics":["KSMOD_SealedBook","KSMOD_SealedWand","downfall:NeowBlessing_Player","NeowsBlessing","testmod-TestBox","DaveBox","ice","REME_ComplimentaryCards","testmod-ChristmasGift","BrkXgEgg","testmod-TheFather","Question Card","PrismaticShard","Golden Idol","PaintedHorse:ReiMu","Letter Opener","testmod-BlackFramedGlasses","Dream Catcher","Anchor"],"acts_visited":["Exordium"],"potions_floor_usage":[],"damage_taken":[{"damage":0,"enemies":"Cultist","floor":1,"turns":1},{"damage":0,"enemies":"3 Sentries","floor":6,"turns":2},{"damage":0,"enemies":"Lagavulin","floor":8,"turns":2},{"damage":64,"enemies":"Gremlin Nob","floor":10,"turns":6}],"seed_played":"-8437428471889210506","potions_obtained":[{"floor":10,"key":"SteroidPotion"}],"is_trial":true,"path_per_floor":["M","?","$","?","?","E","R","E","T","E"],"character_chosen":"KINOMOTOSAKURA","items_purchased":[],"campfire_rested":0,"item_purchase_floors":[],"current_hp_per_floor":[170,128,128,128,94,94,94,95,95,44,44],"gold":252,"neow_bonus":"","is_daily":false,"chose_seed":false,"campfire_upgraded":1,"win_rate":0.0,"timestamp":1608540334,"path_taken":["M","?","$","?","?","E","R","E","T","E"],"items_purchased_type":[],"build_version":"2020-12-13","purchased_purges":0,"victory":false,"max_hp_per_floor":[170,170,170,170,170,170,170,170,170,170,170],"relic_stats":{"Dream Catcher":0,"counters":[4,11],"Golden Idol":23,"Letter Opener":[5],"Question Card":3,"obtain_stats":[{"testmod-TestBox":0,"downfall:NeowBlessing_Player":0,"NeowsBlessing":0,"DaveBox":0,"KSMOD_SealedBook":0,"Golden Idol":2,"BrkXgEgg":0,"ice":0,"Letter Opener":6,"Question Card":1,"PrismaticShard":1,"testmod-BlackFramedGlasses":8,"Dream Catcher":9,"Anchor":10,"PaintedHorse:ReiMu":4,"testmod-TheFather":0,"KSMOD_SealedWand":0,"testmod-ChristmasGift":0,"REME_ComplimentaryCards":0},{"testmod-TestBox":0,"downfall:NeowBlessing_Player":0,"NeowsBlessing":0,"DaveBox":0,"KSMOD_SealedBook":0,"Golden Idol":1,"BrkXgEgg":0,"ice":0,"Letter Opener":2,"Question Card":1,"PrismaticShard":1,"testmod-BlackFramedGlasses":3,"Dream Catcher":3,"Anchor":4,"PaintedHorse:ReiMu":1,"testmod-TheFather":0,"KSMOD_SealedWand":0,"testmod-ChristmasGift":0,"REME_ComplimentaryCards":0},{"testmod-TestBox":0,"downfall:NeowBlessing_Player":0,"NeowsBlessing":0,"DaveBox":0,"KSMOD_SealedBook":0,"Golden Idol":1,"BrkXgEgg":0,"ice":0,"Letter Opener":3,"Question Card":1,"PrismaticShard":1,"testmod-BlackFramedGlasses":5,"Dream Catcher":5,"Anchor":11,"PaintedHorse:ReiMu":1,"testmod-TheFather":0,"KSMOD_SealedWand":0,"testmod-ChristmasGift":0,"REME_ComplimentaryCards":0}]},"card_choices":[{"not_picked":["ClowCardTheGlow","ClowCardTheRain"],"picked":"ClowCardTheFirey","floor":1},{"not_picked":["Swift Strike","Guardian:Planning","Phantom Gift"],"picked":"FantasyBorder:ReiMu","floor":6},{"not_picked":["expansioncontent:DefensiveStance","Twin Strike","The Forgotten Winter","Guardian:Emergency"],"picked":"SKIP","floor":8}],"player_experience":200264,"relics_obtained":[{"floor":1,"key":"Question Card"},{"floor":1,"key":"PrismaticShard"},{"floor":6,"key":"Letter Opener"},{"floor":8,"key":"testmod-BlackFramedGlasses"},{"floor":9,"key":"Dream Catcher"},{"floor":10,"key":"Anchor"}],"event_choices":[{"damage_healed":0,"gold_gain":0,"player_choice":"Take Damage","damage_taken":42,"relics_obtained":["Golden Idol"],"max_hp_gain":0,"max_hp_loss":0,"event_name":"Golden Idol","floor":2,"gold_loss":0},{"damage_healed":0,"gold_gain":0,"player_choice":"塞钱","damage_taken":0,"relics_obtained":["PaintedHorse:ReiMu"],"max_hp_gain":0,"max_hp_loss":0,"event_name":"yidonshenshe","floor":4,"gold_loss":40},{"damage_healed":0,"gold_gain":0,"player_choice":"Entered Light","damage_taken":34,"max_hp_gain":0,"max_hp_loss":0,"event_name":"Shining Light","floor":5,"gold_loss":0,"cards_upgraded":["ClowCardTheShield","Meditate"]}],"is_beta":false,"boss_relics":[],"items_purged_floors":[],"is_endless":true,"potions_floor_spawned":[10],"killed_by":"Gremlin Nob","ascension_level":0}}