{"host":"6ve8qn5s1am4lo6s","time":1608570324,"event":{"mods":["AchievementEnabler","BaseMod","BetterRewards","Friendly Minions","GifTheSpireLib","Minty Spire (QoL Compilation)","Permanent Neow","Prisma Mod","Relic Stats","StSLib"],"gold_per_floor":[112,127,202,77,77,77,135,135,158,158,189,204,204,221,221,325,325,342,362,158,158,37,68,88,107,107,134,134,134,167,167,167,271,271,287,298,311,136,151,151,165,165,192,212,246,266,266,298,298,298,298,298,141,171,171],"floor_reached":56,"playtime":7124,"items_purged":["PrismaMod:IllyaCommonAttack","PrismaMod:IllyaCommonAttack","PrismaMod:IllyaCommonAttack","PrismaMod:IllyaCommonAttack","Doubt"],"score":1240,"play_id":"01660cf2-521f-4912-9613-86b43e7d6764","local_time":"20201221120524","is_ascension_mode":false,"campfire_choices":[{"data":"PrismaMod:IllyaFriendMaker","floor":6.0,"key":"SMITH"},{"data":"PrismaMod:IllyaFriendMaker","floor":8.0,"key":"SMITH"},{"floor":10.0,"key":"RECALL"},{"data":"PrismaMod:IllyaAssassinRevenge","floor":13.0,"key":"SMITH"},{"data":"PrismaMod:IllyaCheapChannelPoison","floor":15.0,"key":"SMITH"},{"data":"PrismaMod:IllyaBlindPoisonToss","floor":28.0,"key":"SMITH"},{"data":"PrismaMod:IllyaBlindPoisonToss","floor":32.0,"key":"SMITH"},{"data":"PrismaMod:IllyaBoysLove","floor":40.0,"key":"SMITH"},{"data":"PrismaMod:IllyaCommonDefend","floor":42.0,"key":"SMITH"},{"data":"Madness","floor":49,"key":"SMITH"},{"data":"Madness","floor":52,"key":"SMITH"}],"circlet_count":0,"master_deck":["PrismaMod:IllyaCommonDefend","PrismaMod:IllyaCommonDefend+1","PrismaMod:IllyaCommonDefend","PrismaMod:IllyaCommonDefend","PrismaMod:IllyaCommonAttack","PrismaMod:IllyaCommonDefend+1","PrismaMod:IllyaUncommonDefend","PrismaMod:IllyaBoysLove","PrismaMod:IllyaFriendMaker+1","PrismaMod:IllyaCarnivalOrbs+1","PrismaMod:IllyaFeed","PrismaMod:IllyaFriendMaker+1","PrismaMod:IllyaBoysLove+1","PrismaMod:IllyaFeed","PrismaMod:IllyaCheapChannelPoison+1","PrismaMod:IllyaAssassinRevenge+1","PrismaMod:IllyaInstallCaster","PrismaMod:IllyaBoysLove","PrismaMod:IllyaBlindPoisonToss+1","PrismaMod:IllyaBlindPoisonToss+1","PrismaMod:IllyaCommandSeal","PrismaMod:IllyaGrail+1","PrismaMod:IllyaCheapDefend+1","PrismaMod:IllyaInstallForeigner","PrismaMod:IllyaReinForce+1","PrismaMod:IllyaPoisonBlock+1","PrismaMod:IllyaHassanGift+1","PrismaMod:IllyaFriendMaker+1","PrismaMod:IllyaFeed+1","PrismaMod:IllyaFeed+1","Madness+1","Madness+1","PrismaMod:IllyaSaphire+1","PrismaMod:IllyaCarnivalDefend"],"relics":["PrismaMod:PrismaRuby","War Paint","Regal Pillow","PrismaMod:AliceRelic","Pocketwatch","SlaversCollar","Dream Catcher","Gambling Chip","Frozen Egg 2","Pear","Astrolabe","Lantern","Art of War","Nunchaku","Orichalcum","Letter Opener"],"acts_visited":["TheCity","TheBeyond","TheEnding"],"potions_floor_usage":[55,55,55],"damage_taken":[{"damage":0.0,"enemies":"Small Slimes","floor":1.0,"turns":3.0},{"damage":0.0,"enemies":"2 Louse","floor":2.0,"turns":4.0},{"damage":7.0,"enemies":"Lagavulin Event","floor":7.0,"turns":6.0},{"damage":13.0,"enemies":"3 Sentries","floor":11.0,"turns":6.0},{"damage":2.0,"enemies":"Cultist","floor":12.0,"turns":3.0},{"damage":4.0,"enemies":"Large Slime","floor":14.0,"turns":4.0},{"damage":22.0,"enemies":"Hexaghost","floor":16.0,"turns":6.0},{"damage":0.0,"enemies":"3 Byrds","floor":18.0,"turns":2.0},{"damage":2.0,"enemies":"Chosen","floor":19.0,"turns":4.0},{"damage":9.0,"enemies":"Book of Stabbing","floor":23.0,"turns":4.0},{"damage":2.0,"enemies":"Snake Plant","floor":24.0,"turns":3.0},{"damage":27.0,"enemies":"Cultist and Chosen","floor":25.0,"turns":5.0},{"damage":43.0,"enemies":"Slavers","floor":27.0,"turns":6.0},{"damage":5.0,"enemies":"Book of Stabbing","floor":30.0,"turns":4.0},{"damage":29.0,"enemies":"Champ","floor":33.0,"turns":8.0},{"damage":7.0,"enemies":"3 Shapes","floor":35.0,"turns":4.0},{"damage":34.0,"enemies":"3 Darklings","floor":36.0,"turns":5.0},{"damage":0.0,"enemies":"Sphere and 2 Shapes","floor":37.0,"turns":4.0},{"damage":0.0,"enemies":"4 Shapes","floor":39.0,"turns":4.0},{"damage":48.0,"enemies":"Writhing Mass","floor":41.0,"turns":6.0},{"damage":10.0,"enemies":"Transient","floor":44.0,"turns":5.0},{"damage":3.0,"enemies":"Nemesis","floor":45.0,"turns":5.0},{"damage":16.0,"enemies":"3 Darklings","floor":46.0,"turns":4.0},{"damage":4.0,"enemies":"Giant Head","floor":48.0,"turns":8.0},{"damage":20,"enemies":"Time Eater","floor":50,"turns":7},{"damage":26,"enemies":"Shield and Spear","floor":54,"turns":6},{"damage":77,"enemies":"The Heart","floor":55,"turns":9}],"seed_played":"-2304684620109857185","potions_obtained":[{"floor":1.0,"key":"Dexterity Potion"},{"floor":7.0,"key":"AttackPotion"},{"floor":16.0,"key":"AttackPotion"},{"floor":25.0,"key":"ColorlessPotion"},{"floor":29.0,"key":"LiquidMemories"},{"floor":30.0,"key":"PowerPotion"}],"is_trial":false,"path_per_floor":["M","M","?","$","?","R","?","R","T","R","E","M","R","M","R","B",null,"M","M","$","?","$","E","M","M","T","E","R","?","E","$","R","B",null,"M","M","M","$","M","R","M","R","T","M","E","M","?","E","R","B",null,"R","$","E","B",null],"character_chosen":"ILLYA","items_purchased":["PrismaMod:IllyaBoysLove","PrismaMod:IllyaAlice","PrismaMod:IllyaFriendMaker","PrismaMod:IllyaCarnivalOrbs","PrismaMod:IllyaFeed","PrismaMod:IllyaFriendMaker","PrismaMod:IllyaBlindPoisonToss","PrismaMod:IllyaBlindPoisonToss","PrismaMod:IllyaCommandSeal","Orichalcum"],"campfire_rested":0,"item_purchase_floors":[0,0,0,0,0,0,20,22,22,53],"current_hp_per_floor":[45,54,43,43,40,40,46,46,46,46,59,74,74,73,73,66,75,75,73,73,73,73,68,73,70,70,54,54,54,77,77,77,74,85,81,77,80,80,85,85,66,66,66,82,85,85,74,85,85,73,85,85,85,85,14],"gold":171,"neow_bonus":"","is_daily":false,"chose_seed":false,"campfire_upgraded":10,"win_rate":0.0,"timestamp":1608570324,"path_taken":["M","M","?","$","?","R","?","R","T","R","E","M","R","M","R","BOSS","M","M","$","?","$","E","M","?","T","E","R","?","E","?","R","BOSS","M","M","M","$","M","R","M","R","T","M","E","M","?","E","R","BOSS","R","$","E","BOSS"],"items_purchased_type":["Card","Card","Card","Card","Card","Card","Card","Card","Card","Relic"],"build_version":"2020-12-13","purchased_purges":5,"victory":true,"max_hp_per_floor":[75,75,75,75,75,75,75,75,75,75,75,75,75,75,75,75,75,75,75,75,75,75,75,75,75,75,75,75,75,85,85,85,85,85,85,85,85,85,85,85,85,85,85,85,85,85,85,85,85,85,85,85,85,85,85],"relic_stats":{"Regal Pillow":0,"Dream Catcher":0,"Nunchaku":[2],"counters":[52,207],"Gambling Chip":[34],"Astrolabe":["Doubt","PrismaMod:IllyaReinForce","PrismaMod:IllyaPoisonBlock"],"Art of War":[8],"Letter Opener":[40],"War Paint":["PrismaMod:IllyaCarnivalOrbs","PrismaMod:IllyaCommonDefend"],"Orichalcum":[18],"obtain_stats":[{"Regal Pillow":7,"Lantern":43,"Bag of Preparation":26,"Boot":7,"PrismaMod:PrismaTraceOn":0,"Sozu":17,"PrismaMod:PrismaRuby":0,"Dream Catcher":23,"Nunchaku":48,"Gambling Chip":26,"Girya":0,"Pear":30,"Astrolabe":34,"Eternal Feather":12,"Pen Nib":54,"Letter Opener":54,"Odd Mushroom":11,"War Paint":5,"Frozen Egg 2":27,"Orichalcum":53,"PrismaMod:AliceRelic":7,"SlaversCollar":17,"Coffee Dripper":34,"Art of War":45,"Bottled Lightning":13,"Unceasing Top":27,"Meat on the Bone":43,"Pocketwatch":11},{"Regal Pillow":27,"Lantern":45,"Bag of Preparation":12,"Boot":3,"PrismaMod:PrismaTraceOn":0,"Sozu":8,"PrismaMod:PrismaRuby":0,"Dream Catcher":35,"Nunchaku":49,"Gambling Chip":37,"Girya":0,"Pear":39,"Astrolabe":40,"Eternal Feather":6,"Pen Nib":24,"Letter Opener":51,"Odd Mushroom":5,"War Paint":27,"Frozen Egg 2":38,"Orichalcum":50,"PrismaMod:AliceRelic":28,"SlaversCollar":32,"Coffee Dripper":16,"Art of War":47,"Bottled Lightning":6,"Unceasing Top":12,"Meat on the Bone":21,"Pocketwatch":29},{"Regal Pillow":79,"Lantern":163,"Bag of Preparation":37,"Boot":12,"PrismaMod:PrismaTraceOn":0,"Sozu":31,"PrismaMod:PrismaRuby":0,"Dream Catcher":114,"Nunchaku":185,"Gambling Chip":122,"Girya":0,"Pear":132,"Astrolabe":140,"Eternal Feather":23,"Pen Nib":66,"Letter Opener":198,"Odd Mushroom":18,"War Paint":79,"Frozen Egg 2":128,"Orichalcum":192,"PrismaMod:AliceRelic":85,"SlaversCollar":104,"Coffee Dripper":46,"Art of War":173,"Bottled Lightning":23,"Unceasing Top":37,"Meat on the Bone":53,"Pocketwatch":91}],"Pocketwatch":[108]},"card_choices":[{"not_picked":["PrismaMod:IllyaUncommonEvoke","PrismaMod:IllyaPoisonTippedWeapons","PrismaMod:IllyaGun"],"picked":"SKIP","floor":1.0},{"not_picked":["PrismaMod:IllyaFeed","PrismaMod:IllyaRubysPotion"],"picked":"PrismaMod:IllyaBoysLove","floor":2.0},{"not_picked":["PrismaMod:IllyaCommonEvoke","PrismaMod:IllyaUncommonAOEAttack"],"picked":"PrismaMod:IllyaFeed","floor":7.0},{"not_picked":["PrismaMod:IllyaMinorZwei","PrismaMod:IllyaMinorRapidFire"],"picked":"PrismaMod:IllyaCheapChannelPoison","floor":11.0},{"not_picked":["PrismaMod:IllyaCommonEvoke","PrismaMod:IllyaUncommonAttack"],"picked":"PrismaMod:IllyaAssassinRevenge","floor":12.0},{"not_picked":["PrismaMod:IllyaMaid","PrismaMod:IllyaGrailKun"],"picked":"PrismaMod:IllyaInstallCaster","floor":14.0},{"not_picked":["PrismaMod:IllyaPartialInstallAssassin+1","PrismaMod:IllyaCheapChannelPoison"],"picked":"PrismaMod:IllyaBoysLove","floor":18.0},{"not_picked":["PrismaMod:IllyaTestament","PrismaMod:IllyaCheapChannelDefend","PrismaMod:IllyaRapidFire"],"picked":"SKIP","floor":19.0},{"not_picked":["PrismaMod:IllyaRussianRoulette+1","PrismaMod:IllyaFeed"],"picked":"PrismaMod:IllyaGrail+1","floor":23.0},{"not_picked":["PrismaMod:IllyaCheapChannelAttack+1","PrismaMod:IllyaEvokeAll+1","PrismaMod:IllyaBride"],"picked":"SKIP","floor":24.0},{"not_picked":["PrismaMod:IllyaFeed","PrismaMod:IllyaUpgradeOrbs"],"picked":"PrismaMod:IllyaCheapDefend+1","floor":25.0},{"not_picked":["PrismaMod:IllyaUncommonAOEAttack","PrismaMod:IllyaRussianRoulette","PrismaMod:IllyaMaid"],"picked":"SKIP","floor":27.0},{"not_picked":["PrismaMod:IllyaUncommonAttack+1","PrismaMod:IllyaUpgradeOrbs+1","PrismaMod:IllyaBoysLove"],"picked":"SKIP","floor":30.0},{"not_picked":["PrismaMod:IllyaCarnivalAttack","PrismaMod:IllyaCarnivalOrbs"],"picked":"PrismaMod:IllyaInstallForeigner","floor":33.0},{"not_picked":["PrismaMod:IllyaRussianRoulette+1","PrismaMod:IllyaFriendMaker+1"],"picked":"PrismaMod:IllyaHassanGift+1","floor":35.0},{"not_picked":["PrismaMod:IllyaAssassinRevenge","PrismaMod:IllyaPoisonTippedWeapons+1","PrismaMod:IllyaUpgradeOrbs"],"picked":"SKIP","floor":36.0},{"not_picked":["PrismaMod:IllyaReinForce+1","PrismaMod:IllyaGrailKun","PrismaMod:IllyaPartialInstallAssassin"],"picked":"SKIP","floor":37.0},{"not_picked":["PrismaMod:IllyaCarnivalPrismaAstolfo","PrismaMod:IllyaHassanGift+1","PrismaMod:IllyaRubysPotion"],"picked":"SKIP","floor":39.0},{"not_picked":["PrismaMod:IllyaBerserCAR","PrismaMod:IllyaCheapChannelPoison"],"picked":"PrismaMod:IllyaFriendMaker+1","floor":41.0},{"not_picked":["PrismaMod:IllyaUncommonAttack","PrismaMod:IllyaAOECommonAttack","PrismaMod:IllyaHassanGift+1"],"picked":"SKIP","floor":44.0},{"not_picked":["PrismaMod:IllyaReinForce+1","PrismaMod:IllyaRussianRoulette+1"],"picked":"PrismaMod:IllyaFeed+1","floor":45.0},{"not_picked":["PrismaMod:IllyaSaphire","PrismaMod:IllyaMaid"],"picked":"PrismaMod:IllyaFeed+1","floor":46.0},{"not_picked":["PrismaMod:IllyaMinorZwei+1","PrismaMod:IllyaPartialInstallAssassin+1"],"picked":"PrismaMod:IllyaSaphire+1","floor":48.0},{"not_picked":["PrismaMod:IllyaMinorRapidFire+1","PrismaMod:IllyaAssassinRevenge"],"picked":"PrismaMod:IllyaCarnivalDefend","floor":54}],"player_experience":282142,"relics_obtained":[{"floor":11.0,"key":"Pocketwatch"},{"floor":23.0,"key":"Dream Catcher"},{"floor":26.0,"key":"Gambling Chip"},{"floor":27.0,"key":"Frozen Egg 2"},{"floor":30.0,"key":"Pear"},{"floor":43.0,"key":"Lantern"},{"floor":45.0,"key":"Art of War"},{"floor":48.0,"key":"Nunchaku"},{"floor":54,"key":"Letter Opener"}],"event_choices":[{"damage_healed":0.0,"max_hp_gain":0.0,"max_hp_loss":0.0,"gold_gain":75.0,"event_name":"World of Goop","player_choice":"Gather Gold","floor":3.0,"gold_loss":0.0,"damage_taken":11.0},{"damage_healed":0.0,"max_hp_gain":0.0,"max_hp_loss":0.0,"gold_gain":0.0,"event_name":"Scrap Ooze","player_choice":"Success","floor":5.0,"gold_loss":0.0,"damage_taken":3.0,"relics_obtained":["War Paint"]},{"damage_healed":0.0,"max_hp_gain":0.0,"max_hp_loss":0.0,"gold_gain":0.0,"event_name":"Dead Adventurer","player_choice":"Searched \u00272\u0027 times","floor":7.0,"gold_loss":0.0,"damage_taken":0.0,"relics_obtained":["Regal Pillow"]},{"damage_healed":0.0,"max_hp_gain":0.0,"max_hp_loss":0.0,"gold_gain":0.0,"event_name":"Wheel of Change","player_choice":"Cursed","floor":21.0,"gold_loss":0.0,"damage_taken":0.0,"cards_obtained":["Decay"]},{"damage_healed":0.0,"max_hp_gain":0.0,"max_hp_loss":0.0,"gold_gain":0.0,"event_name":"Lab","player_choice":"Got Potions","floor":29.0,"gold_loss":0.0,"damage_taken":0.0},{"damage_healed":0.0,"max_hp_gain":0.0,"max_hp_loss":0.0,"gold_gain":0.0,"event_name":"Winding Halls","player_choice":"Embrace Madness","floor":47.0,"gold_loss":0.0,"damage_taken":11.0,"cards_obtained":["Madness","Madness"]}],"is_beta":false,"boss_relics":[{"not_picked":["Coffee Dripper","Fusion Hammer"],"picked":"SlaversCollar"},{"not_picked":["Busted Crown","Calling Bell"],"picked":"Astrolabe"}],"items_purged_floors":[0,0,4,20,38],"is_endless":false,"potions_floor_spawned":[1,7,16,23,25,27,30,37,41,45,46],"ascension_level":0}}