{"host":"naykp6d9ulahlwib","time":1608509582,"event":{"mods":["BaseMod","Highlight Path","Minty Spire (QoL Compilation)","Shop Mod","StSLib"],"gold_per_floor":[119,119,194,211,229,229,243,243,270,44,44,61,61,71,71,150,150,167,154,154,154,154,154,173,98,121,121,147,47,62,80,80,154,154,169,169,180,107,77,77,112,112,112,131,151,171,18,18,18,18],"floor_reached":51,"playtime":5929,"items_purged":["Defend_P","Strike_P"],"score":1125,"play_id":"3b611bbf-63d2-4de7-a5dd-27082925a433","local_time":"20201220181302","is_ascension_mode":true,"campfire_choices":[{"data":"Eruption","floor":6.0,"key":"SMITH"},{"data":"Perseverance","floor":8.0,"key":"SMITH"},{"floor":11.0,"key":"REST"},{"data":"DeusExMachina","floor":13.0,"key":"SMITH"},{"data":"Pray","floor":15.0,"key":"SMITH"},{"data":"Brilliance","floor":23.0,"key":"SMITH"},{"floor":27.0,"key":"REST"},{"data":"WaveOfTheHand","floor":32.0,"key":"SMITH"},{"data":"Fasting2","floor":40.0,"key":"SMITH"},{"floor":42.0,"key":"REST"},{"floor":49,"key":"REST"}],"circlet_count":0,"master_deck":["AscendersBane","Strike_P","Defend_P","Eruption+1","Vigilance","Perseverance+1","EmptyFist","DeusExMachina+1","Pray+1","Brilliance+1","CurseOfTheBell","DeceiveReality","WaveOfTheHand+1","Brilliance","DevaForm","Prostrate","Fasting2+1"],"relics":["PureWater","PreservedInsect","Anchor","Calling Bell","Vajra","White Beast Statue","Lizard Tail","Orichalcum","Blood Vial","Busted Crown","Ancient Tea Set","Art of War","Regal Pillow"],"acts_visited":["Exordium","TheCity","TheBeyond"],"potions_floor_usage":[44,45,50],"damage_taken":[{"damage":1.0,"enemies":"2 Louse","floor":1.0,"turns":2.0},{"damage":9.0,"enemies":"Small Slimes","floor":4.0,"turns":5.0},{"damage":0.0,"enemies":"Jaw Worm","floor":5.0,"turns":4.0},{"damage":2.0,"enemies":"Red Slaver","floor":7.0,"turns":4.0},{"damage":0.0,"enemies":"3 Louse","floor":12.0,"turns":3.0},{"damage":0.0,"enemies":"Looter","floor":14.0,"turns":3.0},{"damage":22.0,"enemies":"Slime Boss","floor":16.0,"turns":11.0},{"damage":15.0,"enemies":"Shell Parasite","floor":18.0,"turns":5.0},{"damage":9.0,"enemies":"2 Thieves","floor":19.0,"turns":4.0},{"damage":1.0,"enemies":"Centurion and Healer","floor":24.0,"turns":7.0},{"damage":3.0,"enemies":"Gremlin Leader","floor":28.0,"turns":4.0},{"damage":1.0,"enemies":"Shelled Parasite and Fungi","floor":30.0,"turns":3.0},{"damage":6.0,"enemies":"Snake Plant","floor":31.0,"turns":4.0},{"damage":47.0,"enemies":"Automaton","floor":33.0,"turns":11.0},{"damage":17.0,"enemies":"Orb Walker","floor":35.0,"turns":6.0},{"damage":3.0,"enemies":"3 Shapes","floor":37.0,"turns":7.0},{"damage":27.0,"enemies":"Nemesis","floor":41.0,"turns":7.0},{"damage":14,"enemies":"Writhing Mass","floor":44,"turns":8},{"damage":19,"enemies":"Jaw Worm Horde","floor":45,"turns":5},{"damage":7,"enemies":"Spire Growth","floor":46,"turns":5},{"damage":59,"enemies":"Awakened One","floor":50,"turns":14}],"seed_played":"-6626992416890654445","potions_obtained":[{"floor":5.0,"key":"Energy Potion"},{"floor":7.0,"key":"StancePotion"},{"floor":14.0,"key":"Explosive Potion"},{"floor":18.0,"key":"Regen Potion"},{"floor":19.0,"key":"EssenceOfSteel"},{"floor":24.0,"key":"Explosive Potion"},{"floor":28.0,"key":"SteroidPotion"},{"floor":30.0,"key":"Dexterity Potion"},{"floor":31.0,"key":"AttackPotion"},{"floor":33.0,"key":"SteroidPotion"},{"floor":35.0,"key":"Weak Potion"},{"floor":37.0,"key":"Strength Potion"},{"floor":39.0,"key":"DuplicationPotion"},{"floor":41.0,"key":"FairyPotion"},{"floor":44,"key":"SpeedPotion"},{"floor":45,"key":"BottledMiracle"},{"floor":46,"key":"EssenceOfSteel"}],"is_trial":false,"path_per_floor":["M","?","?","M","M","R","M","R","T","$","R","M","R","M","R","B",null,"M","M","?","?","?","R","M","?","T","R","E","$","M","M","R","B",null,"M","?","M","$","?","R","E","R","T","M","M","M","$","?","R","B",null],"character_chosen":"WATCHER","items_purchased":["Anchor","Fasting2","Regal Pillow"],"campfire_rested":4,"item_purchase_floors":[10,38,47],"current_hp_per_floor":[60,60,49,40,40,40,38,38,38,38,58,58,58,58,58,36,60,45,50,38,38,38,38,37,37,37,58,55,55,56,52,52,7,57,42,42,41,41,41,41,16,36,36,24,7,2,2,2,37,6],"gold":18,"neow_bonus":"REMOVE_CARD","is_daily":false,"chose_seed":false,"campfire_upgraded":7,"win_rate":0.0,"timestamp":1608509582,"path_taken":["M","?","?","M","M","R","M","R","T","$","R","M","R","M","R","BOSS","M","M","?","?","?","R","M","?","T","R","E","$","M","M","R","BOSS","M","?","M","$","?","R","E","R","T","?","M","M","?","?","R","BOSS"],"items_purchased_type":["Relic","Card","Relic"],"build_version":"2020-12-13","purchased_purges":2,"victory":true,"max_hp_per_floor":[68,68,68,68,68,68,68,68,68,68,68,68,68,68,68,68,68,68,68,73,73,73,73,73,73,73,73,73,73,73,73,73,73,73,73,69,69,69,69,69,69,69,69,69,69,69,69,69,69,69],"card_choices":[{"not_picked":["CrushJoints","Adaptation","WheelKick"],"picked":"SKIP","floor":1.0},{"not_picked":["EmptyBody","MentalFortress","WheelKick"],"picked":"SKIP","floor":4.0},{"not_picked":["LikeWater","ThirdEye"],"picked":"Perseverance","floor":5.0},{"not_picked":["SashWhip","Collect"],"picked":"EmptyFist","floor":7.0},{"not_picked":["CutThroughFate","Pray"],"picked":"DeusExMachina","floor":12.0},{"not_picked":["ClearTheMind","CutThroughFate"],"picked":"Pray","floor":14.0},{"not_picked":["Ragnarok","Devotion"],"picked":"Brilliance","floor":16.0},{"not_picked":["JustLucky","Adaptation","Vengeance"],"picked":"SKIP","floor":18.0},{"not_picked":["EmptyFist","Evaluate"],"picked":"DeceiveReality","floor":19.0},{"not_picked":["Evaluate","PathToVictory"],"picked":"WaveOfTheHand","floor":24.0},{"not_picked":["JustLucky","Alpha"],"picked":"Brilliance","floor":28.0},{"not_picked":["FollowUp","Halt","MentalFortress"],"picked":"SKIP","floor":30.0},{"not_picked":["WheelKick+1","FlyingSleeves","Evaluate"],"picked":"SKIP","floor":31.0},{"not_picked":["Scrawl","Ragnarok"],"picked":"DevaForm","floor":33.0},{"not_picked":[],"picked":"Prostrate","floor":35.0},{"not_picked":["JustLucky+1"],"picked":"SKIP","floor":37.0},{"not_picked":["LikeWater+1"],"picked":"SKIP","floor":41.0},{"not_picked":["ClearTheMind+1"],"picked":"SKIP","floor":44},{"not_picked":["Halt"],"picked":"SKIP","floor":45},{"not_picked":["EmptyFist+1"],"picked":"SKIP","floor":46}],"player_experience":846719,"relics_obtained":[{"floor":9.0,"key":"PreservedInsect"},{"floor":17.0,"key":"Vajra"},{"floor":17.0,"key":"White Beast Statue"},{"floor":17.0,"key":"Lizard Tail"},{"floor":26.0,"key":"Orichalcum"},{"floor":28.0,"key":"Blood Vial"},{"floor":41.0,"key":"Ancient Tea Set"},{"floor":43.0,"key":"Art of War"}],"event_choices":[{"cards_removed":["Strike_P"],"damage_healed":0.0,"max_hp_gain":0.0,"max_hp_loss":0.0,"gold_gain":0.0,"event_name":"Living Wall","player_choice":"Forget","floor":2.0,"gold_loss":0.0,"damage_taken":0.0},{"damage_healed":0.0,"max_hp_gain":0.0,"max_hp_loss":0.0,"gold_gain":75.0,"event_name":"World of Goop","player_choice":"Gather Gold","floor":3.0,"gold_loss":0.0,"damage_taken":11.0},{"damage_healed":0.0,"max_hp_gain":5.0,"max_hp_loss":0.0,"gold_gain":0.0,"event_name":"Forgotten Altar","player_choice":"Shed Blood","floor":20.0,"gold_loss":0.0,"damage_taken":17.0},{"damage_healed":0.0,"max_hp_gain":0.0,"max_hp_loss":0.0,"gold_gain":0.0,"event_name":"Ghosts","player_choice":"Ignored","floor":21.0,"gold_loss":0.0,"damage_taken":0.0},{"damage_healed":0.0,"max_hp_gain":0.0,"max_hp_loss":0.0,"gold_gain":0.0,"event_name":"Vampires","player_choice":"Ignored","floor":22.0,"gold_loss":0.0,"damage_taken":0.0},{"cards_removed":["Defend_P"],"damage_healed":0.0,"max_hp_gain":0.0,"max_hp_loss":0.0,"gold_gain":0.0,"event_name":"Beggar","player_choice":"Gave Gold","floor":25.0,"gold_loss":75.0,"damage_taken":0.0},{"damage_healed":0.0,"max_hp_gain":0.0,"max_hp_loss":4.0,"gold_gain":0.0,"event_name":"Winding Halls","player_choice":"Max HP","floor":36.0,"gold_loss":0.0,"damage_taken":0.0},{"damage_healed":0.0,"max_hp_gain":0.0,"max_hp_loss":0.0,"gold_gain":0.0,"event_name":"The Woman in Blue","player_choice":"Bought 2 Potions","floor":39.0,"gold_loss":0.0,"damage_taken":0.0},{"cards_removed":["Defend_P"],"damage_healed":0,"gold_gain":0,"player_choice":"Removed Skill","damage_taken":0,"max_hp_gain":0,"max_hp_loss":0,"event_name":"Falling","floor":48,"gold_loss":0}],"is_beta":false,"boss_relics":[{"not_picked":["Pandora\u0027s Box","SacredBark"],"picked":"Calling Bell"},{"not_picked":["Astrolabe","Velvet Choker"],"picked":"Busted Crown"}],"items_purged_floors":[10,29],"is_endless":false,"potions_floor_spawned":[5,7,12,14,18,19,24,28,30,31,33,35,37,41,44,45,46],"ascension_level":14}}