{"host":"fuszjwm6fqgjjp4d","time":1608533692,"event":{"mods":["BaseMod","Bestiary","Colored Map","DeckTracker","Minty Spire (QoL Compilation)","Permanent Neow","Relic Sorter","Relic Stats","StSLib"],"gold_per_floor":[119,135,145,145,156,184,184,212,212,212,212],"floor_reached":10,"playtime":237,"items_purged":[],"score":152,"play_id":"067f7081-2e5a-4952-97b8-24ce374f4861","local_time":"20201221005452","is_ascension_mode":true,"campfire_choices":[{"data":"Inflame","floor":7,"key":"SMITH"}],"circlet_count":0,"master_deck":["AscendersBane","Strike_R","Strike_R+1","Strike_R","Strike_R+1","Defend_R","Defend_R","Defend_R","Defend_R","Bash+1","Inflame+1","Whirlwind","Inflame","Thunderclap","Inflame","Rage"],"relics":["Burning Blood","Whetstone","Happy Flower","Art of War"],"acts_visited":["Exordium"],"potions_floor_usage":[6,6,10],"damage_taken":[{"damage":10,"enemies":"Small Slimes","floor":1,"turns":3},{"damage":1,"enemies":"Cultist","floor":2,"turns":3},{"damage":0,"enemies":"2 Louse","floor":3,"turns":3},{"damage":31,"enemies":"Large Slime","floor":5,"turns":6},{"damage":20,"enemies":"Lagavulin","floor":6,"turns":6},{"damage":32,"enemies":"Gremlin Nob","floor":8,"turns":4},{"damage":12,"enemies":"3 Sentries","floor":10,"turns":2}],"seed_played":"8189073087419481972","potions_obtained":[{"floor":1,"key":"ElixirPotion"},{"floor":5,"key":"SkillPotion"},{"floor":8,"key":"BlessingOfTheForge"}],"is_trial":false,"path_per_floor":["M","M","M","?","M","E","R","E","T","E"],"character_chosen":"IRONCLAD","items_purchased":[],"campfire_rested":0,"item_purchase_floors":[],"current_hp_per_floor":[64,69,75,75,50,36,36,10,10,0,0],"gold":212,"neow_bonus":"UPGRADE_CARD","is_daily":false,"chose_seed":false,"campfire_upgraded":1,"win_rate":0.0,"timestamp":1608533692,"path_taken":["M","M","M","?","M","E","R","E","T","E"],"items_purchased_type":[],"build_version":"2020-12-13","purchased_purges":0,"victory":false,"max_hp_per_floor":[75,75,75,75,75,75,75,75,75,75,75],"relic_stats":{"Happy Flower":[0],"counters":[7,27],"Art of War":[0],"Whetstone":["Strike_R","Strike_R"],"obtain_stats":[{"Happy Flower":8,"Art of War":9,"Whetstone":6,"Burning Blood":0},{"Happy Flower":6,"Art of War":6,"Whetstone":5,"Burning Blood":0},{"Happy Flower":25,"Art of War":25,"Whetstone":21,"Burning Blood":0}],"Burning Blood":36},"card_choices":[{"not_picked":["Battle Trance","Body Slam"],"picked":"Inflame","floor":1},{"not_picked":["Twin Strike","Cleave"],"picked":"Whirlwind","floor":2},{"not_picked":["Heavy Blade","Metallicize"],"picked":"Inflame","floor":3},{"not_picked":["Armaments","Wild Strike"],"picked":"Thunderclap","floor":5},{"not_picked":["Infernal Blade","Sword Boomerang"],"picked":"Inflame","floor":6},{"not_picked":["Blood for Blood","Infernal Blade"],"picked":"Rage","floor":8}],"player_experience":1191621,"relics_obtained":[{"floor":6,"key":"Whetstone"},{"floor":8,"key":"Happy Flower"},{"floor":9,"key":"Art of War"}],"event_choices":[{"cards_removed":["Strike_R"],"damage_healed":0,"gold_gain":0,"player_choice":"Purged","damage_taken":0,"max_hp_gain":0,"max_hp_loss":0,"event_name":"Purifier","floor":4,"gold_loss":0}],"is_beta":false,"boss_relics":[],"items_purged_floors":[],"is_endless":false,"potions_floor_spawned":[1,5,8],"killed_by":"3 Sentries","ascension_level":19}}