{"host":"ErinAnne","time":1608514245,"event":{"mods":["AchievementEnabler","BaseMod","Colored Map","Colored Powertips","Downfall","Highlight Path","Minty Spire (QoL Compilation)","Relic Stats","Replay The Spire","Slay the Relics Exporter","StSLib","everything is the same but u backflip on backflip"],"gold_per_floor":[99,99,164,94,121,132,178,178,190,219,219,232,243,261,272,375,375,300,495,513,546,563,597,622,638,563,563,576,56,114,173,230,372,372,297,347,347,50,50,107,131,206,206,288,340,399,153,243,297,337,337,405,4,4,36],"floor_reached":56,"playtime":8543,"items_purged":["ReplayTheSpireMod:Doomed"],"score":1536,"play_id":"cf31c9d4-5722-410a-8bee-f01457ac0a44","local_time":"20201220193045","is_ascension_mode":false,"campfire_choices":[{"data":"hexamod:Float","floor":1.0,"key":"SMITH"},{"floor":18.0,"key":"DIG"},{"floor":26,"key":"RECALL"},{"data":"hexamod:TimeWarp","floor":35,"key":"SMITH"},{"data":"hexamod:CatchUp","floor":37,"key":"SMITH"},{"data":"hexamod:ParanormalForm","floor":39,"key":"SMITH"},{"data":"hexamod:EtherealExpedition","floor":43,"key":"SMITH"},{"data":"Replay:Bootleg Shield Generator","floor":54,"key":"SMITH"}],"circlet_count":0,"master_deck":["hexamod:Strike","hexamod:Strike","hexamod:Strike","hexamod:Defend+1","hexamod:Defend","hexamod:Defend","hexamod:Sear","hexamod:Float+1","hexamod:GhostShield","hexamod:SpectersWail+1","hexamod:EmpoweredFlame","hexamod:GhostOfSpirePresent+1","hexamod:AdvancingGuard+1","hexamod:ParanormalForm+1","hexamod:VolcanoVisage+1","hexamod:FastForward","hexamod:Rewind","hexamod:GhostOfSpirePast","hexamod:Rewind+1","hexamod:NightmareStrike","hexamod:TimeWarp+1","hexamod:Again","hexamod:CatchUp+1","hexamod:TimeOfNeed","hexamod:SpectersWail+1","hexamod:GhostOfSpirePast+1","hexamod:Again","Looming Evil","hexamod:GhostOfSpireFuture","hexamod:PhantomCloak+1","hexamod:RadiantFlame","hexamod:BacktrackSmack","hexamod:HeatShield","Dramatic Entrance","hexamod:EtherealExpedition+1","hexamod:GhostShield+1","hexamod:Haunt+1","hexamod:EmpoweringStance","hexamod:SoulSteal","hexamod:Rewind+1","hexamod:TimeWarp","hexamod:TimeWarp+1","hexamod:RainOfEmbers","Replay:Bootleg Shield Generator+1"],"relics":["hexamod:SpiritBrand","downfall:HeartsMalice","Mummified Hand","Replay:Mystery Machine","Garlic","Cursed Key","downfall:HeartBlessingBlue","Vajra","Toy Ornithopter","Bottled Flame","Pen Nib","downfall:HeartBlessingGreen","downfall:KnowingSkull","Lee\u0027s Waffle","Durian","Coffee Dripper","downfall:HeartBlessingRed","InkBottle","Dream Catcher","Potion Belt","hexamod:TheBrokenSeal","Ornamental Fan","DollysMirror","Mercury Hourglass","Oddly Smooth Stone","Mango","Strawberry","HandDrill","Replay:Bandana"],"acts_visited":["Exordium","TheCity","TheBeyond","TheEnding"],"potions_floor_usage":[23,28,42,42,46],"damage_taken":[{"damage":0.0,"enemies":"Jaw Worm","floor":2.0,"turns":1.0},{"damage":0.0,"enemies":"3 Sentries","floor":3.0,"turns":1.0},{"damage":0.0,"enemies":"downfall:FleeingMerchant","floor":4.0,"turns":1.0},{"damage":7.0,"enemies":"Lagavulin","floor":5.0,"turns":6.0},{"damage":0.0,"enemies":"Small Slimes","floor":6.0,"turns":3.0},{"damage":9.0,"enemies":"Cultist","floor":9.0,"turns":4.0},{"damage":11.0,"enemies":"3 Sentries","floor":10.0,"turns":6.0},{"damage":4.0,"enemies":"Large Slime","floor":12.0,"turns":6.0},{"damage":0.0,"enemies":"Gremlin Gang","floor":13.0,"turns":3.0},{"damage":3.0,"enemies":"Blue Slaver","floor":14.0,"turns":2.0},{"damage":0.0,"enemies":"Large Slime","floor":15.0,"turns":3.0},{"damage":8.0,"enemies":"downfall:Silent","floor":16.0,"turns":7.0},{"damage":6.0,"enemies":"Shell Parasite","floor":20.0,"turns":4.0},{"damage":7.0,"enemies":"Book of Stabbing","floor":21.0,"turns":4.0},{"damage":14.0,"enemies":"Spheric Guardian","floor":22.0,"turns":5.0},{"damage":5,"enemies":"Gremlin Leader","floor":23,"turns":6},{"damage":0,"enemies":"Cultist and Chosen","floor":25,"turns":5},{"damage":9,"enemies":"Chosen and Byrds","floor":28,"turns":5},{"damage":3,"enemies":"downfall:FleeingMerchant","floor":29,"turns":4},{"damage":3,"enemies":"Snecko","floor":30,"turns":3},{"damage":9,"enemies":"Centurion and Healer","floor":31,"turns":4},{"damage":3,"enemies":"Snake Plant","floor":32,"turns":3},{"damage":14,"enemies":"downfall:Defect","floor":33,"turns":6},{"damage":9,"enemies":"Orb Walker","floor":36,"turns":2},{"damage":3,"enemies":"downfall:FleeingMerchant","floor":38,"turns":4},{"damage":3,"enemies":"3 Darklings","floor":40,"turns":2},{"damage":3,"enemies":"Nemesis","floor":42,"turns":3},{"damage":3,"enemies":"Reptomancer","floor":44,"turns":5},{"damage":12,"enemies":"Jaw Worm Horde","floor":45,"turns":3},{"damage":3,"enemies":"Writhing Mass","floor":46,"turns":4},{"damage":3,"enemies":"downfall:FleeingMerchant","floor":47,"turns":2},{"damage":2,"enemies":"Mind Bloom Boss Battle","floor":48,"turns":3},{"damage":3,"enemies":"3 Darklings","floor":49,"turns":1},{"damage":1,"enemies":"downfall:Ironclad","floor":50,"turns":4},{"damage":5,"enemies":"downfall:CharBossMerchant","floor":52,"turns":6},{"damage":1,"enemies":"downfall:NeowBoss","floor":55,"turns":17}],"seed_played":"-7432714762462131613","potions_obtained":[{"floor":6.0,"key":"Fire Potion"},{"floor":9.0,"key":"Fire Potion"},{"floor":10.0,"key":"Block Potion"},{"floor":16.0,"key":"Ancient Potion"},{"floor":25,"key":"AttackPotion"},{"floor":28,"key":"Strength Potion"},{"floor":32,"key":"Doom Potion"},{"floor":42,"key":"Dexterity Potion"},{"floor":44,"key":"Elixir"},{"floor":45,"key":"Block Potion"},{"floor":46,"key":"Elixir"},{"floor":48,"key":"SpeedPotion"}],"is_trial":false,"path_per_floor":["R","M","?","$","E","M","T","?","M","E","?","M","M","M","M","B",null,"R_BF","?","M","E","M","E","T","M","R","?","M","$","M","M","M","B",null,"R","M","R","$","R","M","T","E","R","E","M","M","$","?","M","B",null,"E","$","R","B",null],"character_chosen":"THE_SPIRIT","items_purchased":["hexamod:GhostOfSpirePresent","Lee\u0027s Waffle","Durian","Dramatic Entrance","hexamod:FourthSeal","InkBottle","DollysMirror","Mercury Hourglass","Oddly Smooth Stone","HandDrill","Replay:Bandana","Replay:Bootleg Shield Generator"],"campfire_rested":0,"item_purchase_floors":[4,29,29,29,38,38,47,47,47,53,53,53],"current_hp_per_floor":[70,70,70,70,63,63,63,63,54,43,43,39,39,36,36,28,70,80,48,42,35,21,21,21,21,21,14,10,92,89,80,77,63,92,92,83,83,80,80,77,77,84,84,102,90,92,89,101,98,97,116,118,118,118,117],"gold":36,"neow_bonus":"THREE_ENEMY_KILL","is_daily":false,"chose_seed":false,"campfire_upgraded":6,"win_rate":0.0,"timestamp":1608514245,"path_taken":["R","M","?","?","E","M","T","?","M","E","?","M","M","?","M","BOSS","R_BF","?","?","E","M","E","T","M","R","?","M","$","M","M","M","BOSS","R","?","R","$","R","?","T","E","R","E","M","M","$","?","M","BOSS","E","$","R","BOSS"],"items_purchased_type":["Card","Relic","Relic","Card","Card","Relic","Relic","Relic","Relic","Relic","Relic","Card"],"build_version":"2020-12-18","purchased_purges":1,"victory":true,"max_hp_per_floor":[70,70,70,70,70,70,70,70,70,70,70,70,70,70,70,70,70,80,80,80,80,80,80,80,80,80,80,80,92,92,92,92,92,92,92,92,92,92,92,92,92,92,92,102,102,102,102,116,116,116,116,123,123,123,123],"relic_stats":{"Lee\u0027s Waffle":80,"Dream Catcher":0,"counters":[36,145],"Mummified Hand":[210],"Ornamental Fan":[156],"Pen Nib":[30],"HandDrill":[6],"Cursed Key":2,"obtain_stats":[{"Vajra":18,"downfall:HeartBlessingGreen":26,"Mango":48,"Replay:Mystery Machine":5,"Cursed Key":17,"Dream Catcher":41,"Replay:Bandana":53,"Mummified Hand":3,"downfall:HeartBlessingBlue":18,"DollysMirror":47,"Strawberry":52,"downfall:KnowingSkull":27,"HandDrill":53,"hexamod:SpiritBrand":0,"InkBottle":38,"Potion Belt":42,"Lee\u0027s Waffle":29,"downfall:HeartBlessingRed":35,"hexamod:TheBrokenSeal":44,"Oddly Smooth Stone":47,"downfall:HeartsMalice":0,"Pen Nib":24,"Mercury Hourglass":47,"Bottled Flame":23,"Ornamental Fan":44,"Garlic":10,"Durian":29,"Coffee Dripper":34,"Toy Ornithopter":21},{"Vajra":12,"downfall:HeartBlessingGreen":17,"Mango":32,"Replay:Mystery Machine":4,"Cursed Key":12,"Dream Catcher":26,"Replay:Bandana":35,"Mummified Hand":2,"downfall:HeartBlessingBlue":12,"DollysMirror":31,"Strawberry":35,"downfall:KnowingSkull":17,"HandDrill":35,"hexamod:SpiritBrand":0,"InkBottle":25,"Potion Belt":27,"Lee\u0027s Waffle":19,"downfall:HeartBlessingRed":23,"hexamod:TheBrokenSeal":28,"Oddly Smooth Stone":31,"downfall:HeartsMalice":0,"Pen Nib":16,"Mercury Hourglass":31,"Bottled Flame":16,"Ornamental Fan":28,"Garlic":7,"Durian":19,"Coffee Dripper":23,"Toy Ornithopter":14},{"Vajra":40,"downfall:HeartBlessingGreen":64,"Mango":117,"Replay:Mystery Machine":6,"Cursed Key":40,"Dream Catcher":97,"Replay:Bandana":128,"Mummified Hand":0,"downfall:HeartBlessingBlue":40,"DollysMirror":114,"Strawberry":128,"downfall:KnowingSkull":64,"HandDrill":128,"hexamod:SpiritBrand":0,"InkBottle":95,"Potion Belt":100,"Lee\u0027s Waffle":73,"downfall:HeartBlessingRed":89,"hexamod:TheBrokenSeal":105,"Oddly Smooth Stone":114,"downfall:HeartsMalice":0,"Pen Nib":59,"Mercury Hourglass":114,"Bottled Flame":59,"Ornamental Fan":105,"Garlic":19,"Durian":73,"Coffee Dripper":89,"Toy Ornithopter":48}],"Toy Ornithopter":25,"InkBottle":[43],"Mercury Hourglass":[64]},"card_choices":[{"not_picked":["hexamod:SpectersWail","hexamod:StepThrough"],"picked":"hexamod:GhostShield","floor":2.0},{"not_picked":["hexamod:Firestarter","hexamod:AdvancingGuard"],"picked":"hexamod:SpectersWail","floor":3.0},{"not_picked":["hexamod:NightmareStrike","hexamod:HauntingEcho"],"picked":"hexamod:EmpoweredFlame","floor":4.0},{"not_picked":["hexamod:InspiringFlames","hexamod:ThermalTransfer"],"picked":"hexamod:AdvancingGuard","floor":5.0},{"not_picked":["hexamod:HauntingEcho","hexamod:SecondSeal"],"picked":"hexamod:ParanormalForm","floor":6.0},{"not_picked":["hexamod:DynamicBlow","hexamod:SpectralAdrenaline"],"picked":"hexamod:FastForward","floor":9.0},{"not_picked":["hexamod:SwordOfDarkness","hexamod:ShieldOfDarkness"],"picked":"hexamod:Rewind","floor":10.0},{"not_picked":["hexamod:PhantomCloak","hexamod:ThermalTransfer"],"picked":"hexamod:GhostOfSpirePast","floor":12.0},{"not_picked":["hexamod:AdvancingGuard","hexamod:RecurringNightmare"],"picked":"hexamod:Rewind","floor":13.0},{"not_picked":["hexamod:SpectralAdrenaline","hexamod:HeatMetal","hexamod:BurningTouch"],"picked":"SKIP","floor":14.0},{"not_picked":["hexamod:BurningTouch","hexamod:RainOfEmbers"],"picked":"hexamod:NightmareStrike","floor":15.0},{"not_picked":["hexamod:UnleashSpirits","hexamod:VolcanoVisage"],"picked":"hexamod:TimeWarp","floor":16.0},{"not_picked":["hexamod:ShieldOfDarkness","hexamod:FastForward"],"picked":"hexamod:ThirdSeal","floor":19.0},{"not_picked":["hexamod:GhostShield","hexamod:ShieldOfDarkness+1"],"picked":"hexamod:Again","floor":20.0},{"not_picked":["hexamod:Firestarter","hexamod:ShieldOfDarkness","hexamod:GhostOfSpirePresent"],"picked":"SKIP","floor":20.0},{"not_picked":["hexamod:InspiringFlames","hexamod:BurningTouch+1"],"picked":"hexamod:CatchUp","floor":21.0},{"not_picked":["hexamod:FirstSeal","hexamod:SpectersWail"],"picked":"hexamod:TimeOfNeed","floor":21.0},{"not_picked":["hexamod:ThermalTransfer","hexamod:ShieldOfDarkness"],"picked":"hexamod:SpectersWail","floor":22.0},{"not_picked":["hexamod:SwordOfDarkness","hexamod:Hexaguard"],"picked":"hexamod:GhostOfSpirePast+1","floor":22.0},{"not_picked":["hexamod:SpectersWail+1","hexamod:GhostShield"],"picked":"hexamod:SixthSeal","floor":23},{"not_picked":["hexamod:AdvancingGuard","hexamod:PhantomFireball"],"picked":"hexamod:Again","floor":23},{"not_picked":["hexamod:GhostLash","hexamod:BurningTouch"],"picked":"hexamod:GhostOfSpireFuture","floor":25},{"not_picked":["hexamod:GhostOfSpireFuture+1","hexamod:SkipABeat"],"picked":"hexamod:PhantomCloak","floor":25},{"not_picked":["hexamod:GhostOfSpirePast","hexamod:PhantomCloak+1"],"picked":"hexamod:RadiantFlame","floor":28},{"not_picked":["hexamod:SpectralAdrenaline","hexamod:FastForward"],"picked":"hexamod:BacktrackSmack","floor":28},{"not_picked":["hexamod:VolcanoVisage","hexamod:SwordOfDarkness"],"picked":"hexamod:HeatShield","floor":29},{"not_picked":["hexamod:ExtraCrispy+1","hexamod:BacktrackSmack+1"],"picked":"hexamod:EtherealExpedition","floor":30},{"not_picked":["hexamod:RadiantFlame","hexamod:SpectersWail+1"],"picked":"hexamod:GhostShield+1","floor":31},{"not_picked":["hexamod:BurningTouch","hexamod:RetreatToShadows"],"picked":"hexamod:Haunt+1","floor":32},{"not_picked":["hexamod:WildfireWeapon","hexamod:TimeOfNeed"],"picked":"hexamod:FifthSeal","floor":33},{"not_picked":["hexamod:VolcanoVisage","hexamod:ParanormalForm"],"picked":"hexamod:EmpoweringStance","floor":33},{"not_picked":["hexamod:GhostOfSpireFuture","hexamod:ExtraCrispy+1","hexamod:BurningTouch+1"],"picked":"SKIP","floor":36},{"not_picked":["hexamod:SixthSeal","hexamod:SecondSeal"],"picked":"hexamod:FirstSeal","floor":38},{"not_picked":["hexamod:DynamicBlow+1","hexamod:InspiringFlames+1"],"picked":"hexamod:SecondSeal","floor":38},{"not_picked":["hexamod:EmpoweringStance","hexamod:SpectersWail+1"],"picked":"hexamod:SoulSteal","floor":38},{"not_picked":["hexamod:InspiringFlames","hexamod:HeatShield"],"picked":"hexamod:Rewind+1","floor":40},{"not_picked":["hexamod:EmpoweredFlame+1","hexamod:Incineration+1","hexamod:AdvancingGuard+1"],"picked":"SKIP","floor":40},{"not_picked":["hexamod:ThermalTransfer","hexamod:GhostShield","hexamod:FourthSeal"],"picked":"SKIP","floor":42},{"not_picked":["hexamod:NightmareGuise+1","hexamod:Incineration+1","hexamod:GhostLash"],"picked":"SKIP","floor":44},{"not_picked":["hexamod:Haunt+1","hexamod:Incineration","hexamod:ThirdSeal"],"picked":"SKIP","floor":45},{"not_picked":["hexamod:GhostOfSpireFuture","hexamod:HauntingEcho+1","hexamod:SoulSteal"],"picked":"SKIP","floor":46},{"not_picked":["hexamod:EmpoweredFlame","hexamod:GhostShield+1"],"picked":"hexamod:TimeWarp","floor":47},{"not_picked":["hexamod:FourthSeal","hexamod:NightmareStrike+1"],"picked":"hexamod:RainOfEmbers","floor":48},{"not_picked":["hexamod:SwordOfDarkness+1","hexamod:BurningTouch+1","hexamod:SecondSeal"],"picked":"SKIP","floor":49},{"not_picked":["hexamod:AdvancingGuard+1","hexamod:ChargedBarrage","hexamod:SoulSteal"],"picked":"SKIP","floor":52}],"player_experience":64044,"relics_obtained":[{"floor":3.0,"key":"Mummified Hand"},{"floor":5.0,"key":"Replay:Mystery Machine"},{"floor":10.0,"key":"Garlic"},{"floor":18.0,"key":"Vajra"},{"floor":21.0,"key":"Toy Ornithopter"},{"floor":23,"key":"Bottled Flame"},{"floor":24,"key":"Pen Nib"},{"floor":41,"key":"Dream Catcher"},{"floor":42,"key":"Potion Belt"},{"floor":44,"key":"Ornamental Fan"},{"floor":48,"key":"Mango"},{"floor":52,"key":"Strawberry"}],"event_choices":[{"cards_removed":["hexamod:Defend"],"damage_healed":0.0,"max_hp_gain":0.0,"max_hp_loss":0.0,"gold_gain":0.0,"event_name":"Purifier","player_choice":"Purged","floor":11.0,"gold_loss":0.0,"damage_taken":0.0}],"is_beta":true,"boss_relics":[{"not_picked":["SlaversCollar","ReplayTheSpireMod:DimensionalGlitch"],"picked":"Cursed Key"},{"not_picked":["Runic Pyramid","Replay:Wanted Poster"],"picked":"Coffee Dripper"}],"items_purged_floors":[47],"is_endless":false,"potions_floor_spawned":[6,9,10,13,15,16,21,25,28,30,31,32,44,45,46,48],"ascension_level":0}}