{"host":"s1b9wbrnwri7g9vh","time":1608520436,"event":{"mods":["Act Like it!","BaseMod","Better Note","Hallownest","Hermit","Minty Spire (QoL Compilation)","Pale of the Ancients","Relic Stats","Replay The Spire","StSLib","The Druid","The Exalted","The Servant 0.9.4"],"gold_per_floor":[112,112,129,149,149,149,165,196,241,191,207,207,224,259,259,259,259],"floor_reached":16,"playtime":827,"items_purged":[],"score":162,"play_id":"bf8b8033-aeec-4df6-b4bf-de1f1b5ebdaa","local_time":"20201221031356","is_ascension_mode":true,"campfire_choices":[{"data":"Tools of the Trade","floor":6,"key":"SMITH"},{"data":"Footwork","floor":15,"key":"SMITH"}],"circlet_count":0,"master_deck":["Strike_G","Strike_G","Strike_G","Strike_G","Defend_G","Defend_G","Defend_G","Defend_G","Defend_G","Survivor","Neutralize","Tools of the Trade+1","Dagger Spray+1","Dash","Toxin Wave","ReplayTheSpireMod:The Works","Deflect","Deflect","Footwork+1"],"relics":["Ring of the Snake","ReplayTheSpireMod:Shallot","Gremlin Food","Snake Skull"],"acts_visited":["Exordium"],"potions_floor_usage":[14,16,16,16],"damage_taken":[{"damage":0,"enemies":"Small Slimes","floor":1,"turns":3},{"damage":0,"enemies":"Cultist","floor":3,"turns":3},{"damage":0,"enemies":"2 Louse","floor":4,"turns":3},{"damage":0,"enemies":"Red Slaver","floor":7,"turns":3},{"damage":43,"enemies":"3 Sentries","floor":8,"turns":6},{"damage":1,"enemies":"Blue Slaver","floor":11,"turns":5},{"damage":0,"enemies":"Gremlin Gang","floor":13,"turns":5},{"damage":5,"enemies":"Gremlin Nob","floor":14,"turns":3},{"damage":21,"enemies":"The Guardian","floor":16,"turns":16}],"seed_played":"-7133960893677974513","potions_obtained":[{"floor":3,"key":"DuplicationPotion"},{"floor":7,"key":"PowerPotion"},{"floor":12,"key":"Milkshake"},{"floor":12,"key":"CultistPotion"},{"floor":12,"key":"AttackPotion"},{"floor":14,"key":"Elixir"}],"is_trial":false,"path_per_floor":["M","?","M","M","?","R","M","E","T","?","M","?","M","E","R","B"],"character_chosen":"THE_SILENT","items_purchased":[],"campfire_rested":0,"item_purchase_floors":[],"current_hp_per_floor":[63,63,63,63,68,68,68,25,25,25,24,24,24,19,19,0,0],"gold":259,"neow_bonus":"ONE_RANDOM_RARE_CARD","is_daily":false,"chose_seed":false,"campfire_upgraded":2,"win_rate":0.0,"timestamp":1608520436,"path_taken":["M","?","?","M","?","R","M","E","T","?","M","?","M","E","R","BOSS"],"items_purchased_type":[],"build_version":"2020-12-13","purchased_purges":0,"victory":false,"max_hp_per_floor":[70,70,70,70,75,75,75,75,75,75,75,75,75,75,75,75,75],"relic_stats":{"counters":[9,47],"Snake Skull":[0],"obtain_stats":[{"Gremlin Food":9,"ReplayTheSpireMod:Shallot":8,"Snake Skull":14,"Ring of the Snake":0},{"Gremlin Food":5,"ReplayTheSpireMod:Shallot":5,"Snake Skull":8,"Ring of the Snake":0},{"Gremlin Food":18,"ReplayTheSpireMod:Shallot":18,"Snake Skull":31,"Ring of the Snake":0}],"Ring of the Snake":[18]},"card_choices":[{"not_picked":["PiercingWail","Dagger Throw"],"picked":"Dagger Spray","floor":1},{"not_picked":["Outmaneuver","Sucker Punch"],"picked":"Dash","floor":3},{"not_picked":["Underhanded Strike","Predator"],"picked":"Toxin Wave","floor":4},{"not_picked":["ReplayTheSpireMod:From All Sides","Underhanded Strike"],"picked":"ReplayTheSpireMod:The Works","floor":7},{"not_picked":["Sucker Punch","Hidden Blade","Terror"],"picked":"SKIP","floor":8},{"not_picked":["PiercingWail","Outmaneuver"],"picked":"Deflect","floor":11},{"not_picked":["Grand Finale","Prepared"],"picked":"Deflect","floor":13},{"not_picked":["Slice","Sucker Punch"],"picked":"Footwork","floor":14}],"player_experience":584663,"relics_obtained":[{"floor":8,"key":"ReplayTheSpireMod:Shallot"},{"floor":9,"key":"Gremlin Food"},{"floor":14,"key":"Snake Skull"}],"event_choices":[{"damage_healed":0,"gold_gain":0,"player_choice":"Upgraded","damage_taken":0,"max_hp_gain":0,"max_hp_loss":0,"event_name":"Upgrade Shrine","floor":2,"gold_loss":0,"cards_upgraded":["Dagger Spray"]},{"damage_healed":0,"gold_gain":0,"player_choice":"Donut","damage_taken":0,"max_hp_gain":5,"max_hp_loss":0,"event_name":"Big Fish","floor":5,"gold_loss":0},{"cards_removed":["Strike_G"],"damage_healed":0,"gold_gain":0,"player_choice":"Card Removal","damage_taken":0,"max_hp_gain":0,"max_hp_loss":0,"event_name":"The Cleric","floor":10,"gold_loss":50},{"damage_healed":0,"gold_gain":0,"player_choice":"Got Potions","damage_taken":0,"max_hp_gain":0,"max_hp_loss":0,"event_name":"Lab","floor":12,"gold_loss":0}],"is_beta":false,"boss_relics":[],"items_purged_floors":[],"is_endless":false,"potions_floor_spawned":[3,7,13,14],"killed_by":"The Guardian","ascension_level":9}}