{"host":"0pljgn4gjyqmpm94","time":1608562947,"event":{"mods":["BaseMod","Downfall","Marisa£®ÏF”Í°°ƒß¿Ì…≥£©","Minty Spire (QoL Compilation)","StSLib","The Servant 0.9.4"],"gold_per_floor":[99,99,99,134,59,159,159,144,69,87,104,123,223,223,234,337,337,337,437,437,447,447,447,447,447,432,460,460,471,482,737,750,851,851,776,796,816,816,827,838,890,890,918,918,933,437,437,447,460,460,460,485,50,50,50,50,50],"floor_reached":55,"playtime":2988,"items_purged":["Slimebound:Tackle","Normality","Slimebound:LeechLife"],"score":915,"play_id":"2b40738c-adc1-4516-b44c-4466315912e7","local_time":"20201221230227","is_ascension_mode":false,"campfire_choices":[{"floor":1,"key":"RECALL"},{"data":"Slimebound:SplitMire","floor":5,"key":"SMITH"},{"data":"Slimebound:Split","floor":9,"key":"SMITH"},{"data":"Slimebound:OneTwoCombo","floor":18,"key":"SMITH"},{"data":"RitualDagger","floor":23,"key":"SMITH"},{"data":"Slimebound:Repurpose","floor":25,"key":"SMITH"},{"data":"Slimebound:OneTwoCombo","floor":35,"key":"SMITH"},{"data":"Slimebound:SamplingLick","floor":38,"key":"SMITH"},{"data":"Slimebound:CorrosiveSpit","floor":44,"key":"SMITH"},{"data":"Slimebound:SamplingLick","floor":54,"key":"SMITH"}],"circlet_count":0,"master_deck":["Slimebound:Defend_Slimebound","Slimebound:Split+1","Slimebound:CorrosiveSpit+1","Slimebound:SplitMire+1","Slimebound:SplitAcid","Slimebound:SplitMire+1","Slimebound:Schlurp","Slimebound:SamplingLick+1","Slimebound:SplitBruiser","Slimebound:Schlurp","Slimebound:SplitAcid","Slimebound:Repurpose+1","Slimebound:OneTwoCombo+1","Slimebound:Gluttony+1","Slimebound:SlimeBrawl+1","Slimebound:Dissolve+1","Slimebound:SplitBruiser","RitualDagger+1","Slimebound:SplitLeeching","Slimebound:SplitBruiser","Slimebound:SplitMire","Slimebound:SamplingLick+1","Slimebound:OneTwoCombo+1","Slimebound:SlimeTap+1","Slimebound:SplitBruiser+1","Slimebound:Schlurp+1","Slimebound:Dissolve","Slimebound:SplitMire+1"],"relics":["Slimebound:AbsorbEndCombat","downfall:HeartsMalice","Regal Pillow","downfall:HeartBlessingRed","White Beast Statue","downfall:HeartBlessingBlue","Astrolabe","Slimebound:AggressiveSlimeRelic","Calipers","Vajra","downfall:HeartBlessingGreen","PreservedInsect","Shuriken","Pen Nib","Darkstone Periapt","TungstenRod","Sundial","InkBottle"],"acts_visited":["Exordium","TheCity","TheBeyond","TheEnding"],"potions_floor_usage":[8,10,13,13,16,16,33,50,55,55],"damage_taken":[{"damage":0,"enemies":"Jaw Worm","floor":2,"turns":1},{"damage":0,"enemies":"Gremlin Nob","floor":4,"turns":1},{"damage":0,"enemies":"downfall:LadyInBlue","floor":6,"turns":1},{"damage":22,"enemies":"downfall:FleeingMerchant","floor":8,"turns":4},{"damage":19,"enemies":"Cultist","floor":10,"turns":2},{"damage":14,"enemies":"2 Louse","floor":11,"turns":2},{"damage":39,"enemies":"Large Slime","floor":12,"turns":3},{"damage":37,"enemies":"downfall:Heads","floor":13,"turns":5},{"damage":20,"enemies":"Blue Slaver","floor":15,"turns":2},{"damage":58,"enemies":"downfall:Ironclad","floor":16,"turns":5},{"damage":42,"enemies":"Shell Parasite","floor":21,"turns":3},{"damage":51,"enemies":"downfall:FleeingMerchant","floor":26,"turns":4},{"damage":82,"enemies":"Book of Stabbing","floor":27,"turns":4},{"damage":37,"enemies":"Snake Plant","floor":29,"turns":2},{"damage":24,"enemies":"Chosen and Byrds","floor":30,"turns":3},{"damage":46,"enemies":"downfall:FleeingMerchant","floor":31,"turns":3},{"damage":16,"enemies":"Snecko","floor":32,"turns":2},{"damage":40,"enemies":"downfall:Watcher","floor":33,"turns":4},{"damage":24,"enemies":"3 Darklings","floor":36,"turns":3},{"damage":12,"enemies":"Orb Walker","floor":37,"turns":2},{"damage":48,"enemies":"Transient","floor":39,"turns":5},{"damage":32,"enemies":"Spire Growth","floor":40,"turns":2},{"damage":44,"enemies":"Giant Head","floor":43,"turns":4},{"damage":35,"enemies":"4 Shapes","floor":45,"turns":2},{"damage":22,"enemies":"Jaw Worm Horde","floor":48,"turns":2},{"damage":27,"enemies":"Maw","floor":49,"turns":2},{"damage":27,"enemies":"downfall:Defect","floor":50,"turns":3},{"damage":53,"enemies":"downfall:CharBossMerchant","floor":52,"turns":4},{"damage":179,"enemies":"downfall:NeowBoss","floor":55,"turns":16}],"seed_played":"-679056645558092001","potions_obtained":[{"floor":6,"key":"EntropicBrew"},{"floor":6,"key":"Block Potion"},{"floor":6,"key":"Fruit Juice"},{"floor":8,"key":"Fire Potion"},{"floor":10,"key":"FairyPotion"},{"floor":15,"key":"EntropicBrew"},{"floor":16,"key":"Ancient Potion"},{"floor":36,"key":"SteroidPotion"}],"is_trial":false,"path_per_floor":["R","M","?","E","R","?","T","$","R","M","M","M","?","?","M","B",null,"R","?","?","M","?","R","T","R","$","E","?","M","M","$","M","B",null,"R","M","M","R","M","M","T","?","E","R","M","$","?","M","M","B",null,"E","$","R","B"],"character_chosen":"SLIMEBOUND","items_purchased":["Pen Nib","Darkstone Periapt","InkBottle","BlessingOfTheForge"],"campfire_rested":0,"item_purchase_floors":[46,46,53,53],"current_hp_per_floor":[60,60,65,65,65,65,65,66,76,77,69,54,45,45,43,29,80,80,80,80,78,72,72,72,72,73,33,33,20,32,18,26,54,80,80,78,80,80,78,78,78,78,80,80,69,69,69,71,78,76,80,56,56,56,0,0,0],"gold":50,"neow_bonus":"THREE_ENEMY_KILL","is_daily":false,"chose_seed":false,"campfire_upgraded":9,"win_rate":0.0,"timestamp":1608562947,"path_taken":["R","M","?","E","R","?","T","$","R","M","M","?","?","?","M","BOSS","R","?","?","M","?","R","T","R","$","E","?","?","M","$","M","BOSS","R","M","M","R","M","M","T","?","E","R","M","$","?","?","M","BOSS","E","$","R","BOSS"],"items_purchased_type":["Relic","Relic","Relic","Potion"],"build_version":"2020-12-13","purchased_purges":3,"victory":false,"max_hp_per_floor":[60,60,65,65,65,65,65,70,80,80,80,80,80,80,80,80,80,80,80,80,80,80,80,80,80,80,80,80,80,80,80,80,80,80,80,80,80,80,80,80,80,80,80,80,80,80,80,80,80,80,80,80,80,80,80,80,80],"card_choices":[{"not_picked":["Slimebound:SplitLeeching","Slimebound:GrowthPunch"],"picked":"Slimebound:SplitMire","floor":2},{"not_picked":["Slimebound:RollThrough","Slimebound:SplitLeeching"],"picked":"Slimebound:SplitAcid","floor":4},{"not_picked":["Slimebound:SplitLeeching","Slimebound:PressTheAttack"],"picked":"Slimebound:SplitMire","floor":6},{"not_picked":["Slimebound:SlimeSpikes","Slimebound:RollThrough"],"picked":"Slimebound:Schlurp","floor":8},{"not_picked":["Slimebound:SplitAcid","Slimebound:GoopSpray"],"picked":"Slimebound:SamplingLick","floor":10},{"not_picked":["Slimebound:Schlurp","Slimebound:GrowthPunch"],"picked":"Slimebound:SplitBruiser","floor":11},{"not_picked":["Slimebound:GrowthPunch","Slimebound:LeechingTouch"],"picked":"Slimebound:Schlurp","floor":12},{"not_picked":["Slimebound:SlimeSpikes","Slimebound:LeechEnergy"],"picked":"Slimebound:SplitAcid","floor":13},{"not_picked":["Slimebound:ViciousTackle","Slimebound:Prepare"],"picked":"Slimebound:Repurpose","floor":15},{"not_picked":["Slimebound:PrepareCrush","Slimebound:SlimeSlap"],"picked":"Slimebound:OneTwoCombo","floor":16},{"not_picked":["Slimebound:FinishingTackle","Slimebound:GrowthPunch+1"],"picked":"Slimebound:SplitBruiser","floor":21},{"not_picked":["Slimebound:DisruptingSlam","Slimebound:ProtectTheBoss","Slimebound:SlimeBarrage"],"picked":"SKIP","floor":26},{"not_picked":["Slimebound:TongueLash","Slimebound:RollThrough"],"picked":"Slimebound:SplitLeeching","floor":27},{"not_picked":["Slimebound:SplitMire","Slimebound:GrowthPunch"],"picked":"Slimebound:SplitBruiser","floor":29},{"not_picked":["Slimebound:DisruptingSlam","Slimebound:RainOfGoop"],"picked":"Slimebound:SplitMire","floor":30},{"not_picked":["Slimebound:BestDefense","Slimebound:RallyTheTroops","Slimebound:LeechingTouch"],"picked":"SKIP","floor":31},{"not_picked":["Slimebound:Equalize","Slimebound:LeechingTouch"],"picked":"Slimebound:SamplingLick","floor":32},{"not_picked":["Slimebound:MassRepurpose","Slimebound:SlimeSlap"],"picked":"Slimebound:OneTwoCombo","floor":33},{"not_picked":["Slimebound:SplitAcid+1","Slimebound:LeechingTouch"],"picked":"Slimebound:SlimeTap+1","floor":36},{"not_picked":["Slimebound:LeechingTouch","Slimebound:LivingWall+1"],"picked":"Slimebound:SplitBruiser+1","floor":37},{"not_picked":["Slimebound:SlimeBrawl","Slimebound:LevelUp+1"],"picked":"Slimebound:Schlurp+1","floor":39},{"not_picked":["Slimebound:Schlurp","Slimebound:SplitMire+1"],"picked":"Slimebound:Dissolve","floor":40},{"not_picked":["Slimebound:LeechEnergy+1","Slimebound:RallyTheTroops","Slimebound:RollThrough"],"picked":"SKIP","floor":43},{"not_picked":["Slimebound:SlimeSpikes+1","Slimebound:GoopTackle+1"],"picked":"Slimebound:SplitMire+1","floor":45},{"not_picked":["Slimebound:LeechEnergy","Slimebound:RollThrough","Slimebound:GoopSpray"],"picked":"SKIP","floor":48},{"not_picked":["Slimebound:SplitAcid+1","Slimebound:FinishingTackle+1","Slimebound:ViciousTackle+1"],"picked":"SKIP","floor":49},{"not_picked":["Slimebound:LeechingTouch+1","Slimebound:SplitLeeching+1","Slimebound:LeechEnergy+1"],"picked":"SKIP","floor":52}],"player_experience":22068,"relics_obtained":[{"floor":4,"key":"Regal Pillow"},{"floor":6,"key":"White Beast Statue"},{"floor":24,"key":"Calipers"},{"floor":27,"key":"Vajra"},{"floor":41,"key":"PreservedInsect"},{"floor":43,"key":"Shuriken"},{"floor":47,"key":"TungstenRod"},{"floor":52,"key":"Sundial"}],"event_choices":[{"damage_healed":0,"gold_gain":0,"player_choice":"Donut","damage_taken":0,"max_hp_gain":5,"max_hp_loss":0,"event_name":"Big Fish","floor":3,"gold_loss":0},{"cards_removed":["Slimebound:Defend_Slimebound"],"damage_healed":0,"gold_gain":0,"player_choice":"Offered Basic","damage_taken":0,"max_hp_gain":0,"max_hp_loss":0,"event_name":"Bonfire Elementals","floor":28,"gold_loss":0},{"damage_healed":0,"gold_gain":0,"player_choice":"Relic","damage_taken":0,"max_hp_gain":0,"max_hp_loss":0,"event_name":"Wheel of Change","floor":47,"gold_loss":0}],"is_beta":false,"boss_relics":[{"not_picked":["Coffee Dripper","Philosopher\u0027s Stone"],"picked":"Astrolabe"},{"not_picked":["Fusion Hammer","Runic Dome","Busted Crown"]}],"items_purged_floors":[31,46,53],"is_endless":false,"potions_floor_spawned":[8,10,11,12,15,16,21,26,27,29,30,31,32,33,36,37,39,40,43,45,48,49,52],"killed_by":"downfall:NeowBoss","ascension_level":0}}