{"host":"uceopoba4zvqsgiy","time":1608531837,"event":{"mods":["Act Like it!","BaseMod","Better Skull","Better Third Choice","Elementarium","GifTheSpireLib","Hermit","Humility","Infinite Spire","Jorbs\u0027s Wanderer Trilogy","Marked Mod","Minty Spire (QoL Compilation)","Potionbrewer","Replay The Spire","Robot Space Explorer","Shade Mod","Spicy Shops","StSLib","Stuff the Spire","The Blue Laboratory","The Cursed","The Dragon Tamer","The Hierophant","The Judge","The Jungle","Wandering Minibosses"],"gold_per_floor":[110,120,120,131,406,406,406,406],"floor_reached":7,"playtime":880,"items_purged":[],"score":53,"play_id":"4b06f948-6385-4fc7-9fa7-5a80cb0d6a07","local_time":"20201221165357","is_ascension_mode":true,"campfire_choices":[{"data":"Bouncing Flask","floor":6,"key":"SMITH"}],"circlet_count":0,"master_deck":["Strike_G","Strike_G","Strike_G","Strike_G","Strike_G","Defend_G","Defend_G","Defend_G","Defend_G","Defend_G","Survivor","Neutralize","Skewer","Bouncing Flask+1","Regret"],"relics":["Ring of the Snake","NeowsBlessing"],"acts_visited":["Exordium"],"potions_floor_usage":[],"damage_taken":[{"damage":0,"enemies":"Cultist","floor":1,"turns":1},{"damage":0,"enemies":"2 Louse","floor":2,"turns":1},{"damage":0,"enemies":"Small Slimes","floor":4,"turns":1},{"damage":71,"enemies":"3 Sentries","floor":7,"turns":7}],"seed_played":"-7984041772598803676","potions_obtained":[{"floor":2,"key":"blueLaboratory:StoneskinPotion"}],"is_trial":false,"path_per_floor":["M","M","?","M","?","R","E"],"character_chosen":"THE_SILENT","items_purchased":[],"campfire_rested":0,"item_purchase_floors":[],"current_hp_per_floor":[63,63,63,63,63,63,0,0],"gold":406,"neow_bonus":"THREE_ENEMY_KILL","is_daily":false,"chose_seed":false,"campfire_upgraded":1,"win_rate":0.0,"timestamp":1608531837,"path_taken":["M","?","?","?","?","R","E"],"items_purchased_type":[],"build_version":"2020-12-13","purchased_purges":0,"victory":false,"max_hp_per_floor":[70,70,70,70,70,70,70,70],"card_choices":[{"not_picked":["Expertise","Bane","Hidden Blade"],"picked":"SKIP","floor":1},{"not_picked":["Leg Sweep","StuffTheSpire:BumpUp"],"picked":"Skewer","floor":2},{"not_picked":["Flying Knee","Reflex"],"picked":"Bouncing Flask","floor":4}],"player_experience":1560076,"relics_obtained":[],"event_choices":[{"damage_healed":0,"gold_gain":0,"player_choice":"Ignored","damage_taken":0,"max_hp_gain":0,"max_hp_loss":0,"event_name":"Purifier","floor":3,"gold_loss":0},{"damage_healed":0,"gold_gain":275,"player_choice":"Desecrate","damage_taken":0,"max_hp_gain":0,"max_hp_loss":0,"event_name":"Golden Shrine","floor":5,"gold_loss":0,"cards_obtained":["Regret"]}],"is_beta":false,"boss_relics":[],"items_purged_floors":[],"is_endless":false,"potions_floor_spawned":[2],"killed_by":"3 Sentries","ascension_level":6}}