{"host":"ue7jlgf7uv134an9","time":1608515562,"event":{"mods":["BaseMod","Better Third Choice","Defuse TimeMaze Blight","Minty Spire (QoL Compilation)","Quick Restart","Rare Cards Sparkle","Relic Stats","StSLib","UnlockEverythingMod"],"gold_per_floor":[117,117,34,109,123,154,154,154,154],"floor_reached":8,"playtime":161,"items_purged":[],"score":158,"play_id":"169d1b83-f361-4836-9614-cf1ddb13cf36","local_time":"20201220205242","is_ascension_mode":true,"campfire_choices":[{"floor":7,"key":"REST"}],"circlet_count":0,"master_deck":["AscendersBane","Strike_G","Strike_G","Strike_G","Strike_G","Strike_G","Defend_G","Defend_G","Defend_G","Defend_G","Defend_G","Survivor","Neutralize","Flying Knee","Disarm","Masterful Stab","Blade Dance"],"relics":["Ring of the Snake","NeowsBlessing","Toy Ornithopter","Matryoshka"],"acts_visited":["Exordium"],"potions_floor_usage":[],"damage_taken":[{"damage":0,"enemies":"Small Slimes","floor":1,"turns":1},{"damage":0,"enemies":"2 Louse","floor":5,"turns":1},{"damage":0,"enemies":"Lagavulin","floor":6,"turns":1},{"damage":59,"enemies":"3 Sentries","floor":8,"turns":10}],"seed_played":"2179747293371305567","potions_obtained":[],"is_trial":false,"path_per_floor":["M","?","$","?","M","E","R","E"],"character_chosen":"THE_SILENT","items_purchased":["Masterful Stab"],"campfire_rested":1,"item_purchase_floors":[3],"current_hp_per_floor":[59,45,45,34,34,34,53,0,0],"gold":154,"neow_bonus":"THREE_ENEMY_KILL","is_daily":false,"chose_seed":false,"campfire_upgraded":0,"win_rate":0.0,"timestamp":1608515562,"path_taken":["M","?","$","?","M","E","R","E"],"items_purchased_type":["Card"],"build_version":"2020-12-13","purchased_purges":0,"victory":false,"max_hp_per_floor":[66,66,66,66,66,66,66,66,66],"relic_stats":{"counters":[4,13],"obtain_stats":[{"Matryoshka":6,"NeowsBlessing":0,"Toy Ornithopter":2,"Ring of the Snake":0},{"Matryoshka":3,"NeowsBlessing":0,"Toy Ornithopter":1,"Ring of the Snake":0},{"Matryoshka":3,"NeowsBlessing":0,"Toy Ornithopter":1,"Ring of the Snake":0}],"Toy Ornithopter":0,"Ring of the Snake":[8]},"card_choices":[{"not_picked":["Underhanded Strike","Backflip"],"picked":"Flying Knee","floor":1},{"not_picked":["Setup","Skewer"],"picked":"Blade Dance","floor":5},{"not_picked":["Outmaneuver","Blur","Grand Finale"],"picked":"SKIP","floor":6}],"player_experience":10908,"relics_obtained":[{"floor":6,"key":"Matryoshka"}],"event_choices":[{"damage_healed":0,"gold_gain":75,"player_choice":"Gold","damage_taken":11,"max_hp_gain":0,"max_hp_loss":0,"event_name":"betterThird:BetterGoop","floor":4,"gold_loss":0}],"is_beta":false,"boss_relics":[],"items_purged_floors":[],"is_endless":false,"potions_floor_spawned":[],"killed_by":"3 Sentries","ascension_level":20}}