{"host":"z9grmtg2w0nmz8n1","time":1608530119,"event":{"mods":["Aspiration","Bard","BaseMod","Beaked The Cultist","Better Altar","Better Match","Better Note","Better Sensory Stone","Better Skull","Better Third Choice","BetterRewards","CCEM","Colored Map","Conspire","Downfall","GifTheSpireLib","Googly Eyes","Halation","Hermit","Highlight Path","Hubris","Hunter ??","Jedi Mod","Jorbs\u0027s Wanderer Trilogy","Mad Scientist","Marisa????????","Minty Spire (QoL Compilation)","Permanent Neow","Replay The Spire","Shade Mod","Shop Mod","Spicy Shops","StSLib","Stuff the Spire","The Bug Knight","The Construct","The Necromancer","The Runesmith","The Witch"],"gold_per_floor":[218,218,228,228,255,255,255,269,269,297,297,313,345,361,361,456,456,469,481,481,481,495,495,515,515,515],"floor_reached":25,"playtime":1006,"items_purged":[],"score":213,"play_id":"1e02d9e4-e6ed-41e5-8a2c-a657017fed3b","local_time":"20201221035519","is_ascension_mode":false,"campfire_choices":[{"floor":7,"key":"RECALL"},{"data":"Runesmith:NegativeSpace","floor":11,"key":"SMITH"},{"floor":15,"key":"REST"},{"floor":23,"key":"REST"}],"circlet_count":0,"master_deck":["Runesmith:Strike_RS","Runesmith:Defend_RS","Runesmith:Defend_RS","Runesmith:Defend_RS","Runesmith:Defend_RS","Runesmith:CraftFirestone","Runesmith:Fortify","Runesmith:NegativeSpace+1","Runesmith:CraftMagma","Injury","Runesmith:ChiselStab+1","Runesmith:HeatedChisel+1","Runesmith:UnlimitedPower","Runesmith:CraftVitae+1","Runesmith:EarthShield"],"relics":["Runesmith:BrokenRuby","Molten Egg 2","Unceasing Top","Vajra","Art of War","jedi:hotpepper"],"acts_visited":["Exordium","TheCity"],"potions_floor_usage":[10,13,19,22],"damage_taken":[{"damage":2,"enemies":"Jaw Worm","floor":1,"turns":4},{"damage":0,"enemies":"Cultist","floor":3,"turns":3},{"damage":0,"enemies":"2 Louse","floor":8,"turns":4},{"damage":27,"enemies":"3 Sentries","floor":10,"turns":10},{"damage":0,"enemies":"Blue Slaver","floor":12,"turns":5},{"damage":15,"enemies":"Gremlin Nob","floor":13,"turns":5},{"damage":0,"enemies":"2 Fungi Beasts","floor":14,"turns":3},{"damage":9,"enemies":"Hexaghost","floor":16,"turns":9},{"damage":11,"enemies":"Spheric Guardian","floor":18,"turns":4},{"damage":18,"enemies":"conspire:FuzzyDice","floor":19,"turns":4},{"damage":0,"enemies":"Snake Plant","floor":22,"turns":6},{"damage":2,"enemies":"3 Cultists","floor":24,"turns":5},{"damage":41,"enemies":"Slavers","floor":25,"turns":5}],"seed_played":"1828650580398513831","potions_obtained":[{"floor":8,"key":"AttackPotion"},{"floor":12,"key":"Weak Potion"},{"floor":14,"key":"Energy Potion"},{"floor":16,"key":"Energy Potion"}],"is_trial":false,"path_per_floor":["M","?","M","?","T","?","R","M","T","E","R","M","E","M","R","B",null,"M","M","?","?","M","R","M","E"],"character_chosen":"RUNESMITH_CLASS","items_purchased":[],"campfire_rested":2,"item_purchase_floors":[],"current_hp_per_floor":[68,68,68,68,68,61,61,61,61,34,34,34,19,19,40,31,52,41,23,23,23,23,38,36,0,0],"gold":515,"neow_bonus":"HUNDRED_GOLD","is_daily":false,"chose_seed":false,"campfire_upgraded":1,"win_rate":0.0,"timestamp":1608530119,"path_taken":["M","?","?","?","?","?","R","M","T","E","R","M","E","?","R","BOSS","M","M","?","?","?","R","?","E"],"items_purchased_type":[],"build_version":"2020-12-13","purchased_purges":0,"victory":false,"max_hp_per_floor":[70,70,70,70,70,70,70,70,70,70,70,70,70,70,70,70,52,52,52,52,52,52,52,52,52,52],"card_choices":[{"not_picked":["Runesmith:HammerThrow","Runesmith:EnergizedChisel"],"picked":"Runesmith:NegativeSpace","floor":1},{"not_picked":["Runesmith:Malloc","Runesmith:ElementalConversion"],"picked":"Runesmith:CraftMagma","floor":3},{"not_picked":["Runesmith:Retool","Runesmith:HammerThrow+1","Runesmith:StaticCage"],"picked":"SKIP","floor":8},{"not_picked":["Runesmith:FieryHammer+1","Runesmith:Refine","Runesmith:WhiteBalance+1"],"picked":"SKIP","floor":10},{"not_picked":["Runesmith:BackupBattery","Runesmith:Prism"],"picked":"Runesmith:ChiselStab+1","floor":12},{"not_picked":["Runesmith:CreatorForm","Runesmith:MakeshiftArmor","Runesmith:UnstableHammer+1"],"picked":"SKIP","floor":13},{"not_picked":["Runesmith:HammerThrow+1","Runesmith:ChiselStab+1"],"picked":"Runesmith:HeatedChisel+1","floor":14},{"not_picked":["Runesmith:Duplicate","Runesmith:CraftPrismatica"],"picked":"Runesmith:UnlimitedPower","floor":16},{"not_picked":["Runesmith:UnstableHammer+1","Runesmith:GoWithTheFlow+1","Runesmith:Prism+1"],"picked":"SKIP","floor":18},{"not_picked":["Runesmith:EarthShield","Runesmith:RunicBlueprint"],"picked":"Runesmith:CraftVitae+1","floor":19},{"not_picked":["Runesmith:ShiftingStrike+1","Runesmith:CraftMedicinae"],"picked":"Runesmith:EarthShield","floor":22},{"not_picked":["Runesmith:HeatedChisel+1","Runesmith:StaticCage","Runesmith:BackupBattery"],"picked":"SKIP","floor":24}],"player_experience":606625,"relics_obtained":[{"floor":9,"key":"Unceasing Top"},{"floor":10,"key":"Vajra"},{"floor":13,"key":"Art of War"}],"event_choices":[{"cards_removed":["Runesmith:Strike_RS"],"damage_healed":0,"gold_gain":0,"player_choice":"Purged","damage_taken":0,"max_hp_gain":0,"max_hp_loss":0,"event_name":"Purifier","floor":2,"gold_loss":0},{"cards_removed":["Runesmith:Strike_RS"],"damage_healed":0,"gold_gain":0,"player_choice":"Card Removal","damage_taken":7,"max_hp_gain":0,"max_hp_loss":0,"event_name":"Golden Wing","floor":6,"gold_loss":0},{"cards_removed":["Runesmith:Strike_RS"],"damage_healed":0,"gold_gain":0,"player_choice":"Give","damage_taken":0,"max_hp_gain":0,"max_hp_loss":0,"event_name":"betterNote:BetterNote","floor":20,"gold_loss":0,"cards_obtained":["Strike_Giant"]},{"cards_removed":["Runesmith:Strike_RS"],"damage_healed":0,"gold_gain":0,"player_choice":"Purged","damage_taken":0,"max_hp_gain":0,"max_hp_loss":0,"event_name":"Purifier","floor":21,"gold_loss":0}],"is_beta":false,"boss_relics":[{"not_picked":["Ring of Chaos","halation:Prosthetics"],"picked":"jedi:hotpepper"}],"items_purged_floors":[],"is_endless":false,"potions_floor_spawned":[8,12,14,16],"killed_by":"Slavers","ascension_level":0}}