{"host":"imzpmvgmiwu2pn30","time":1608581647,"event":{"mods":["BaseMod","Better Third Choice","Colored Powertips","Minty Spire (QoL Compilation)","Relic Stats","StSLib"],"gold_per_floor":[115,126,140,215,231,231,247,267,267,267,283,283,295,295,295,398,398,409,257,268,279,294,294,294,310,310,310,329,329,346,346,346,450,500,515,565,565,577,592,592,298,298,298,298,310,310,325,335,335,335],"floor_reached":51,"playtime":9147,"items_purged":[],"score":647,"play_id":"f12411e9-756b-4d81-b20a-fe46d17d1dd7","local_time":"20201221181407","is_ascension_mode":false,"campfire_choices":[{"floor":6.0,"key":"REST"},{"floor":10.0,"key":"REST"},{"data":"LikeWater","floor":15.0,"key":"SMITH"},{"floor":24.0,"key":"REST"},{"floor":29.0,"key":"REST"},{"data":"Alpha","floor":32.0,"key":"SMITH"},{"floor":40,"key":"REST"},{"data":"Brilliance","floor":42,"key":"SMITH"},{"data":"MasterReality","floor":44,"key":"SMITH"},{"floor":46,"key":"REST"},{"floor":49,"key":"REST"}],"circlet_count":0,"master_deck":["Strike_P","Strike_P","Strike_P","Strike_P","Defend_P","Defend_P","Defend_P","Defend_P","Vigilance","DeceiveReality","FearNoEvil","Prostrate","Pray","ClearTheMind+1","Alpha+1","Prostrate","LikeWater+1","MasterReality+1","Protect+1","EmptyBody+1","Pray","Brilliance+1","DevaForm","Pray","Fasting2+1","Prostrate+1","Devotion"],"relics":["PureWater","Gremlin Horn","Letter Opener","SacredBark","ClockworkSouvenir","Matryoshka","Tiny House","Mango","Ancient Tea Set","Orrery","Vajra","Pantograph"],"acts_visited":["Exordium","TheCity","TheBeyond"],"potions_floor_usage":[35,38,50],"damage_taken":[{"damage":0.0,"enemies":"Small Slimes","floor":1.0,"turns":3.0},{"damage":0.0,"enemies":"Cultist","floor":2.0,"turns":5.0},{"damage":7.0,"enemies":"2 Louse","floor":3.0,"turns":3.0},{"damage":22.0,"enemies":"Gremlin Gang","floor":5.0,"turns":5.0},{"damage":0.0,"enemies":"Blue Slaver","floor":7.0,"turns":5.0},{"damage":13.0,"enemies":"2 Fungi Beasts","floor":8.0,"turns":3.0},{"damage":8.0,"enemies":"Looter","floor":11.0,"turns":3.0},{"damage":8.0,"enemies":"Blue Slaver","floor":13.0,"turns":6.0},{"damage":24.0,"enemies":"Hexaghost","floor":16.0,"turns":9.0},{"damage":5.0,"enemies":"3 Byrds","floor":18.0,"turns":6.0},{"damage":1.0,"enemies":"Chosen","floor":20.0,"turns":4.0},{"damage":12.0,"enemies":"Snake Plant","floor":21.0,"turns":5.0},{"damage":28.0,"enemies":"Sentry and Sphere","floor":22.0,"turns":6.0},{"damage":7.0,"enemies":"Snecko","floor":25.0,"turns":6.0},{"damage":20.0,"enemies":"Colosseum Slavers","floor":27.0,"turns":5.0},{"damage":3.0,"enemies":"Snake Plant","floor":28.0,"turns":7.0},{"damage":10.0,"enemies":"Sentry and Sphere","floor":30.0,"turns":3.0},{"damage":21.0,"enemies":"Collector","floor":33.0,"turns":7.0},{"damage":28,"enemies":"3 Darklings","floor":35,"turns":5},{"damage":0,"enemies":"Mind Bloom Boss Battle","floor":36,"turns":8},{"damage":0,"enemies":"Orb Walker","floor":38,"turns":5},{"damage":25,"enemies":"3 Darklings","floor":39,"turns":5},{"damage":57,"enemies":"Jaw Worm Horde","floor":45,"turns":7},{"damage":4,"enemies":"Maw","floor":47,"turns":8},{"damage":9,"enemies":"3 Darklings","floor":48,"turns":4},{"damage":28,"enemies":"Donu and Deca","floor":50,"turns":6}],"seed_played":"3252174922350870310","potions_obtained":[{"floor":1.0,"key":"Dexterity Potion"},{"floor":8.0,"key":"StancePotion"},{"floor":12.0,"key":"SpeedPotion"},{"floor":12.0,"key":"FearPotion"},{"floor":20.0,"key":"GamblersBrew"},{"floor":22.0,"key":"EssenceOfSteel"},{"floor":33.0,"key":"BottledMiracle"},{"floor":34,"key":"EssenceOfSteel"},{"floor":36,"key":"Block Potion"},{"floor":39,"key":"DuplicationPotion"},{"floor":48,"key":"Energy Potion"}],"is_trial":false,"path_per_floor":["M","M","M","?","M","R","M","M","T","R","M","?","M","?","R","B",null,"M","$","M","M","M","?","R","M","T","?","M","R","M","?","R","B",null,"M","?","?","M","M","R","$","R","T","R","M","R","M","M","R","B",null],"character_chosen":"WATCHER","items_purchased":["ClockworkSouvenir","Ancient Tea Set","Orrery"],"campfire_rested":7,"item_purchase_floors":[19,41,41],"current_hp_per_floor":[79,79,72,61,39,62,62,49,49,72,64,64,56,56,56,32,79,74,74,73,61,33,33,56,49,49,29,26,49,39,65,65,44,84,56,70,70,70,45,74,74,74,74,74,17,46,42,33,62,59],"gold":335,"neow_bonus":"TEN_PERCENT_HP_BONUS","is_daily":false,"chose_seed":false,"campfire_upgraded":4,"win_rate":0.0,"timestamp":1608581647,"path_taken":["M","M","M","?","M","R","M","M","T","R","M","?","?","?","R","BOSS","M","$","M","?","M","?","R","?","T","?","M","R","M","?","R","BOSS","M","?","?","M","M","R","$","R","T","R","M","R","M","M","R","BOSS"],"items_purchased_type":["Relic","Relic","Relic"],"build_version":"2020-12-13","purchased_purges":0,"victory":true,"max_hp_per_floor":[79,79,79,79,79,79,79,79,79,79,79,79,79,79,79,79,79,79,79,79,79,79,79,79,79,79,79,79,79,79,79,79,79,84,84,98,98,98,98,98,98,98,98,98,98,98,98,98,98,98],"relic_stats":{"Gremlin Horn":[14,14],"counters":[26,139],"Pantograph":25,"Letter Opener":[480],"obtain_stats":[{"Matryoshka":26,"Tiny House":34,"Gremlin Horn":9,"SacredBark":17,"Pantograph":43,"Orrery":41,"Vajra":43,"Mango":36,"Letter Opener":14,"PureWater":0,"Ancient Tea Set":41,"ClockworkSouvenir":19},{"Matryoshka":14,"Tiny House":18,"Gremlin Horn":6,"SacredBark":9,"Pantograph":22,"Orrery":22,"Vajra":22,"Mango":20,"Letter Opener":8,"PureWater":0,"Ancient Tea Set":22,"ClockworkSouvenir":10},{"Matryoshka":69,"Tiny House":91,"Gremlin Horn":24,"SacredBark":42,"Pantograph":114,"Orrery":114,"Vajra":114,"Mango":104,"Letter Opener":33,"PureWater":0,"Ancient Tea Set":114,"ClockworkSouvenir":48}]},"card_choices":[{"not_picked":["BowlingBash","Halt"],"picked":"DeceiveReality","floor":1.0},{"not_picked":["Nirvana","FollowUp"],"picked":"FearNoEvil","floor":2.0},{"not_picked":["ClearTheMind","Crescendo"],"picked":"Prostrate","floor":3.0},{"not_picked":["FlyingSleeves","Tantrum"],"picked":"Pray","floor":5.0},{"not_picked":["JustLucky","PathToVictory"],"picked":"ClearTheMind","floor":7.0},{"not_picked":["SashWhip","CutThroughFate"],"picked":"Alpha","floor":8.0},{"not_picked":["CrushJoints","ClearTheMind"],"picked":"Prostrate","floor":11.0},{"not_picked":["FlyingSleeves","Protect"],"picked":"LikeWater","floor":13.0},{"not_picked":["Establishment","Judgement"],"picked":"MasterReality","floor":16.0},{"not_picked":["Tantrum","Crescendo"],"picked":"Protect+1","floor":18.0},{"not_picked":["Protect","SashWhip"],"picked":"EmptyBody+1","floor":20.0},{"not_picked":["Halt+1","ThirdEye","Scrawl"],"picked":"SKIP","floor":21.0},{"not_picked":["Indignation+1","EmptyBody","ClearTheMind"],"picked":"SKIP","floor":22.0},{"not_picked":["Weave+1","FlurryOfBlows","FlyingSleeves+1"],"picked":"SKIP","floor":25.0},{"not_picked":["SashWhip+1","ClearTheMind"],"picked":"Pray","floor":28.0},{"not_picked":["FlyingSleeves","FlurryOfBlows"],"picked":"Brilliance","floor":30.0},{"not_picked":["SpiritShield","Blasphemy"],"picked":"DevaForm","floor":33.0},{"not_picked":["CutThroughFate+1","DeceiveReality"],"picked":"Pray","floor":34},{"not_picked":["CutThroughFate+1","CarveReality+1","Collect"],"picked":"SKIP","floor":35},{"not_picked":["EmptyMind","Evaluate+1"],"picked":"Fasting2+1","floor":38},{"not_picked":["WreathOfFlame+1","FlyingSleeves","LessonLearned"],"picked":"SKIP","floor":39},{"not_picked":["DeceiveReality+1","Halt+1"],"picked":"Prostrate+1","floor":41},{"not_picked":["Protect+1","CrushJoints"],"picked":"Devotion","floor":45},{"not_picked":["Nirvana+1","EmptyBody+1","Swivel+1"],"picked":"SKIP","floor":47},{"not_picked":["EmptyMind+1","CutThroughFate","Fasting2+1"],"picked":"SKIP","floor":48}],"player_experience":422223,"relics_obtained":[{"floor":9.0,"key":"Gremlin Horn"},{"floor":14.0,"key":"Letter Opener"},{"floor":26.0,"key":"Matryoshka"},{"floor":36,"key":"Mango"},{"floor":43,"key":"Vajra"},{"floor":43,"key":"Pantograph"}],"event_choices":[{"damage_healed":0.0,"max_hp_gain":0.0,"max_hp_loss":0.0,"gold_gain":75.0,"event_name":"betterThird:BetterGoop","player_choice":"Gold","floor":4.0,"gold_loss":0.0,"damage_taken":11.0},{"damage_healed":0.0,"max_hp_gain":0.0,"max_hp_loss":0.0,"gold_gain":0.0,"event_name":"Lab","player_choice":"Got Potions","floor":12.0,"gold_loss":0.0,"damage_taken":0.0},{"damage_healed":0.0,"max_hp_gain":0.0,"max_hp_loss":0.0,"gold_gain":0.0,"event_name":"Wheel of Change","player_choice":"Relic","floor":14.0,"gold_loss":0.0,"damage_taken":0.0},{"cards_removed":["Eruption"],"damage_healed":0.0,"max_hp_gain":0.0,"max_hp_loss":0.0,"gold_gain":0.0,"event_name":"Purifier","player_choice":"Purged","floor":23.0,"gold_loss":0.0,"damage_taken":0.0},{"damage_healed":0.0,"max_hp_gain":0.0,"max_hp_loss":0.0,"gold_gain":0.0,"event_name":"Colosseum","player_choice":"Fight","floor":27.0,"gold_loss":0.0,"damage_taken":0.0},{"damage_healed":0.0,"max_hp_gain":0.0,"max_hp_loss":0.0,"gold_gain":0.0,"event_name":"Colosseum","player_choice":"Fled From Nobs","floor":27.0,"gold_loss":0.0,"damage_taken":0.0},{"damage_healed":26.0,"max_hp_gain":0.0,"max_hp_loss":0.0,"gold_gain":0.0,"event_name":"The Library","player_choice":"Heal","floor":31.0,"gold_loss":0.0,"damage_taken":0.0},{"damage_healed":0,"gold_gain":0,"player_choice":"Fight","damage_taken":0,"max_hp_gain":0,"max_hp_loss":0,"event_name":"MindBloom","floor":36,"gold_loss":0},{"damage_healed":0,"gold_gain":0,"player_choice":"Bought 0 Potions","damage_taken":0,"max_hp_gain":0,"max_hp_loss":0,"event_name":"The Woman in Blue","floor":37,"gold_loss":0}],"is_beta":false,"boss_relics":[{"not_picked":["Astrolabe","Fusion Hammer"],"picked":"SacredBark"},{"not_picked":["Empty Cage","Pandora\u0027s Box"],"picked":"Tiny House"}],"items_purged_floors":[],"is_endless":false,"potions_floor_spawned":[1,8,20,22,33,36,39,48],"ascension_level":0}}