{"host":"wg33yb1rgt3nbe17","time":1608533619,"event":{"mods":["AchievementEnabler","BaseMod","Colored Map","Minty Spire (QoL Compilation)","Permanent Neow","Relic Stats","StSLib"],"gold_per_floor":[20,38,38,54,54,54,68,68,68,32,112,130,57,83,83,192,192,212,231,156,156,177,177,177],"floor_reached":23,"playtime":778,"items_purged":[],"score":210,"play_id":"32096bc3-a9bb-4f86-9c0f-95a1598ebdf2","local_time":"20201221015339","is_ascension_mode":true,"campfire_choices":[{"data":"Defragment","floor":6,"key":"SMITH"},{"data":"Defragment","floor":8,"key":"SMITH"},{"data":"Storm","floor":15,"key":"SMITH"}],"circlet_count":0,"master_deck":["Strike_B","Defend_B","Defend_B","Defend_B","Defend_B","Zap+1","Dualcast","Cold Snap","BootSequence","Defragment+1","Defragment+1","Heatsinks","Undo","Turbo","Capacitor","Storm+1","Creative AI","Redo","Core Surge","Steam"],"relics":["Cracked Core","CeramicFish","Pear","Black Star","FaceOfCleric"],"acts_visited":["Exordium","TheCity"],"potions_floor_usage":[16,16,22],"damage_taken":[{"damage":0,"enemies":"Cultist","floor":1,"turns":4},{"damage":2,"enemies":"Jaw Worm","floor":2,"turns":3},{"damage":6,"enemies":"Small Slimes","floor":4,"turns":3},{"damage":7,"enemies":"2 Fungi Beasts","floor":7,"turns":4},{"damage":0,"enemies":"Red Slaver","floor":12,"turns":4},{"damage":4,"enemies":"Exordium Thugs","floor":14,"turns":4},{"damage":6,"enemies":"The Guardian","floor":16,"turns":7},{"damage":26,"enemies":"Spheric Guardian","floor":18,"turns":4},{"damage":11,"enemies":"Shell Parasite","floor":19,"turns":4},{"damage":18,"enemies":"Snecko","floor":22,"turns":4},{"damage":44,"enemies":"Slavers","floor":23,"turns":2}],"seed_played":"-9216304374633279144","potions_obtained":[{"floor":1,"key":"Dexterity Potion"},{"floor":2,"key":"PotionOfCapacity"},{"floor":12,"key":"FocusPotion"},{"floor":19,"key":"FocusPotion"}],"is_trial":false,"path_per_floor":["M","M","?","M","$","R","M","R","T","$","T","M","$","M","R","B",null,"M","M","?","?","M","E"],"character_chosen":"DEFECT","items_purchased":["Turbo","Capacitor"],"campfire_rested":0,"item_purchase_floors":[10,13],"current_hp_per_floor":[75,73,73,67,67,67,60,60,60,60,70,70,70,66,66,60,85,59,48,48,48,31,0,0],"gold":177,"neow_bonus":"TRANSFORM_TWO_CARDS","is_daily":false,"chose_seed":false,"campfire_upgraded":3,"win_rate":0.0,"timestamp":1608533619,"path_taken":["M","M","?","M","$","R","?","R","T","?","?","M","$","M","R","BOSS","M","M","?","?","?","E"],"items_purchased_type":["Card","Card"],"build_version":"2020-12-13","purchased_purges":0,"victory":false,"max_hp_per_floor":[75,75,75,75,75,75,75,75,75,75,85,85,85,85,85,85,85,85,85,85,85,86,86,86],"relic_stats":{"FaceOfCleric":1,"counters":[11,43],"CeramicFish":63,"Black Star":0,"obtain_stats":[{"Pear":11,"FaceOfCleric":21,"CeramicFish":9,"Black Star":17,"Cracked Core":0},{"Pear":4,"FaceOfCleric":9,"CeramicFish":4,"Black Star":7,"Cracked Core":0},{"Pear":14,"FaceOfCleric":37,"CeramicFish":14,"Black Star":29,"Cracked Core":0}]},"card_choices":[{"not_picked":["Scrape","Turbo"],"picked":"Defragment","floor":1},{"not_picked":["Streamline","Undo"],"picked":"Defragment","floor":2},{"not_picked":["Sweeping Beam","Conserve Battery"],"picked":"Heatsinks","floor":4},{"not_picked":["Rip and Tear","Rebound"],"picked":"Undo","floor":7},{"not_picked":["Sweeping Beam","Gash","Reprogram"],"picked":"SKIP","floor":12},{"not_picked":["Force Field","Rip and Tear"],"picked":"Storm","floor":14},{"not_picked":["Machine Learning","Multi-Cast"],"picked":"Creative AI","floor":16},{"not_picked":["Ball Lightning+1","Go for the Eyes"],"picked":"Redo","floor":18},{"not_picked":["Lockon+1","Genetic Algorithm"],"picked":"Core Surge","floor":19},{"not_picked":["Hello World","Beam Cell+1"],"picked":"Steam","floor":22}],"player_experience":524476,"relics_obtained":[{"floor":9,"key":"CeramicFish"},{"floor":11,"key":"Pear"}],"event_choices":[{"damage_healed":0,"gold_gain":0,"player_choice":"Forge","damage_taken":0,"max_hp_gain":0,"max_hp_loss":0,"event_name":"Accursed Blacksmith","floor":3,"gold_loss":0,"cards_upgraded":["Zap"]},{"cards_removed":["Strike_B"],"damage_healed":0,"gold_gain":0,"player_choice":"Gave Gold","damage_taken":0,"max_hp_gain":0,"max_hp_loss":0,"event_name":"Beggar","floor":20,"gold_loss":75},{"damage_healed":0,"gold_gain":0,"player_choice":"Trade","damage_taken":0,"relics_obtained":["FaceOfCleric"],"max_hp_gain":0,"max_hp_loss":0,"event_name":"FaceTrader","floor":21,"gold_loss":0}],"is_beta":false,"boss_relics":[{"not_picked":["SacredBark","Sozu"],"picked":"Black Star"}],"items_purged_floors":[],"is_endless":false,"potions_floor_spawned":[1,2,12,14,19],"killed_by":"Slavers","ascension_level":3}}