{"host":"e4wnmsyty9uvvtwf","time":1608561867,"event":{"mods":["Aspiration","BaseMod","Colored Map","Colored Powertips","Marisa£®ÏF”Í°°ƒß¿Ì…≥£©","Minty Spire (QoL Compilation)","Rare Cards Sparkle","Replay The Spire","StSLib"],"gold_per_floor":[115,115,115,115,127,127,161,161,161,161,181,181,195,195,195,299,299,319,319,319,319,28,28,28,28,51,69,95,107,138,63,63,63,63],"floor_reached":33,"playtime":1200,"items_purged":["Doubt"],"score":486,"play_id":"cd36eb97-0138-47d0-8da8-c8dd4717da55","local_time":"20201221224427","is_ascension_mode":true,"campfire_choices":[{"data":"BasicCrystalCard","floor":6,"key":"SMITH"},{"floor":8,"key":"REST"},{"data":"Zap","floor":12,"key":"SMITH"},{"data":"Dualcast","floor":15,"key":"SMITH"},{"data":"Buffer","floor":23,"key":"SMITH"},{"data":"Chaos","floor":25,"key":"SMITH"},{"floor":32,"key":"REST"}],"circlet_count":0,"master_deck":["AscendersBane","Strike_B","Strike_B","Defend_B+1","Defend_B","Defend_B+1","Zap+1","Dualcast+1","Turbo","Fission+1","BasicCrystalCard+1","Undo","Buffer+1","Time Bomb+1","Chaos+1","Capacitor","ReplayTheSpireMod:System Scan"],"relics":["FrozenCore","aspiration:Nostalgia","Ring of the Snake","Onion Ring","TungstenRod","aspiration:ChemicalBlood","aspiration:MysteriousAuxiliaryCore","Replay:Grab Bag","Busted Crown","ChewingGum","aspiration:Stellarator","Chameleon Ring","PrismaticShard","ReplayTheSpireMod:CursedCoin","Matryoshka","Simple Rune","Omamori","Centennial Puzzle","Iron Hammer"],"acts_visited":["Exordium","TheCity"],"potions_floor_usage":[28,29,30],"damage_taken":[{"damage":8,"enemies":"Small Slimes","floor":1,"turns":4},{"damage":0,"enemies":"2 Louse","floor":5,"turns":1},{"damage":33,"enemies":"Lagavulin","floor":7,"turns":6},{"damage":0,"enemies":"Cultist","floor":11,"turns":3},{"damage":11,"enemies":"Exordium Wildlife","floor":13,"turns":6},{"damage":8,"enemies":"The Guardian","floor":16,"turns":10},{"damage":12,"enemies":"Spheric Guardian","floor":18,"turns":12},{"damage":0,"enemies":"Chosen","floor":27,"turns":6},{"damage":34,"enemies":"Book of Stabbing","floor":28,"turns":9},{"damage":7,"enemies":"Snake Plant","floor":29,"turns":5},{"damage":0,"enemies":"Slavers","floor":30,"turns":8},{"damage":34,"enemies":"Pondfish","floor":33,"turns":9}],"seed_played":"8293064006129726616","potions_obtained":[{"floor":5,"key":"SteroidPotion"},{"floor":16,"key":"SneckoOil"},{"floor":29,"key":"Fire Potion"}],"is_trial":false,"path_per_floor":["M","?","?","?","M","R","E","R","T","T","M","R","M","?","R","B",null,"M","?","T","?","$","R","?","R","T","M","E","M","E","$","R","B"],"character_chosen":"DEFECT","items_purchased":["ReplayTheSpireMod:CursedCoin","Chaos","Matryoshka","Capacitor","ReplayTheSpireMod:System Scan"],"campfire_rested":2,"item_purchase_floors":[22,22,22,22,31],"current_hp_per_floor":[60,57,57,57,57,57,24,46,46,46,46,46,35,35,35,27,63,51,59,59,52,52,52,52,52,52,52,18,11,11,11,33,0,0],"gold":63,"neow_bonus":"NOSTALGIA","is_daily":false,"chose_seed":false,"campfire_upgraded":5,"win_rate":0.0,"timestamp":1608561867,"path_taken":["M","?","?","?","?","R","E","R","T","?","M","R","M","?","R","BOSS","M","?","?","?","?","R","?","R","T","?","E","M","E","$","R","BOSS"],"items_purchased_type":["Relic","Card","Relic","Card","Card"],"build_version":"2020-12-13","purchased_purges":1,"victory":false,"max_hp_per_floor":[75,75,75,75,75,75,75,75,75,75,75,75,75,75,75,75,75,75,75,75,75,75,75,75,75,75,75,75,75,75,75,75,75,75],"card_choices":[{"not_picked":["Rebound","Sweeping Beam"],"picked":"Turbo","floor":1},{"not_picked":["Leap","Skim"],"picked":"BasicCrystalCard","floor":5},{"not_picked":["Turbo","Reboot"],"picked":"Undo","floor":7},{"not_picked":["Static Discharge","Steam","Stack"],"picked":"SKIP","floor":11},{"not_picked":["Leap","Storm","Turbo"],"picked":"SKIP","floor":13},{"not_picked":["Fission","Rainbow"],"picked":"Buffer","floor":16},{"not_picked":[],"picked":"Time Bomb+1","floor":18},{"not_picked":["Thunderclap+1"],"picked":"SKIP","floor":27},{"not_picked":["BlazingStar"],"picked":"SKIP","floor":28},{"not_picked":["Consecrate"],"picked":"SKIP","floor":29},{"not_picked":["Hemokinesis"],"picked":"SKIP","floor":30}],"player_experience":633672,"relics_obtained":[{"floor":7,"key":"TungstenRod"},{"floor":9,"key":"aspiration:ChemicalBlood"},{"floor":10,"key":"aspiration:MysteriousAuxiliaryCore"},{"floor":20,"key":"Chameleon Ring"},{"floor":21,"key":"PrismaticShard"},{"floor":26,"key":"Simple Rune"},{"floor":26,"key":"Omamori"},{"floor":28,"key":"Centennial Puzzle"},{"floor":30,"key":"Iron Hammer"}],"event_choices":[{"damage_healed":0,"gold_gain":0,"player_choice":"Success","damage_taken":3,"relics_obtained":["Onion Ring"],"max_hp_gain":0,"max_hp_loss":0,"event_name":"Scrap Ooze","floor":2,"gold_loss":0},{"cards_removed":["Strike_B"],"damage_healed":0,"gold_gain":0,"player_choice":"Offered Basic","damage_taken":0,"max_hp_gain":0,"max_hp_loss":0,"event_name":"Bonfire Elementals","floor":4,"gold_loss":0},{"damage_healed":0,"gold_gain":0,"player_choice":"0 cards matched","damage_taken":0,"max_hp_gain":0,"max_hp_loss":0,"event_name":"Match and Keep!","floor":24,"gold_loss":0,"cards_obtained":[]}],"is_beta":false,"boss_relics":[{"not_picked":["aspiration:RitualDagger","Replay:Drink Me"],"picked":"Replay:Grab Bag"},{"not_picked":["Philosopher\u0027s Stone","Coffee Dripper"],"picked":"Busted Crown"},{"not_picked":["Runic Dome","Fusion Hammer"],"picked":"ChewingGum"},{"not_picked":["aspiration:BursterCore","Pandora\u0027s Box"],"picked":"aspiration:Stellarator"},{"not_picked":["aspiration:RunicSpoon","Calling Bell"],"picked":"FrozenCore"}],"items_purged_floors":[22],"is_endless":false,"potions_floor_spawned":[5,16,27,28],"killed_by":"Pondfish","ascension_level":12}}