{"host":"d8d3jqle49sogkjv","time":1608585774,"event":{"mods":["BaseMod","Colored Map","Colored Powertips","Minty Spire (QoL Compilation)","StSLib"],"gold_per_floor":[109,109,34,44,44,75,75,92,92,119,139,174,124,140,140,236,236,246,246,31,45,45,45,45],"floor_reached":23,"playtime":981,"items_purged":["Defend_R","Writhe"],"score":401,"play_id":"8c93e504-f7cc-4b04-9fcb-db18d4ea00f7","local_time":"20201221222254","is_ascension_mode":true,"campfire_choices":[{"floor":7,"key":"DIG"},{"floor":15,"key":"DIG"}],"circlet_count":0,"master_deck":["AscendersBane","Strike_R","Strike_R","Strike_R","Strike_R","Defend_R","Defend_R","Defend_R","Bash","Ghostly Armor","Inflame","Feed","Cleave","Shrug It Off","Fire Breathing","Immolate","CurseOfTheBell","Shrug It Off","Burning Pact","Fire Breathing"],"relics":["Burning Blood","NeowsBlessing","FaceOfCleric","Shovel","Bag of Marbles","Matryoshka","Orichalcum","Mummified Hand","Anchor","Calling Bell","Dream Catcher","Pear","Calipers","Ancient Tea Set"],"acts_visited":["Exordium","TheCity"],"potions_floor_usage":[1,10,21,23],"damage_taken":[{"damage":0,"enemies":"Jaw Worm","floor":1,"turns":1},{"damage":0,"enemies":"Cultist","floor":4,"turns":1},{"damage":0,"enemies":"Gremlin Nob","floor":6,"turns":1},{"damage":10,"enemies":"Small Slimes","floor":8,"turns":4},{"damage":45,"enemies":"3 Sentries","floor":10,"turns":12},{"damage":6,"enemies":"Exordium Wildlife","floor":11,"turns":3},{"damage":12,"enemies":"Gremlin Nob","floor":12,"turns":4},{"damage":8,"enemies":"Large Slime","floor":14,"turns":6},{"damage":20,"enemies":"Slime Boss","floor":16,"turns":7},{"damage":36,"enemies":"Spheric Guardian","floor":18,"turns":6},{"damage":6,"enemies":"3 Byrds","floor":21,"turns":4},{"damage":72,"enemies":"Gremlin Leader","floor":23,"turns":8}],"seed_played":"-3940110321157088492","potions_obtained":[{"floor":1,"key":"Fruit Juice"},{"floor":6,"key":"GamblersBrew"},{"floor":11,"key":"DuplicationPotion"},{"floor":16,"key":"HeartOfIron"}],"is_trial":false,"path_per_floor":["M","?","$","M","$","E","R","M","T","E","M","E","?","M","R","B",null,"M","?","$","M","$","E"],"character_chosen":"IRONCLAD","items_purchased":["Burning Pact","Fire Breathing"],"campfire_rested":0,"item_purchase_floors":[20,20],"current_hp_per_floor":[83,83,83,86,86,87,87,84,84,49,53,48,48,50,50,37,96,67,67,67,68,68,0,0],"gold":45,"neow_bonus":"THREE_ENEMY_KILL","is_daily":false,"chose_seed":false,"campfire_upgraded":0,"win_rate":0.0,"timestamp":1608585774,"path_taken":["M","?","$","M","$","E","R","M","T","E","?","E","?","M","R","BOSS","M","?","$","M","$","E"],"items_purchased_type":["Card","Card"],"build_version":"2020-12-13","purchased_purges":2,"victory":false,"max_hp_per_floor":[85,85,85,86,86,87,87,88,88,92,96,97,97,101,101,102,112,113,113,113,114,114,114,114],"card_choices":[{"not_picked":["Wild Strike","True Grit"],"picked":"Ghostly Armor","floor":1},{"not_picked":["Entrench","Wild Strike","Body Slam"],"picked":"SKIP","floor":4},{"not_picked":["Iron Wave","Wild Strike"],"picked":"Inflame","floor":6},{"not_picked":["Armaments","Rupture"],"picked":"Feed","floor":8},{"not_picked":["Pommel Strike","Anger"],"picked":"Cleave","floor":10},{"not_picked":["Infernal Blade","Searing Blow","Wild Strike"],"picked":"SKIP","floor":11},{"not_picked":["True Grit","Sword Boomerang"],"picked":"Shrug It Off","floor":12},{"not_picked":["Pommel Strike","Shrug It Off"],"picked":"Fire Breathing","floor":14},{"not_picked":["Impervious","Reaper"],"picked":"Immolate","floor":16},{"not_picked":["Intimidate","Warcry"],"picked":"Shrug It Off","floor":18},{"not_picked":["Heavy Blade","Warcry","Havoc+1"],"picked":"SKIP","floor":21}],"player_experience":324374,"relics_obtained":[{"floor":6,"key":"Shovel"},{"floor":7,"key":"Bag of Marbles"},{"floor":9,"key":"Matryoshka"},{"floor":10,"key":"Orichalcum"},{"floor":12,"key":"Mummified Hand"},{"floor":15,"key":"Anchor"},{"floor":17,"key":"Dream Catcher"},{"floor":17,"key":"Pear"},{"floor":17,"key":"Calipers"}],"event_choices":[{"damage_healed":0,"gold_gain":0,"player_choice":"Trade","damage_taken":0,"relics_obtained":["FaceOfCleric"],"max_hp_gain":0,"max_hp_loss":0,"event_name":"FaceTrader","floor":2,"gold_loss":0},{"cards_removed":["Strike_R"],"damage_healed":0,"gold_gain":0,"player_choice":"Card Removal","damage_taken":0,"max_hp_gain":0,"max_hp_loss":0,"event_name":"The Cleric","floor":13,"gold_loss":50},{"damage_healed":0,"gold_gain":0,"player_choice":"Opened","damage_taken":0,"relics_obtained":["Ancient Tea Set"],"max_hp_gain":0,"max_hp_loss":0,"event_name":"The Mausoleum","floor":19,"gold_loss":0,"cards_obtained":["Writhe"]}],"is_beta":false,"boss_relics":[{"not_picked":["Runic Cube","Snecko Eye"],"picked":"Calling Bell"}],"items_purged_floors":[3,20],"is_endless":false,"potions_floor_spawned":[1,6,11,16],"killed_by":"Gremlin Leader","ascension_level":10}}