{"host":"8by3m8mve9y2rhh4","time":1608592609,"event":{"mods":["BaseMod","Minty Spire (QoL Compilation)","Quick Restart"],"gold_per_floor":[117,129,149,165,183,183,213,213,265,265,291,291,303,336,336,436,436,455,466,44,94,144,144,293,325,325,375,375],"floor_reached":27,"playtime":1184,"items_purged":["Strike_R"],"score":264,"play_id":"ab2ef385-752e-4de5-9324-ef4a37389eab","local_time":"20201221231649","is_ascension_mode":true,"campfire_choices":[{"floor":6,"key":"RECALL"},{"floor":10,"key":"REST"},{"floor":12,"key":"REST"},{"data":"Bash","floor":15,"key":"SMITH"},{"data":"Apotheosis","floor":23,"key":"SMITH"}],"circlet_count":0,"master_deck":["Strike_R","Strike_R","Strike_R","Defend_R","Defend_R","Defend_R","Defend_R","Bash+1","Twin Strike","Shrug It Off","Rampage","Cleave","Metallicize","Twin Strike","Thunderclap","Inflame","Battle Trance","Berserk","Armaments","Feel No Pain","Apotheosis+1","Limit Break"],"relics":["Burning Blood","Juzu Bracelet","SsserpentHead","Ancient Tea Set","Question Card","Regal Pillow","Black Star","Gremlin Horn","Pantograph"],"acts_visited":["Exordium","TheCity"],"potions_floor_usage":[5,7,14,25,27,27],"damage_taken":[{"damage":2,"enemies":"2 Louse","floor":1,"turns":3},{"damage":1,"enemies":"Cultist","floor":2,"turns":3},{"damage":3,"enemies":"Small Slimes","floor":3,"turns":3},{"damage":6,"enemies":"3 Louse","floor":4,"turns":3},{"damage":5,"enemies":"Looter","floor":5,"turns":2},{"damage":42,"enemies":"Lagavulin","floor":7,"turns":8},{"damage":17,"enemies":"3 Sentries","floor":11,"turns":8},{"damage":0,"enemies":"Large Slime","floor":13,"turns":4},{"damage":8,"enemies":"Gremlin Nob","floor":14,"turns":4},{"damage":54,"enemies":"The Guardian","floor":16,"turns":8},{"damage":35,"enemies":"3 Byrds","floor":18,"turns":6},{"damage":32,"enemies":"Spheric Guardian","floor":19,"turns":4},{"damage":50,"enemies":"Book of Stabbing","floor":25,"turns":7},{"damage":10,"enemies":"Colosseum Slavers","floor":27,"turns":1}],"seed_played":"6889299807105173763","potions_obtained":[{"floor":1,"key":"SteroidPotion"},{"floor":3,"key":"SkillPotion"},{"floor":4,"key":"Weak Potion"},{"floor":14,"key":"Dexterity Potion"},{"floor":19,"key":"Weak Potion"},{"floor":25,"key":"Energy Potion"}],"is_trial":false,"path_per_floor":["M","M","M","M","M","R","E","?","T","R","E","R","M","E","R","B",null,"M","M","$","?","?","R","?","E","T","?"],"character_chosen":"IRONCLAD","items_purchased":["Apotheosis","Limit Break"],"campfire_rested":2,"item_purchase_floors":[20,20],"current_hp_per_floor":[80,80,80,80,80,80,44,44,44,68,57,80,80,78,78,30,80,51,25,25,25,51,51,51,7,7,0,0],"gold":375,"neow_bonus":"THREE_CARDS","is_daily":false,"chose_seed":false,"campfire_upgraded":2,"win_rate":0.0,"timestamp":1608592609,"path_taken":["M","M","M","M","M","R","E","?","T","R","E","R","M","E","R","BOSS","M","M","$","?","?","R","?","E","T","?"],"items_purchased_type":["Card","Card"],"build_version":"2020-12-13","purchased_purges":1,"victory":false,"max_hp_per_floor":[80,80,80,80,80,80,80,80,80,80,80,80,80,80,80,80,80,80,80,80,80,80,80,80,80,80,80,80],"card_choices":[{"not_picked":["Clothesline","Pommel Strike"],"picked":"Twin Strike","floor":0},{"not_picked":["Feel No Pain","Thunderclap"],"picked":"Shrug It Off","floor":1},{"not_picked":["Twin Strike","Dark Embrace"],"picked":"Rampage","floor":2},{"not_picked":["Flex","Rage"],"picked":"Cleave","floor":3},{"not_picked":["Blood for Blood","Clothesline"],"picked":"Metallicize","floor":4},{"not_picked":["Reckless Charge","Power Through","Havoc"],"picked":"SKIP","floor":5},{"not_picked":["Evolve","Sentinel"],"picked":"Twin Strike","floor":7},{"not_picked":["Sword Boomerang","Havoc"],"picked":"Thunderclap","floor":11},{"not_picked":["Heavy Blade","Havoc","Exhume"],"picked":"Inflame","floor":13},{"not_picked":["Flex","Seeing Red","Warcry"],"picked":"Battle Trance","floor":14},{"not_picked":["Corruption","Fiend Fire","Juggernaut"],"picked":"Berserk","floor":16},{"not_picked":["Warcry+1","Burning Pact+1","True Grit"],"picked":"Armaments","floor":18},{"not_picked":["Carnage","Body Slam+1","Second Wind+1"],"picked":"Feel No Pain","floor":19},{"not_picked":["Intimidate+1","Dropkick","Clothesline+1","Dark Embrace"],"picked":"SKIP","floor":25}],"player_experience":583167,"relics_obtained":[{"floor":7,"key":"Juzu Bracelet"},{"floor":9,"key":"Ancient Tea Set"},{"floor":11,"key":"Question Card"},{"floor":14,"key":"Regal Pillow"},{"floor":25,"key":"Gremlin Horn"},{"floor":25,"key":"Pantograph"}],"event_choices":[{"damage_healed":0,"gold_gain":0,"player_choice":"Trade","damage_taken":0,"relics_obtained":["SsserpentHead"],"max_hp_gain":0,"max_hp_loss":0,"event_name":"FaceTrader","floor":8,"gold_loss":0},{"cards_removed":["Strike_R"],"damage_healed":0,"gold_gain":0,"player_choice":"Elegance","damage_taken":0,"max_hp_gain":0,"max_hp_loss":0,"event_name":"Back to Basics","floor":21,"gold_loss":0},{"damage_healed":26,"gold_gain":0,"player_choice":"Heal","damage_taken":0,"max_hp_gain":0,"max_hp_loss":0,"event_name":"The Library","floor":22,"gold_loss":0},{"damage_healed":0,"gold_gain":99,"player_choice":"Stole From Cult","damage_taken":0,"max_hp_gain":0,"max_hp_loss":0,"event_name":"Nest","floor":24,"gold_loss":0},{"damage_healed":0,"gold_gain":0,"player_choice":"Fight","damage_taken":0,"max_hp_gain":0,"max_hp_loss":0,"event_name":"Colosseum","floor":27,"gold_loss":0}],"is_beta":false,"boss_relics":[{"not_picked":["Mark of Pain","Runic Dome"],"picked":"Black Star"}],"items_purged_floors":[20],"is_endless":false,"potions_floor_spawned":[1,3,4,14,19,25],"killed_by":"Colosseum Slavers","ascension_level":1}}