{"host":"lreod2rejfd0az5i","time":1608530809,"event":{"mods":["AchievementEnabler","Aspiration","BaseMod","Colored Powertips","Conspire","Downfall","Highlight Path","Hubris","Infinite Spire","Mad Scientist","Minty Spire (QoL Compilation)","Rare Cards Sparkle","Relic Stats","Replay The Spire","StSLib","The Bug Knight","The Jungle"],"gold_per_floor":[110,35,51,51,71,102,113,113,137,148,298,298,373,373,373],"floor_reached":14,"playtime":292,"items_purged":["Strike_R"],"score":176,"play_id":"c60d697a-8839-495d-a39e-4b9e6f6648e9","local_time":"20201220230649","is_ascension_mode":true,"campfire_choices":[{"data":"Bash","floor":8,"key":"SMITH"},{"floor":12,"key":"REST"}],"circlet_count":0,"master_deck":["AscendersBane","Strike_R","Strike_R","Strike_R","Strike_R","Defend_R","Defend_R","Defend_R","Defend_R","Bash+1","Hemokinesis+1","Sword Boomerang","Clothesline","Doubt"],"relics":["Burning Blood","NeowsBlessing","infinitespire:CheckeredPen","Dream Catcher"],"acts_visited":["Exordium"],"potions_floor_usage":[6],"damage_taken":[{"damage":0,"enemies":"Cultist","floor":1,"turns":1},{"damage":0,"enemies":"conspire:RoseBush","floor":3,"turns":1},{"damage":0,"enemies":"Small Slimes","floor":5,"turns":1},{"damage":34,"enemies":"Lagavulin","floor":6,"turns":5},{"damage":9,"enemies":"Gremlin Gang","floor":7,"turns":3},{"damage":20,"enemies":"3 Louse","floor":10,"turns":3},{"damage":49,"enemies":"3 Sentries","floor":14,"turns":6}],"seed_played":"8491470911019510372","potions_obtained":[{"floor":1,"key":"Strength Potion"}],"is_trial":false,"path_per_floor":["M","$","M","?","M","E","M","R","T","M","?","R","?","E"],"character_chosen":"IRONCLAD","items_purchased":[],"campfire_rested":1,"item_purchase_floors":[],"current_hp_per_floor":[74,74,75,75,75,47,44,44,44,30,30,52,41,0,0],"gold":373,"neow_bonus":"THREE_ENEMY_KILL","is_daily":false,"chose_seed":false,"campfire_upgraded":1,"win_rate":0.0,"timestamp":1608530809,"path_taken":["M","?","M","?","M","E","M","R","T","?","?","R","?","E"],"items_purchased_type":[],"build_version":"2020-12-13","purchased_purges":1,"victory":false,"max_hp_per_floor":[75,75,75,75,75,75,75,75,75,75,75,75,75,75,75],"relic_stats":{"Dream Catcher":1,"counters":[7,20],"obtain_stats":[{"Dream Catcher":9,"NeowsBlessing":0,"infinitespire:CheckeredPen":6,"Burning Blood":0},{"Dream Catcher":5,"NeowsBlessing":0,"infinitespire:CheckeredPen":4,"Burning Blood":0},{"Dream Catcher":11,"NeowsBlessing":0,"infinitespire:CheckeredPen":8,"Burning Blood":0}],"Burning Blood":25},"card_choices":[{"not_picked":["Anger","Twin Strike"],"picked":"Hemokinesis","floor":1},{"not_picked":["Perfected Strike","Reckless Charge"],"picked":"Sword Boomerang","floor":3},{"not_picked":["Thunderclap","Searing Blow","hubris:ReadiedAction"],"picked":"SKIP","floor":5},{"not_picked":["ReplayReversal","Havoc"],"picked":"Clothesline","floor":6},{"not_picked":["Clash","Infernal Blade","Replay:Undeath\u0027s Touch"],"picked":"SKIP","floor":7},{"not_picked":["ReplayTheSpireMod:Strike From Hell","Sever Soul","Anger"],"picked":"SKIP","floor":10}],"player_experience":851774,"relics_obtained":[{"floor":6,"key":"infinitespire:CheckeredPen"},{"floor":9,"key":"Dream Catcher"}],"event_choices":[{"damage_healed":0,"gold_gain":0,"player_choice":"Upgraded","damage_taken":0,"max_hp_gain":0,"max_hp_loss":0,"event_name":"Upgrade Shrine","floor":4,"gold_loss":0,"cards_upgraded":["Hemokinesis"]},{"damage_healed":0,"gold_gain":150,"player_choice":"AGREE","damage_taken":0,"max_hp_gain":0,"max_hp_loss":0,"event_name":"Liars Game","floor":11,"gold_loss":0,"cards_obtained":["Doubt"]},{"damage_healed":0,"gold_gain":75,"player_choice":"Gather Gold","damage_taken":11,"max_hp_gain":0,"max_hp_loss":0,"event_name":"World of Goop","floor":13,"gold_loss":0}],"is_beta":false,"boss_relics":[],"items_purged_floors":[2],"is_endless":false,"potions_floor_spawned":[1],"killed_by":"3 Sentries","ascension_level":19}}