{"host":"61pxv8qo5t6mwz68","time":1608572066,"event":{"mods":["BaseMod","Block Reminder","Colored Map","Highlight Path","Minty Spire (QoL Compilation)","Permanent Neow"],"gold_per_floor":[116,116,136,152,163,163,163,194,194,16,29,29,61,71,71,168,168,180,198,208,222,235,235,247,275,275,275,286,296,331,331,331,436,436,450,460,479,40,40,40,68,68,68,80,92,122,122,134,134,134,134],"floor_reached":50,"playtime":3033,"items_purged":["Pain"],"score":689,"play_id":"3eff5d7b-d2f7-40ba-9264-44291b1e3f84","local_time":"20201221123426","is_ascension_mode":true,"campfire_choices":[{"data":"Infernal Blade","floor":6,"key":"SMITH"},{"data":"Rage","floor":12,"key":"SMITH"},{"data":"Panache","floor":15,"key":"SMITH"},{"data":"Brutality","floor":23,"key":"SMITH"},{"data":"Sentinel","floor":27,"key":"SMITH"},{"floor":32,"key":"REST"},{"floor":40,"key":"REST"},{"floor":49,"key":"REST"}],"circlet_count":0,"master_deck":["Strike_R","Strike_R","Strike_R","Strike_R","Strike_R","Defend_R","Defend_R","Defend_R","Defend_R","Bash","Panache+1","Rage+1","Infernal Blade+1","Burning Pact","Battle Trance","Uppercut+1","Evolve","Clash+1","Reckless Charge+1","Perfected Strike+1","Pommel Strike+1","Clash+1","Brutality+1","Sentinel+1","Pommel Strike+1","Anger+1","Infernal Blade+1","Twin Strike+1","Inflame","Twin Strike+1","Wild Strike+1","Warcry+1","Warcry","Perfected Strike+1","Flex+1","Battle Trance","Flex+1","Exhume","Headbutt+1","Exhume","Twin Strike+1","Anger+1","Havoc+1","Dropkick+1","Pommel Strike+1","Perfected Strike+1","Double Tap","Wild Strike+1","Madness","Madness","Perfected Strike+1","Disarm+1","Disarm+1","Flash of Steel+1","Master of Strategy","Anger+1","Perfected Strike+1"],"relics":["Burning Blood","WarpedTongs","Prayer Wheel","Molten Egg 2","HornCleat","Philosopher\u0027s Stone","Red Skull","Potion Belt","Bottled Tornado","CultistMask","SacredBark","Ice Cream","Happy Flower","Sundial","Dream Catcher"],"acts_visited":["Exordium","TheCity","TheBeyond"],"potions_floor_usage":[30,33,33,33,46,50],"damage_taken":[{"damage":11,"enemies":"Jaw Worm","floor":1,"turns":3},{"damage":1,"enemies":"Cultist","floor":3,"turns":3},{"damage":6,"enemies":"2 Louse","floor":4,"turns":3},{"damage":0,"enemies":"Large Slime","floor":5,"turns":5},{"damage":22,"enemies":"3 Sentries","floor":8,"turns":7},{"damage":3,"enemies":"2 Fungi Beasts","floor":11,"turns":3},{"damage":0,"enemies":"Lagavulin","floor":13,"turns":4},{"damage":7,"enemies":"Exordium Thugs","floor":14,"turns":3},{"damage":20,"enemies":"The Guardian","floor":16,"turns":6},{"damage":19,"enemies":"2 Thieves","floor":18,"turns":3},{"damage":0,"enemies":"Spheric Guardian","floor":19,"turns":2},{"damage":8,"enemies":"Chosen and Byrds","floor":20,"turns":3},{"damage":12,"enemies":"Snecko","floor":21,"turns":4},{"damage":0,"enemies":"Shelled Parasite and Fungi","floor":22,"turns":1},{"damage":15,"enemies":"Centurion and Healer","floor":24,"turns":3},{"damage":23,"enemies":"Book of Stabbing","floor":25,"turns":3},{"damage":8,"enemies":"3 Cultists","floor":28,"turns":4},{"damage":11,"enemies":"Cultist and Chosen","floor":29,"turns":3},{"damage":37,"enemies":"Slavers","floor":30,"turns":3},{"damage":9,"enemies":"Collector","floor":33,"turns":5},{"damage":17,"enemies":"3 Darklings","floor":35,"turns":4},{"damage":12,"enemies":"Orb Walker","floor":36,"turns":2},{"damage":34,"enemies":"Writhing Mass","floor":37,"turns":4},{"damage":8,"enemies":"Reptomancer","floor":41,"turns":3},{"damage":4,"enemies":"Transient","floor":44,"turns":5},{"damage":14,"enemies":"Maw","floor":45,"turns":3},{"damage":15,"enemies":"Nemesis","floor":46,"turns":3},{"damage":1,"enemies":"Sphere and 2 Shapes","floor":48,"turns":2},{"damage":59,"enemies":"Donu and Deca","floor":50,"turns":4}],"seed_played":"-3194052516542709999","potions_obtained":[{"floor":1,"key":"Dexterity Potion"},{"floor":4,"key":"FearPotion"},{"floor":5,"key":"GamblersBrew"},{"floor":16,"key":"Energy Potion"},{"floor":25,"key":"Ancient Potion"},{"floor":30,"key":"Regen Potion"},{"floor":33,"key":"Weak Potion"},{"floor":36,"key":"GamblersBrew"},{"floor":44,"key":"EssenceOfSteel"}],"is_trial":false,"path_per_floor":["M","?","M","M","M","R","?","E","T","$","M","R","E","M","R","B",null,"M","M","M","M","M","R","M","E","T","R","M","M","E","?","R","B",null,"M","M","M","$","?","R","E","?","T","M","M","E","?","M","R","B"],"character_chosen":"IRONCLAD","items_purchased":["Uppercut+1","Evolve","Double Tap","Ice Cream"],"campfire_rested":3,"item_purchase_floors":[10,10,38,38],"current_hp_per_floor":[51,56,61,61,67,67,67,51,51,51,54,54,60,59,59,45,80,67,73,71,65,71,71,62,45,45,45,43,38,7,7,31,42,80,69,63,35,35,35,59,57,47,47,49,41,32,27,32,56,0,0],"gold":134,"neow_bonus":"RANDOM_COLORLESS_2","is_daily":false,"chose_seed":false,"campfire_upgraded":5,"win_rate":0.0,"timestamp":1608572066,"path_taken":["M","?","?","M","M","R","?","E","T","$","M","R","E","M","R","BOSS","M","M","M","M","M","R","M","E","T","R","M","M","E","?","R","BOSS","M","M","M","$","?","R","E","?","T","M","M","E","?","M","R","BOSS"],"items_purchased_type":["Card","Card","Card","Relic"],"build_version":"2020-12-13","purchased_purges":1,"victory":false,"max_hp_per_floor":[80,80,80,80,80,80,80,80,80,80,80,80,80,80,80,80,80,80,80,80,80,80,80,80,80,80,80,80,80,80,80,80,80,80,80,80,80,80,80,80,80,80,80,80,80,80,80,80,80,80,80],"card_choices":[{"not_picked":["Apotheosis","Transmutation"],"picked":"Panache","floor":0},{"not_picked":["Heavy Blade","Second Wind"],"picked":"Havoc","floor":1},{"not_picked":["Iron Wave","Whirlwind"],"picked":"Rage","floor":3},{"not_picked":["Twin Strike","Warcry"],"picked":"Infernal Blade","floor":4},{"not_picked":["Body Slam","Pommel Strike"],"picked":"Burning Pact","floor":5},{"not_picked":["Intimidate","Pommel Strike"],"picked":"Battle Trance","floor":8},{"not_picked":["Shrug It Off","Warcry"],"picked":"Clash+1","floor":11},{"not_picked":["Uppercut+1","Fire Breathing"],"picked":"Reckless Charge+1","floor":11},{"not_picked":["Feel No Pain","Juggernaut"],"picked":"Perfected Strike+1","floor":13},{"not_picked":["Rampage+1","Fire Breathing"],"picked":"Pommel Strike+1","floor":14},{"not_picked":["Anger+1","Dual Wield"],"picked":"Clash+1","floor":14},{"not_picked":["Reaper+1","Feed+1"],"picked":"Brutality","floor":16},{"not_picked":["Whirlwind+1","Warcry+1"],"picked":"Sentinel","floor":18},{"not_picked":["Second Wind+1","Havoc"],"picked":"Pommel Strike+1","floor":18},{"not_picked":["Flex","Dark Embrace"],"picked":"Anger+1","floor":19},{"not_picked":["Anger+1","Reaper+1"],"picked":"Infernal Blade+1","floor":19},{"not_picked":["Feel No Pain","Cleave+1"],"picked":"Twin Strike+1","floor":20},{"not_picked":["Thunderclap+1","Blood for Blood+1"],"picked":"Inflame","floor":20},{"not_picked":["Combust","Disarm"],"picked":"Twin Strike+1","floor":21},{"not_picked":["Havoc","Armaments","Carnage+1"],"picked":"SKIP","floor":21},{"not_picked":["Second Wind","Searing Blow+1"],"picked":"Wild Strike+1","floor":22},{"not_picked":["Ghostly Armor","True Grit"],"picked":"Warcry+1","floor":22},{"not_picked":["Heavy Blade+1","Body Slam+1"],"picked":"Warcry","floor":24},{"not_picked":["Burning Pact","Barricade"],"picked":"Perfected Strike+1","floor":24},{"not_picked":["Pummel+1","Ghostly Armor"],"picked":"Flex+1","floor":25},{"not_picked":["Flex","Thunderclap+1"],"picked":"Battle Trance","floor":28},{"not_picked":["Shrug It Off","True Grit"],"picked":"Flex+1","floor":28},{"not_picked":["Hemokinesis+1","Wild Strike+1"],"picked":"Exhume","floor":29},{"not_picked":["Cleave+1","Rampage+1","Iron Wave+1"],"picked":"SKIP","floor":29},{"not_picked":["Iron Wave+1","Feed+1"],"picked":"Headbutt+1","floor":30},{"not_picked":["Berserk","Demon Form"],"picked":"Exhume","floor":33},{"not_picked":["Headbutt+1","Dropkick+1"],"picked":"Twin Strike+1","floor":35},{"not_picked":["Metallicize+1","Iron Wave+1"],"picked":"Anger+1","floor":35},{"not_picked":["Shrug It Off","Blood for Blood+1"],"picked":"Havoc+1","floor":36},{"not_picked":["Ghostly Armor+1","Havoc"],"picked":"Dropkick+1","floor":36},{"not_picked":["Fiend Fire+1","Spot Weakness+1"],"picked":"Pommel Strike+1","floor":37},{"not_picked":["Cleave+1","Body Slam+1"],"picked":"Perfected Strike+1","floor":37},{"not_picked":["Thunderclap+1","Iron Wave+1"],"picked":"Wild Strike+1","floor":41},{"not_picked":["Shrug It Off","Entrench+1"],"picked":"Perfected Strike+1","floor":44},{"not_picked":["Havoc","Iron Wave+1","Clothesline+1"],"picked":"SKIP","floor":44},{"not_picked":["Immolate+1","Shrug It Off"],"picked":"Disarm+1","floor":45},{"not_picked":["Battle Trance","Thunderclap+1","Sever Soul+1"],"picked":"SKIP","floor":45},{"not_picked":["Heavy Blade+1","Combust"],"picked":"Disarm+1","floor":46},{"not_picked":["Trip","The Bomb"],"picked":"Flash of Steel+1","floor":47},{"not_picked":["Trip","Dark Shackles"],"picked":"Master of Strategy","floor":47},{"not_picked":["Clothesline+1","Havoc+1"],"picked":"Anger+1","floor":48},{"not_picked":["Iron Wave+1","Clothesline+1","Combust+1"],"picked":"SKIP","floor":48},{"not_picked":["Rage+1","Cleave+1"],"picked":"Perfected Strike+1","floor":49}],"player_experience":32373,"relics_obtained":[{"floor":8,"key":"Prayer Wheel"},{"floor":9,"key":"Molten Egg 2"},{"floor":13,"key":"HornCleat"},{"floor":25,"key":"Red Skull"},{"floor":26,"key":"Potion Belt"},{"floor":30,"key":"Bottled Tornado"},{"floor":41,"key":"Happy Flower"},{"floor":43,"key":"Sundial"},{"floor":46,"key":"Dream Catcher"}],"event_choices":[{"cards_removed":["Havoc"],"damage_healed":5,"gold_gain":0,"player_choice":"Offered Common","damage_taken":0,"max_hp_gain":0,"max_hp_loss":0,"event_name":"Bonfire Elementals","floor":2,"gold_loss":0},{"cards_removed":["Havoc"],"damage_healed":5,"gold_gain":0,"player_choice":"Offered Special","damage_taken":0,"max_hp_gain":0,"max_hp_loss":0,"event_name":"Bonfire Elementals","floor":2,"gold_loss":0},{"damage_healed":0,"gold_gain":0,"player_choice":"Rummage","damage_taken":0,"relics_obtained":["WarpedTongs"],"max_hp_gain":0,"max_hp_loss":0,"event_name":"Accursed Blacksmith","floor":7,"gold_loss":0,"cards_obtained":["Pain"]},{"damage_healed":0,"gold_gain":0,"player_choice":"Trade","damage_taken":0,"relics_obtained":["CultistMask"],"max_hp_gain":0,"max_hp_loss":0,"event_name":"FaceTrader","floor":31,"gold_loss":0},{"damage_healed":0,"gold_gain":0,"player_choice":"Ignored","damage_taken":0,"max_hp_gain":0,"max_hp_loss":0,"event_name":"The Moai Head","floor":39,"gold_loss":0},{"damage_healed":0,"gold_gain":0,"player_choice":"Embrace Madness","damage_taken":10,"max_hp_gain":0,"max_hp_loss":0,"event_name":"Winding Halls","floor":42,"gold_loss":0,"cards_obtained":["Madness","Madness"]},{"damage_healed":0,"gold_gain":0,"player_choice":"Memory 2","damage_taken":5,"max_hp_gain":0,"max_hp_loss":0,"event_name":"SensoryStone","floor":47,"gold_loss":0}],"is_beta":false,"boss_relics":[{"not_picked":["Calling Bell","Coffee Dripper"],"picked":"Philosopher\u0027s Stone"},{"not_picked":["Runic Dome","Astrolabe"],"picked":"SacredBark"}],"items_purged_floors":[10],"is_endless":false,"potions_floor_spawned":[1,4,5,13,16,18,25,28,30,33,36,44],"killed_by":"Donu and Deca","ascension_level":1}}