{"host":"6wux4armhsntp4yb","time":1608519769,"event":{"mods":["BaseMod","Colored Map","DeckTracker","Minty Spire (QoL Compilation)","Relic Stats"],"gold_per_floor":[112,112,37,37,49,49,60,89,89,89,121,136,136,161,161,240,240,253,253,253,193,113,148,148,182,182,196,228,245,270,270,270,345,345,357,382,382,200,210,210,242,242,242,270,281,100,118,136,136,136,136,136,136,2,30,30],"floor_reached":57,"playtime":4491,"items_purged":["Strike_G","Strike_G"],"score":3108,"play_id":"34a65aa2-a612-47a0-9042-73585dc49165","local_time":"20201221120249","is_ascension_mode":true,"campfire_choices":[{"floor":6.0,"key":"REST"},{"data":"Catalyst","floor":10.0,"key":"SMITH"},{"data":"Cloak And Dagger","floor":15.0,"key":"SMITH"},{"data":"Flechettes","floor":32.0,"key":"SMITH"},{"floor":40.0,"key":"RECALL"}],"circlet_count":0,"master_deck":["AscendersBane","Defend_G","Defend_G","Defend_G","Defend_G","Defend_G","Survivor","Neutralize+1","Slice","Cloak And Dagger+1","Poisoned Stab","Flechettes+1","Deadly Poison+1","Catalyst+1","Blade Dance+1","Deadly Poison+1","Backflip+1","Night Terror+1","Deflect+1","Ghostly+1","Ghostly+1","Ghostly+1","Venomology+1","Cloak And Dagger+1","Finisher+1","PiercingWail+1","Cloak And Dagger+1","Blur+1","After Image","Dodge and Roll+1","Madness+1","Madness+1","Well Laid Plans","Deep Breath+1","Prepared+1","Infinite Blades","Backflip+1","PiercingWail+1","Well Laid Plans","Night Terror+1"],"relics":["Ring of the Snake","Dream Catcher","Snake Skull","Kunai","Toxic Egg 2","The Courier","Coffee Dripper","Eternal Feather","Singing Bowl","Molten Egg 2","Centennial Puzzle","Pantograph","Fusion Hammer","Bird Faced Urn","Nunchaku","Oddly Smooth Stone","Vajra","Boot"],"acts_visited":["Exordium","TheCity","TheBeyond","TheEnding"],"potions_floor_usage":[56,56],"damage_taken":[{"damage":3.0,"enemies":"Cultist","floor":1.0,"turns":6.0},{"damage":9.0,"enemies":"Small Slimes","floor":5.0,"turns":4.0},{"damage":1.0,"enemies":"2 Louse","floor":7.0,"turns":3.0},{"damage":13.0,"enemies":"Lagavulin","floor":8.0,"turns":4.0},{"damage":22.0,"enemies":"3 Sentries","floor":11.0,"turns":14.0},{"damage":2.0,"enemies":"Blue Slaver","floor":12.0,"turns":3.0},{"damage":28.0,"enemies":"Gremlin Nob","floor":14.0,"turns":4.0},{"damage":1.0,"enemies":"Hexaghost","floor":16.0,"turns":7.0},{"damage":0.0,"enemies":"3 Byrds","floor":18.0,"turns":5.0},{"damage":0.0,"enemies":"Book of Stabbing","floor":23.0,"turns":7.0},{"damage":0.0,"enemies":"Slavers","floor":25.0,"turns":5.0},{"damage":0.0,"enemies":"Spheric Guardian","floor":27.0,"turns":6.0},{"damage":25.0,"enemies":"Gremlin Leader","floor":28.0,"turns":5.0},{"damage":0.0,"enemies":"Centurion and Healer","floor":29.0,"turns":10.0},{"damage":7.0,"enemies":"Slavers","floor":30.0,"turns":7.0},{"damage":15.0,"enemies":"Collector","floor":33.0,"turns":12.0},{"damage":0.0,"enemies":"3 Darklings","floor":35.0,"turns":9.0},{"damage":0.0,"enemies":"Mind Bloom Boss Battle","floor":36.0,"turns":5.0},{"damage":0.0,"enemies":"3 Shapes","floor":39.0,"turns":5.0},{"damage":3.0,"enemies":"Nemesis","floor":41.0,"turns":5.0},{"damage":0.0,"enemies":"Reptomancer","floor":44.0,"turns":7.0},{"damage":0.0,"enemies":"Jaw Worm Horde","floor":45.0,"turns":6.0},{"damage":0.0,"enemies":"Maw","floor":47.0,"turns":10.0},{"damage":3.0,"enemies":"Spire Growth","floor":48.0,"turns":7.0},{"damage":4.0,"enemies":"Time Eater","floor":50.0,"turns":7.0},{"damage":0.0,"enemies":"Awakened One","floor":51.0,"turns":20.0},{"damage":19.0,"enemies":"Shield and Spear","floor":55.0,"turns":8.0},{"damage":15,"enemies":"The Heart","floor":56,"turns":16}],"seed_played":"-6840296902383436404","potions_obtained":[{"floor":5.0,"key":"EntropicBrew"},{"floor":7.0,"key":"Dexterity Potion"},{"floor":11.0,"key":"FairyPotion"},{"floor":16.0,"key":"SteroidPotion"},{"floor":25.0,"key":"PowerPotion"},{"floor":28.0,"key":"Energy Potion"},{"floor":29.0,"key":"PowerPotion"},{"floor":33.0,"key":"Strength Potion"},{"floor":39.0,"key":"DuplicationPotion"},{"floor":48.0,"key":"Dexterity Potion"},{"floor":55.0,"key":"LiquidMemories"}],"is_trial":false,"path_per_floor":["M","?","?","?","M","R","M","E","T","R","E","M","?","E","R","B",null,"M","?","?","$","$","E","?","E","T","M","E","M","E","?","R","B",null,"M","?","?","$","M","R","E","R","T","E","M","$","M","M","R","B","B",null,"R","$","E","B",null],"character_chosen":"THE_SILENT","items_purchased":["Well Laid Plans","Deep Breath+1","Prepared+1","Well Laid Plans","Night Terror+1","Vajra"],"campfire_rested":1,"item_purchase_floors":[38,38,38,46,46,54],"current_hp_per_floor":[56,56,56,45,36,55,54,41,41,41,19,17,17,19,19,18,54,54,54,33,33,33,33,33,33,33,33,8,8,16,16,31,18,29,29,35,29,29,35,37,34,37,37,37,37,37,39,40,41,39,41,41,41,41,43,29],"gold":30,"neow_bonus":"UPGRADE_CARD","is_daily":false,"chose_seed":false,"campfire_upgraded":3,"win_rate":0.0,"timestamp":1608519769,"path_taken":["M","?","?","?","M","R","M","E","T","R","E","M","?","E","R","BOSS","M","?","?","?","$","E","?","E","T","?","E","?","E","?","R","BOSS","M","?","?","?","M","R","E","R","T","E","M","$","?","M","R","BOSS","BOSS","R","$","E","BOSS"],"items_purchased_type":["Card","Card","Card","Card","Card","Relic"],"build_version":"2020-12-13","purchased_purges":2,"victory":true,"max_hp_per_floor":[66,66,66,66,66,66,66,66,66,66,66,66,66,66,66,66,66,66,66,33,33,33,33,33,33,33,33,33,33,33,33,33,33,33,33,35,35,35,37,37,37,37,37,37,37,37,39,41,41,41,41,41,41,41,43,43],"relic_stats":{"Singing Bowl":10,"counters":[28,207],"Eternal Feather":21,"Snake Skull":[127],"Boot":[6],"Dream Catcher":1,"Centennial Puzzle":[21],"Nunchaku":[25],"Pantograph":8,"Bird Faced Urn":[17],"Kunai":[138],"obtain_stats":[{"Singing Bowl":25,"Oddly Smooth Stone":44,"Vajra":54,"Eternal Feather":23,"Snake Skull":8,"The Courier":14,"Boot":55,"Dream Catcher":4,"Centennial Puzzle":28,"Nunchaku":41,"Pantograph":30,"Bird Faced Urn":36,"Molten Egg 2":26,"Fusion Hammer":34,"Coffee Dripper":17,"Kunai":9,"Toxic Egg 2":11,"Ring of the Snake":0},{"Singing Bowl":11,"Oddly Smooth Stone":21,"Vajra":26,"Eternal Feather":10,"Snake Skull":4,"The Courier":7,"Boot":27,"Dream Catcher":1,"Centennial Puzzle":13,"Nunchaku":20,"Pantograph":15,"Bird Faced Urn":18,"Molten Egg 2":11,"Fusion Hammer":16,"Coffee Dripper":8,"Kunai":4,"Toxic Egg 2":5,"Ring of the Snake":0},{"Singing Bowl":62,"Oddly Smooth Stone":133,"Vajra":183,"Eternal Feather":57,"Snake Skull":17,"The Courier":38,"Boot":191,"Dream Catcher":6,"Centennial Puzzle":73,"Nunchaku":126,"Pantograph":90,"Bird Faced Urn":116,"Molten Egg 2":62,"Fusion Hammer":102,"Coffee Dripper":45,"Kunai":17,"Toxic Egg 2":31,"Ring of the Snake":0}],"Ring of the Snake":[56]},"card_choices":[{"not_picked":["Quick Slash","Underhanded Strike"],"picked":"Slice","floor":1.0},{"not_picked":["Slice","Tactician"],"picked":"Poisoned Stab","floor":5.0},{"not_picked":["Poisoned Stab","Bane"],"picked":"Flechettes","floor":6.0},{"not_picked":["Prepared","Slice"],"picked":"Deadly Poison","floor":7.0},{"not_picked":["Distraction","Concentrate"],"picked":"Catalyst","floor":8.0},{"not_picked":["Night Terror+1","Finisher"],"picked":"Blade Dance+1","floor":11.0},{"not_picked":["Outmaneuver+1","Poisoned Stab"],"picked":"Deadly Poison+1","floor":12.0},{"not_picked":["Distraction+1","Underhanded Strike"],"picked":"Backflip+1","floor":14.0},{"not_picked":["Wraith Form v2","Die Die Die"],"picked":"Night Terror+1","floor":16.0},{"not_picked":["Slice","Bane"],"picked":"Deflect+1","floor":18.0},{"not_picked":["Infinite Blades","Heel Hook"],"picked":"Venomology+1","floor":23.0},{"not_picked":["Slice","Calculated Gamble+1"],"picked":"Cloak And Dagger+1","floor":25.0},{"not_picked":["Deadly Poison+1","Deflect+1"],"picked":"Finisher+1","floor":27.0},{"not_picked":["Distraction+1","Cloak And Dagger+1"],"picked":"PiercingWail+1","floor":28.0},{"not_picked":["Underhanded Strike+1","Dagger Throw+1"],"picked":"Cloak And Dagger+1","floor":29.0},{"not_picked":["Malaise+1","Flying Knee+1"],"picked":"Blur+1","floor":30.0},{"not_picked":["Corpse Explosion+1","Glass Knife+1"],"picked":"After Image","floor":33.0},{"not_picked":["Expertise+1","Distraction+1"],"picked":"Dodge and Roll+1","floor":35.0},{"not_picked":["Skewer+1","Predator+1","Deadly Poison+1"],"picked":"Singing Bowl","floor":36.0},{"not_picked":["Bane+1","Blade Dance+1","Outmaneuver+1"],"picked":"Singing Bowl","floor":39.0},{"not_picked":["Backstab+1","Tactician+1"],"picked":"Infinite Blades","floor":41.0},{"not_picked":["Phantasmal Killer+1","Prepared+1"],"picked":"Backflip+1","floor":44.0},{"not_picked":["Dagger Spray+1","Poisoned Stab+1"],"picked":"PiercingWail+1","floor":45.0},{"not_picked":["Outmaneuver+1","Deadly Poison+1","Deflect+1"],"picked":"Singing Bowl","floor":47.0},{"not_picked":["Setup+1","Riddle With Holes+1","Flechettes+1"],"picked":"Singing Bowl","floor":48.0},{"not_picked":["Flying Knee+1","Bane+1","Dagger Spray+1"],"picked":"Singing Bowl","floor":55.0}],"player_experience":5669346,"relics_obtained":[{"floor":8.0,"key":"Snake Skull"},{"floor":9.0,"key":"Kunai"},{"floor":11.0,"key":"Toxic Egg 2"},{"floor":14.0,"key":"The Courier"},{"floor":23.0,"key":"Eternal Feather"},{"floor":25.0,"key":"Singing Bowl"},{"floor":26.0,"key":"Molten Egg 2"},{"floor":28.0,"key":"Centennial Puzzle"},{"floor":30.0,"key":"Pantograph"},{"floor":36.0,"key":"Bird Faced Urn"},{"floor":41.0,"key":"Nunchaku"},{"floor":44.0,"key":"Oddly Smooth Stone"},{"floor":55.0,"key":"Boot"}],"event_choices":[{"damage_healed":0.0,"max_hp_gain":0.0,"max_hp_loss":0.0,"gold_gain":0.0,"cards_transformed":["Strike_G"],"event_name":"Living Wall","player_choice":"Change","floor":2.0,"gold_loss":0.0,"damage_taken":0.0,"cards_obtained":["Cloak And Dagger"]},{"cards_removed":["Strike_G"],"damage_healed":0.0,"max_hp_gain":0.0,"max_hp_loss":0.0,"gold_gain":0.0,"event_name":"The Cleric","player_choice":"Card Removal","floor":3.0,"gold_loss":75.0,"damage_taken":0.0},{"damage_healed":0.0,"max_hp_gain":0.0,"max_hp_loss":0.0,"gold_gain":0.0,"event_name":"Scrap Ooze","player_choice":"Success","floor":4.0,"gold_loss":0.0,"damage_taken":11.0,"relics_obtained":["Dream Catcher"]},{"damage_healed":0.0,"max_hp_gain":0.0,"max_hp_loss":0.0,"gold_gain":0.0,"event_name":"Liars Game","player_choice":"Ignored","floor":13.0,"gold_loss":0.0,"damage_taken":0.0},{"damage_healed":0.0,"max_hp_gain":0.0,"max_hp_loss":0.0,"gold_gain":0.0,"event_name":"Cursed Tome","player_choice":"Ignored","floor":19.0,"gold_loss":0.0,"damage_taken":0.0},{"damage_healed":0.0,"max_hp_gain":0.0,"max_hp_loss":33.0,"gold_gain":0.0,"event_name":"Ghosts","player_choice":"Became a Ghost","floor":20.0,"gold_loss":0.0,"damage_taken":0.0,"cards_obtained":["Ghostly","Ghostly","Ghostly"]},{"cards_removed":["Strike_G"],"damage_healed":0.0,"max_hp_gain":0.0,"max_hp_loss":0.0,"gold_gain":0.0,"event_name":"Bonfire Elementals","player_choice":"Offered Basic","floor":24.0,"gold_loss":0.0,"damage_taken":0.0},{"damage_healed":0.0,"max_hp_gain":0.0,"max_hp_loss":0.0,"gold_gain":0.0,"event_name":"Accursed Blacksmith","player_choice":"Forge","floor":31.0,"gold_loss":0.0,"damage_taken":0.0,"cards_upgraded":["Deadly Poison"]},{"damage_healed":0.0,"max_hp_gain":0.0,"max_hp_loss":0.0,"gold_gain":0.0,"event_name":"MindBloom","player_choice":"Fight","floor":36.0,"gold_loss":0.0,"damage_taken":0.0},{"damage_healed":0.0,"max_hp_gain":0.0,"max_hp_loss":0.0,"gold_gain":0.0,"event_name":"Winding Halls","player_choice":"Embrace Madness","floor":37.0,"gold_loss":0.0,"damage_taken":6.0,"cards_obtained":["Madness","Madness"]}],"is_beta":false,"boss_relics":[{"not_picked":["Philosopher\u0027s Stone","Empty Cage"],"picked":"Coffee Dripper"},{"not_picked":["WristBlade","Ring of the Serpent"],"picked":"Fusion Hammer"}],"items_purged_floors":[21,22],"is_endless":false,"potions_floor_spawned":[5,7,11,16,25,28,29,33,39,45,47,48,55],"ascension_level":20}}