{"host":"3jpwrwmmgyabjceh","time":1608548417,"event":{"mods":["AchievementEnabler","BaseMod","Colored Map","Colored Powertips","Highlight Path","Minty Spire (QoL Compilation)","StSLib"],"gold_per_floor":[117,127,138,88,98,98,98,50,74,74,107,34,52,71,71,175,175,188,208,208,31,31,31,84,96,96,96,106,6,16,16,16,117,117,128,3,53,67,84,84,103,130,130,130,130],"floor_reached":44,"playtime":2299,"items_purged":["Regret","Decay","Injury"],"score":462,"play_id":"8544faef-2251-4911-8ec7-ea2ba6344822","local_time":"20201221140017","is_ascension_mode":true,"campfire_choices":[{"data":"Eruption","floor":6,"key":"SMITH"},{"data":"ClearTheMind","floor":10,"key":"SMITH"},{"floor":15,"key":"REST"},{"data":"Fasting2","floor":23,"key":"SMITH"},{"data":"Crescendo","floor":27,"key":"SMITH"},{"floor":32,"key":"REST"},{"floor":40,"key":"REST"}],"circlet_count":0,"master_deck":["Strike_P+1","Strike_P","Defend_P+1","Defend_P","Defend_P","Defend_P","Eruption+1","Vigilance","InnerPeace","SandsOfTime+1","EmptyBody+1","FlurryOfBlows","ClearTheMind+1","TalkToTheHand+1","MentalFortress","Fasting2+1","Evaluate","LessonLearned+1","Perseverance+1","Prostrate","EmptyFist+1","Prostrate","Crescendo+1","Perseverance+1","LikeWater+1","J.A.X.","Ragnarok+1","Crescendo+1","ClearTheMind","EmptyBody+1","Shame"],"relics":["PureWater","NeowsBlessing","Bag of Preparation","Juzu Bracelet","Molten Egg 2","Cursed Key","Strawberry","Matryoshka","Philosopher\u0027s Stone","Pocketwatch","Ancient Tea Set","Boot"],"acts_visited":["Exordium","TheCity","TheBeyond"],"potions_floor_usage":[11,16,33,39],"damage_taken":[{"damage":0,"enemies":"2 Louse","floor":1,"turns":1},{"damage":0,"enemies":"Jaw Worm","floor":2,"turns":1},{"damage":0,"enemies":"Small Slimes","floor":3,"turns":2},{"damage":4,"enemies":"Blue Slaver","floor":5,"turns":3},{"damage":29,"enemies":"3 Sentries","floor":11,"turns":10},{"damage":5,"enemies":"Exordium Wildlife","floor":13,"turns":4},{"damage":0,"enemies":"Looter","floor":14,"turns":2},{"damage":31,"enemies":"Hexaghost","floor":16,"turns":9},{"damage":17,"enemies":"2 Thieves","floor":18,"turns":4},{"damage":17,"enemies":"3 Byrds","floor":19,"turns":5},{"damage":2,"enemies":"Snecko","floor":25,"turns":4},{"damage":0,"enemies":"Snake Plant","floor":28,"turns":4},{"damage":3,"enemies":"Chosen and Byrds","floor":30,"turns":6},{"damage":33,"enemies":"Collector","floor":33,"turns":11},{"damage":3,"enemies":"Orb Walker","floor":35,"turns":2},{"damage":27,"enemies":"Mind Bloom Boss Battle","floor":37,"turns":5},{"damage":15,"enemies":"3 Shapes","floor":38,"turns":4},{"damage":18,"enemies":"Jaw Worm Horde","floor":39,"turns":5},{"damage":29,"enemies":"4 Shapes","floor":41,"turns":5},{"damage":21,"enemies":"Nemesis","floor":42,"turns":7},{"damage":31,"enemies":"2 Orb Walkers","floor":44,"turns":3}],"seed_played":"-8510600125486923914","potions_obtained":[{"floor":3,"key":"PowerPotion"},{"floor":5,"key":"PowerPotion"},{"floor":13,"key":"Fire Potion"},{"floor":16,"key":"BottledMiracle"},{"floor":18,"key":"FairyPotion"},{"floor":33,"key":"StancePotion"},{"floor":35,"key":"Block Potion"},{"floor":39,"key":"SteroidPotion"}],"is_trial":false,"path_per_floor":["M","M","M","?","M","R","?","$","T","R","E","$","M","M","R","B",null,"M","M","?","$","?","R","T","M","T","R","M","$","M","?","R","B",null,"M","$","?","M","M","R","M","E","T","?"],"character_chosen":"WATCHER","items_purchased":["ClearTheMind","MentalFortress","EmptyFist+1","Prostrate"],"campfire_rested":3,"item_purchase_floors":[8,12,21,21],"current_hp_per_floor":[72,72,72,72,68,68,68,68,68,68,39,39,34,34,55,24,72,55,38,25,25,25,25,32,30,30,30,30,30,27,27,52,19,84,81,81,54,39,21,46,17,25,25,0,0],"gold":130,"neow_bonus":"THREE_ENEMY_KILL","is_daily":false,"chose_seed":false,"campfire_upgraded":4,"win_rate":0.0,"timestamp":1608548417,"path_taken":["M","M","M","?","M","R","?","?","T","R","E","$","M","M","R","BOSS","M","M","?","$","?","R","?","M","T","R","M","$","M","?","R","BOSS","M","$","?","M","M","R","M","E","T","?"],"items_purchased_type":["Card","Card","Card","Card"],"build_version":"2020-12-13","purchased_purges":3,"victory":false,"max_hp_per_floor":[72,72,72,72,72,72,72,72,72,72,72,72,72,72,72,72,72,72,72,77,77,77,77,84,84,84,84,84,84,84,84,84,84,84,84,84,84,84,84,84,84,84,84,84,84],"card_choices":[{"not_picked":["Protect","Vengeance"],"picked":"InnerPeace","floor":1},{"not_picked":["BowlingBash","CutThroughFate"],"picked":"SandsOfTime","floor":2},{"not_picked":["Protect","Halt"],"picked":"EmptyBody","floor":3},{"not_picked":["FearNoEvil","DeceiveReality"],"picked":"FlurryOfBlows","floor":5},{"not_picked":["BowlingBash+1","Crescendo"],"picked":"TalkToTheHand+1","floor":11},{"not_picked":["Vengeance","Collect"],"picked":"Fasting2","floor":13},{"not_picked":["CutThroughFate+1","Judgement"],"picked":"Evaluate","floor":14},{"not_picked":["DeusExMachina","ConjureBlade"],"picked":"LessonLearned+1","floor":16},{"not_picked":["FollowUp+1","Weave+1"],"picked":"Perseverance+1","floor":18},{"not_picked":["Perseverance","BattleHymn"],"picked":"Prostrate","floor":19},{"not_picked":["CarveReality+1","EmptyFist+1"],"picked":"Crescendo","floor":25},{"not_picked":["CutThroughFate+1","Tantrum+1"],"picked":"Perseverance","floor":28},{"not_picked":["CrushJoints+1","JustLucky+1"],"picked":"LikeWater+1","floor":30},{"not_picked":["LessonLearned+1","Alpha"],"picked":"Ragnarok+1","floor":33},{"not_picked":["WreathOfFlame+1","WindmillStrike+1"],"picked":"Crescendo+1","floor":35},{"not_picked":["Protect+1","FlyingSleeves+1"],"picked":"ClearTheMind","floor":38},{"not_picked":["Wallop+1","Protect+1","PathToVictory"],"picked":"SKIP","floor":39},{"not_picked":["Crescendo+1","Alpha"],"picked":"EmptyBody+1","floor":41},{"not_picked":["FlyingSleeves+1","InnerPeace+1","CutThroughFate+1"],"picked":"SKIP","floor":42}],"player_experience":241031,"relics_obtained":[{"floor":9,"key":"Juzu Bracelet"},{"floor":11,"key":"Molten Egg 2"},{"floor":24,"key":"Strawberry"},{"floor":26,"key":"Matryoshka"},{"floor":37,"key":"Pocketwatch"},{"floor":42,"key":"Ancient Tea Set"},{"floor":43,"key":"Boot"}],"event_choices":[{"cards_removed":["Strike_P"],"damage_healed":0,"gold_gain":0,"player_choice":"Card Removal","damage_taken":0,"max_hp_gain":0,"max_hp_loss":0,"event_name":"The Cleric","floor":4,"gold_loss":50},{"damage_healed":0,"gold_gain":0,"player_choice":"Box","damage_taken":0,"relics_obtained":["Bag of Preparation"],"max_hp_gain":0,"max_hp_loss":0,"event_name":"Big Fish","floor":7,"gold_loss":0,"cards_obtained":["Regret"]},{"damage_healed":0,"gold_gain":0,"player_choice":"Shed Blood","damage_taken":18,"max_hp_gain":5,"max_hp_loss":0,"event_name":"Forgotten Altar","floor":20,"gold_loss":0},{"cards_removed":["Strike_P"],"damage_healed":0,"gold_gain":0,"player_choice":"Elegance","damage_taken":0,"max_hp_gain":0,"max_hp_loss":0,"event_name":"Back to Basics","floor":22,"gold_loss":0},{"damage_healed":0,"gold_gain":0,"player_choice":"Obtain J.A.X.","damage_taken":0,"max_hp_gain":0,"max_hp_loss":0,"event_name":"Drug Dealer","floor":31,"gold_loss":0,"cards_obtained":["J.A.X."]},{"damage_healed":0,"gold_gain":0,"player_choice":"Fight","damage_taken":0,"max_hp_gain":0,"max_hp_loss":0,"event_name":"MindBloom","floor":37,"gold_loss":0},{"damage_healed":0,"gold_gain":0,"player_choice":"Fight","damage_taken":0,"max_hp_gain":0,"max_hp_loss":0,"event_name":"Mysterious Sphere","floor":44,"gold_loss":0}],"is_beta":false,"boss_relics":[{"not_picked":["Astrolabe","SacredBark"],"picked":"Cursed Key"},{"not_picked":["Snecko Eye","Coffee Dripper"],"picked":"Philosopher\u0027s Stone"}],"items_purged_floors":[21,29,36],"is_endless":false,"potions_floor_spawned":[3,5,13,16,18,33,35,37,39,41],"killed_by":"2 Orb Walkers","ascension_level":1}}