{"host":"7o30bgpqouqblh42","time":1608566809,"event":{"mods":["AchievementEnabler","Aspiration","BaseMod","Colored Map","Downfall","Highlight Path","Hubris","Minty Spire (QoL Compilation)","StSLib","SuperFastMode"],"gold_per_floor":[99,110,121,121,121,46,100,118,148,73,73,91,1,21,38,136,136,61,77,77,89,89,106,106,126,157,157,157,175,191,96,110,110,110,110],"floor_reached":33,"playtime":2834,"items_purged":["Guardian:Strike_Guardian"],"score":271,"play_id":"86769310-e7ec-4a5a-9c92-a80d5100cae0","local_time":"20201221110649","is_ascension_mode":false,"campfire_choices":[{"data":"Guardian:TwinSlam","floor":1,"key":"SMITH"},{"floor":4,"key":"RECALL"},{"data":"Guardian:FloatingOrbs","floor":6,"key":"SMITH"},{"data":"Guardian:Orbwalk","floor":10,"key":"SMITH"},{"data":"Guardian:HyperBeam_Guardian","floor":18,"key":"SMITH"},{"data":"Guardian:TemporalStrike","floor":22,"key":"SMITH"},{"data":"Guardian:Preprogram","floor":27,"key":"SMITH"}],"circlet_count":0,"master_deck":["Guardian:Strike_Guardian+1","Guardian:Strike_Guardian+1","Guardian:Strike_Guardian+1","Guardian:Defend_Guardian+1","Guardian:Defend_Guardian+1","Guardian:Defend_Guardian+1","Guardian:Defend_Guardian+1","Guardian:CurlUp","Guardian:TwinSlam+1","Guardian:Orbwalk+1","Guardian:FloatingOrbs+1","Guardian:Preprogram+1","Guardian:DonusPower","Guardian:ShieldCharger","Guardian:BronzeOrb","Guardian:TemporalStrike+1","Guardian:HyperBeam_Guardian+1","Guardian:PolyBeam+1","Guardian:Preprogram","Guardian:MultiBeam","Guardian:Gem_Red","Guardian:HyperBeam_Guardian","Guardian:Gem_White"],"relics":["Guardian:ModeShifter","downfall:HeartBlessingRed","Bottled Lightning","downfall:HeartBlessingGreen","hubris:HollowSoul","downfall:HeartBlessingBlue","Pen Nib","hubris:CuriousFeather"],"acts_visited":["Exordium","TheCity"],"potions_floor_usage":[15,16,16,23,29],"damage_taken":[{"damage":3,"enemies":"Small Slimes","floor":2,"turns":3},{"damage":3,"enemies":"2 Louse","floor":3,"turns":3},{"damage":0,"enemies":"Cultist","floor":8,"turns":3},{"damage":31,"enemies":"3 Sentries","floor":9,"turns":9},{"damage":10,"enemies":"Gremlin Gang","floor":12,"turns":4},{"damage":0,"enemies":"downfall:FleeingMerchant","floor":13,"turns":4},{"damage":2,"enemies":"2 Fungi Beasts","floor":14,"turns":4},{"damage":3,"enemies":"Large Slime","floor":15,"turns":3},{"damage":2,"enemies":"downfall:Defect","floor":16,"turns":5},{"damage":0,"enemies":"Chosen","floor":19,"turns":2},{"damage":17,"enemies":"Spheric Guardian","floor":21,"turns":4},{"damage":0,"enemies":"3 Cultists","floor":23,"turns":1},{"damage":0,"enemies":"Cultist and Chosen","floor":25,"turns":3},{"damage":14,"enemies":"Book of Stabbing","floor":26,"turns":5},{"damage":0,"enemies":"Chosen and Byrds","floor":29,"turns":3},{"damage":0,"enemies":"3 Cultists","floor":30,"turns":3},{"damage":0,"enemies":"downfall:FleeingMerchant","floor":31,"turns":4},{"damage":12,"enemies":"Shelled Parasite and Fungi","floor":32,"turns":4},{"damage":24,"enemies":"downfall:Ironclad","floor":33,"turns":5}],"seed_played":"5986786012171377098","potions_obtained":[{"floor":9,"key":"SpeedPotion"},{"floor":11,"key":"Fire Potion"},{"floor":11,"key":"Guardian:StasisDiscoveryPotion"},{"floor":11,"key":"Dexterity Potion"},{"floor":15,"key":"FearPotion"},{"floor":21,"key":"LiquidMemories"},{"floor":26,"key":"Guardian:DefensiveModePotion"},{"floor":32,"key":"Swift Potion"}],"is_trial":false,"path_per_floor":["R","M","M","R","?","R","T","M","E","R","?","M","$","M","M","B",null,"R","M","?","M","R","M","T","M","E","R","?","M","M","$","M","B"],"character_chosen":"GUARDIAN","items_purchased":["Guardian:Gem_White"],"campfire_rested":0,"item_purchase_floors":[31],"current_hp_per_floor":[80,77,74,74,74,74,74,74,43,43,43,33,33,31,28,26,80,90,90,90,73,73,73,73,73,59,59,59,59,59,59,47,0,0,0],"gold":110,"neow_bonus":"THREE_RARE_CARDS","is_daily":false,"chose_seed":false,"campfire_upgraded":6,"win_rate":0.0,"timestamp":1608566809,"path_taken":["R","M","M","R","?","R","T","M","E","R","?","?","$","M","M","BOSS","R","?","?","M","R","M","T","M","E","R","?","?","?","$","M","BOSS"],"items_purchased_type":["Card"],"build_version":"2020-12-13","purchased_purges":1,"victory":false,"max_hp_per_floor":[80,80,80,80,80,80,80,80,80,80,80,80,80,80,80,80,80,90,90,90,90,90,90,90,90,90,90,90,90,90,90,90,90,90,90],"card_choices":[{"not_picked":["Guardian:StasisField","Guardian:Gem_Synthetic"],"picked":"Guardian:Gem_Orange","floor":0},{"not_picked":["Guardian:CrystalBeam","Guardian:Harden"],"picked":"Guardian:Orbwalk","floor":2},{"not_picked":["Guardian:PrismaticBarrier","Guardian:Gem_Cyan"],"picked":"Guardian:FloatingOrbs","floor":3},{"not_picked":["Guardian:Incinerate","Guardian:Repulse"],"picked":"Guardian:Preprogram","floor":8},{"not_picked":["Guardian:Suspension","Guardian:TemporalStrike"],"picked":"Guardian:DonusPower","floor":9},{"not_picked":["Guardian:Incinerate","Guardian:Recover"],"picked":"Guardian:ShieldCharger","floor":12},{"not_picked":["Guardian:BronzeArmor","Guardian:AncientConstruct"],"picked":"Guardian:Gem_Purple","floor":13},{"not_picked":["Guardian:DecasProtection","Guardian:Incinerate"],"picked":"Guardian:BronzeOrb","floor":14},{"not_picked":["Guardian:DecasProtection","Guardian:Emergency"],"picked":"Guardian:TemporalStrike","floor":15},{"not_picked":["Guardian:BaubleBeam","Guardian:TimeSifter"],"picked":"Guardian:HyperBeam_Guardian","floor":16},{"not_picked":["Guardian:FloatingOrbs","Guardian:Incinerate"],"picked":"Guardian:PolyBeam+1","floor":19},{"not_picked":["Guardian:ShieldCharger","Guardian:Incinerate"],"picked":"Guardian:Gem_White","floor":21},{"not_picked":["Guardian:EvasiveProtocol","Guardian:Planning"],"picked":"Guardian:Preprogram","floor":23},{"not_picked":["Guardian:PrismaticBeam","Guardian:ShieldCharger+1","Guardian:Gem_Lightblue"],"picked":"SKIP","floor":25},{"not_picked":["Guardian:DonusPower","Guardian:Gem_Green"],"picked":"Guardian:MultiBeam","floor":26},{"not_picked":["Guardian:ChargeCore","Guardian:WalkerClaw"],"picked":"Guardian:Gem_Red","floor":29},{"not_picked":["Guardian:GuardianWhirl","Guardian:Planning"],"picked":"Guardian:HyperBeam_Guardian","floor":30},{"not_picked":["Guardian:CrystalBeam","Guardian:ShieldSpikes","Guardian:VentSteam+1"],"picked":"SKIP","floor":31},{"not_picked":["Guardian:SpikerProtocol","Guardian:WalkerClaw","Guardian:Gem_Lightblue"],"picked":"SKIP","floor":32}],"player_experience":70990,"relics_obtained":[{"floor":9,"key":"Bottled Lightning"},{"floor":24,"key":"Pen Nib"},{"floor":26,"key":"hubris:CuriousFeather"}],"event_choices":[{"damage_healed":0,"gold_gain":0,"player_choice":"Got Potions","damage_taken":0,"max_hp_gain":0,"max_hp_loss":0,"event_name":"Lab","floor":11,"gold_loss":0},{"damage_healed":0,"gold_gain":0,"player_choice":"Simplicity","damage_taken":0,"max_hp_gain":0,"max_hp_loss":0,"event_name":"Back to Basics","floor":20,"gold_loss":0,"cards_upgraded":["Guardian:Strike_Guardian","Guardian:Strike_Guardian","Guardian:Strike_Guardian","Guardian:Defend_Guardian","Guardian:Defend_Guardian","Guardian:Defend_Guardian","Guardian:Defend_Guardian"]},{"cards_removed":["Strike_G"],"damage_healed":0,"gold_gain":0,"player_choice":"Took Card","damage_taken":0,"max_hp_gain":0,"max_hp_loss":0,"event_name":"NoteForYourself","floor":28,"gold_loss":0,"cards_obtained":["Strike_G"]}],"is_beta":false,"boss_relics":[{"not_picked":["SlaversCollar","Ectoplasm"],"picked":"hubris:HollowSoul"}],"items_purged_floors":[13],"is_endless":false,"potions_floor_spawned":[9,14,15,21,26,32],"killed_by":"downfall:Ironclad","ascension_level":0}}