{"host":"69rply1jf2d1wbmp","time":1608521797,"event":{"mods":["BaseMod","Minty Spire (QoL Compilation)","Quick Restart"],"gold_per_floor":[11,31,31,31,49,49,84,145,145,177,177,177,26,39,39,135,135,145,155,169,8,21,21,21,21,21,21,50,69,69,86,86,181,181,199,212,212,231,244,244,244,244],"floor_reached":41,"playtime":1303,"items_purged":["Strike_R"],"score":448,"play_id":"65fe3ffa-1c1a-4c57-99fc-be57c02ded13","local_time":"20201220223637","is_ascension_mode":false,"campfire_choices":[{"data":"Bash","floor":6,"key":"SMITH"},{"floor":11,"key":"REST"},{"data":"Anger","floor":15,"key":"SMITH"},{"floor":23,"key":"REST"},{"floor":27,"key":"RECALL"},{"floor":32,"key":"REST"},{"floor":40,"key":"REST"}],"circlet_count":0,"master_deck":["Strike_R","Strike_R","Strike_R","Strike_R","Defend_R","Defend_R","Defend_R","Defend_R","Bash+1","Combust+1","Anger+1","Double Tap","Cleave","Metallicize","Clumsy","Impervious","CurseOfTheBell","Ghostly Armor+1","Juggernaut","Writhe","Shrug It Off","Metallicize+1"],"relics":["Burning Blood","Shuriken","Blood Vial","Ancient Tea Set","Vajra","HandDrill","Cursed Key","MutagenicStrength","PreservedInsect","Turnip","Calling Bell","Nunchaku","Question Card","Prayer Wheel"],"acts_visited":["Exordium","TheCity","TheBeyond"],"potions_floor_usage":[7,8,20,22,33,39],"damage_taken":[{"damage":6,"enemies":"2 Louse","floor":1,"turns":3},{"damage":7,"enemies":"Small Slimes","floor":2,"turns":4},{"damage":2,"enemies":"Cultist","floor":5,"turns":3},{"damage":10,"enemies":"3 Sentries","floor":7,"turns":5},{"damage":25,"enemies":"3 Sentries","floor":8,"turns":5},{"damage":30,"enemies":"Gremlin Nob","floor":10,"turns":4},{"damage":0,"enemies":"Looter","floor":14,"turns":2},{"damage":84,"enemies":"The Guardian","floor":16,"turns":9},{"damage":21,"enemies":"2 Thieves","floor":18,"turns":4},{"damage":6,"enemies":"Chosen","floor":19,"turns":3},{"damage":18,"enemies":"Snecko","floor":20,"turns":4},{"damage":30,"enemies":"Sentry and Sphere","floor":22,"turns":6},{"damage":16,"enemies":"Slavers","floor":28,"turns":4},{"damage":20,"enemies":"Centurion and Healer","floor":29,"turns":5},{"damage":15,"enemies":"Cultist and Chosen","floor":31,"turns":6},{"damage":79,"enemies":"Champ","floor":33,"turns":7},{"damage":16,"enemies":"Orb Walker","floor":35,"turns":4},{"damage":29,"enemies":"3 Shapes","floor":36,"turns":7},{"damage":77,"enemies":"Maw","floor":38,"turns":9},{"damage":13,"enemies":"Transient","floor":39,"turns":5},{"damage":62,"enemies":"Giant Head","floor":41,"turns":7}],"seed_played":"7495609433672761219","potions_obtained":[{"floor":1,"key":"Ancient Potion"},{"floor":5,"key":"HeartOfIron"},{"floor":7,"key":"Fire Potion"},{"floor":14,"key":"Swift Potion"},{"floor":19,"key":"AttackPotion"},{"floor":28,"key":"Strength Potion"},{"floor":30,"key":"PowerPotion"},{"floor":30,"key":"PowerPotion"},{"floor":35,"key":"Ancient Potion"}],"is_trial":false,"path_per_floor":["M","M","?","?","M","R","E","?","T","E","R","?","$","M","R","B",null,"M","M","M","$","M","R","$","?","T","R","E","M","?","M","R","B",null,"M","M","?","M","M","R","E"],"character_chosen":"IRONCLAD","items_purchased":["HandDrill","Metallicize","Block Potion"],"campfire_rested":4,"item_purchase_floors":[13,21,21],"current_hp_per_floor":[96,95,95,96,96,96,92,73,73,51,79,84,84,92,92,16,101,86,88,78,78,56,86,86,86,86,86,78,66,66,59,89,18,101,91,70,95,26,21,51,0,0],"gold":244,"neow_bonus":"TWENTY_PERCENT_HP_BONUS","is_daily":false,"chose_seed":false,"campfire_upgraded":2,"win_rate":0.0,"timestamp":1608521797,"path_taken":["M","M","?","?","?","R","E","?","T","E","R","?","$","M","R","BOSS","M","M","M","$","M","R","$","?","T","R","E","M","?","?","R","BOSS","M","M","?","M","M","R","E"],"items_purchased_type":["Relic","Card","Potion"],"build_version":"2020-12-13","purchased_purges":1,"victory":false,"max_hp_per_floor":[96,96,96,96,96,96,96,96,96,96,96,101,101,101,101,101,101,101,101,101,101,101,101,101,101,101,101,101,101,101,101,101,101,101,101,101,101,101,101,101,101,101],"card_choices":[{"not_picked":["Blood for Blood","Fire Breathing"],"picked":"Combust","floor":1},{"not_picked":["Headbutt","Dual Wield","Iron Wave"],"picked":"SKIP","floor":2},{"not_picked":["Warcry","Feel No Pain"],"picked":"Anger","floor":5},{"not_picked":["Headbutt","Fiend Fire","Carnage"],"picked":"SKIP","floor":7},{"not_picked":["Thunderclap","Heavy Blade","Dropkick"],"picked":"SKIP","floor":10},{"not_picked":["Iron Wave","Searing Blow","Clothesline"],"picked":"SKIP","floor":14},{"not_picked":["Brutality","Corruption"],"picked":"Double Tap","floor":16},{"not_picked":["Shockwave","Bloodletting","Pommel Strike"],"picked":"SKIP","floor":18},{"not_picked":["Power Through","Blood for Blood"],"picked":"Cleave","floor":19},{"not_picked":["Thunderclap+1","Evolve+1","Havoc"],"picked":"SKIP","floor":20},{"not_picked":["Pummel","Bludgeon","Anger"],"picked":"SKIP","floor":22},{"not_picked":["Entrench+1","Body Slam","Cleave"],"picked":"SKIP","floor":28},{"not_picked":["Dual Wield","Twin Strike","Havoc+1"],"picked":"SKIP","floor":29},{"not_picked":["Sword Boomerang","Pommel Strike","Headbutt"],"picked":"SKIP","floor":31},{"not_picked":["Fiend Fire","Exhume"],"picked":"Impervious","floor":33},{"not_picked":["Dropkick+1","Inflame","Reckless Charge+1"],"picked":"Ghostly Armor+1","floor":35},{"not_picked":["Clash+1","Clothesline+1","Body Slam+1","Cleave"],"picked":"SKIP","floor":35},{"not_picked":["Searing Blow+1","Wild Strike","Heavy Blade"],"picked":"Juggernaut","floor":36},{"not_picked":["Havoc","Iron Wave+1","Clash","Body Slam"],"picked":"SKIP","floor":36},{"not_picked":["True Grit+1","Battle Trance+1","Thunderclap+1"],"picked":"Shrug It Off","floor":38},{"not_picked":["Pommel Strike","Havoc+1","Rage","Warcry+1"],"picked":"SKIP","floor":38},{"not_picked":["Body Slam+1","Offering","Warcry"],"picked":"Metallicize+1","floor":39},{"not_picked":["Carnage","Flex","Shockwave","Body Slam+1"],"picked":"SKIP","floor":39}],"player_experience":373300,"relics_obtained":[{"floor":7,"key":"Shuriken"},{"floor":8,"key":"Blood Vial"},{"floor":9,"key":"Ancient Tea Set"},{"floor":10,"key":"Vajra"},{"floor":26,"key":"PreservedInsect"},{"floor":28,"key":"Turnip"},{"floor":34,"key":"Nunchaku"},{"floor":34,"key":"Question Card"},{"floor":34,"key":"Prayer Wheel"}],"event_choices":[{"damage_healed":0,"gold_gain":0,"player_choice":"Grow","damage_taken":0,"max_hp_gain":0,"max_hp_loss":0,"event_name":"Living Wall","floor":3,"gold_loss":0,"cards_upgraded":["Combust"]},{"damage_healed":1,"gold_gain":0,"player_choice":"Full Heal","damage_taken":0,"max_hp_gain":0,"max_hp_loss":0,"event_name":"Wheel of Change","floor":4,"gold_loss":0},{"damage_healed":0,"gold_gain":0,"player_choice":"Searched \u00272\u0027 times","damage_taken":0,"max_hp_gain":0,"max_hp_loss":0,"event_name":"Dead Adventurer","floor":8,"gold_loss":0},{"damage_healed":0,"gold_gain":0,"player_choice":"Donut","damage_taken":0,"max_hp_gain":5,"max_hp_loss":0,"event_name":"Big Fish","floor":12,"gold_loss":0},{"damage_healed":0,"gold_gain":0,"player_choice":"Inject Mutagens","damage_taken":0,"relics_obtained":["MutagenicStrength"],"max_hp_gain":0,"max_hp_loss":0,"event_name":"Drug Dealer","floor":25,"gold_loss":0},{"damage_healed":0,"gold_gain":0,"player_choice":"Got Potions","damage_taken":0,"max_hp_gain":0,"max_hp_loss":0,"event_name":"Lab","floor":30,"gold_loss":0},{"damage_healed":25,"gold_gain":0,"player_choice":"Writhe","damage_taken":0,"max_hp_gain":0,"max_hp_loss":0,"event_name":"Winding Halls","floor":37,"gold_loss":0,"cards_obtained":["Writhe"]}],"is_beta":false,"boss_relics":[{"not_picked":["Velvet Choker","Philosopher\u0027s Stone"],"picked":"Cursed Key"},{"not_picked":["Coffee Dripper","Sozu"],"picked":"Calling Bell"}],"items_purged_floors":[21],"is_endless":false,"potions_floor_spawned":[1,5,7,14,19,28,29,31,35,36],"killed_by":"Giant Head","ascension_level":0}}