{"host":"j0a1jfichhxu8b8p","time":1608534654,"event":{"mods":["BaseMod","Colored Map","DeckTracker","Keyboard Shortcuts","Minty Spire (QoL Compilation)","Permanent Neow","StSLib","everything is the same but u backflip on backflip"],"gold_per_floor":[117,134,134,134,144,144,163,198,198,208,208,234,234,247,247,323,323,343,49,65,65,65,65,65,77,127,24,24,34,69,82,82,159,159,177,196,196,215,215,242,258,287,287,287,10,10,43,54,54,54],"floor_reached":51,"playtime":1924,"items_purged":["Strike_R"],"score":1585,"play_id":"44113d3d-2dc2-44c7-aecc-03f179791a37","local_time":"20201221161054","is_ascension_mode":true,"campfire_choices":[{"data":"Wild Strike","floor":6.0,"key":"SMITH"},{"floor":11.0,"key":"REST"},{"data":"Uppercut","floor":15.0,"key":"SMITH"},{"data":"Cleave","floor":23.0,"key":"SMITH"},{"data":"Offering","floor":32.0,"key":"SMITH"},{"data":"Exhume","floor":44.0,"key":"SMITH"},{"data":"Discovery","floor":46.0,"key":"SMITH"},{"data":"Bash","floor":49.0,"key":"SMITH"}],"circlet_count":0,"master_deck":["AscendersBane","Defend_R","Defend_R","Defend_R+1","Defend_R","Bash+1","Wild Strike+1","Cleave+1","Wild Strike","Uppercut+1","Battle Trance+1","Uppercut+1","Exhume+1","Offering+1","Wild Strike+1","Shrug It Off+1","Necronomicurse","Bludgeon+1","Bandage Up","Seeing Red+1","Impervious","CurseOfTheBell","Clothesline+1","Warcry+1","Evolve+1","Carnage+1","Bludgeon+1","Discovery+1","Warcry+1"],"relics":["Burning Blood","Art of War","Happy Flower","Molten Egg 2","Coffee Dripper","Blood Vial","Necronomicon","PreservedInsect","Pear","Calling Bell","War Paint","Gremlin Horn","CaptainsWheel","Sundial","Akabeko","Potion Belt","DollysMirror","Bottled Flame"],"acts_visited":["Exordium","TheCity","TheBeyond"],"potions_floor_usage":[50,50,50],"damage_taken":[{"damage":9.0,"enemies":"Small Slimes","floor":1.0,"turns":4.0},{"damage":0.0,"enemies":"2 Louse","floor":2.0,"turns":3.0},{"damage":9.0,"enemies":"Jaw Worm","floor":5.0,"turns":4.0},{"damage":13.0,"enemies":"Blue Slaver","floor":7.0,"turns":2.0},{"damage":30.0,"enemies":"Lagavulin","floor":8.0,"turns":5.0},{"damage":8.0,"enemies":"Exordium Wildlife","floor":10.0,"turns":4.0},{"damage":20.0,"enemies":"3 Sentries","floor":12.0,"turns":7.0},{"damage":3.0,"enemies":"Looter","floor":14.0,"turns":2.0},{"damage":39.0,"enemies":"Hexaghost","floor":16.0,"turns":9.0},{"damage":22.0,"enemies":"2 Thieves","floor":18.0,"turns":3.0},{"damage":6.0,"enemies":"Chosen","floor":20.0,"turns":3.0},{"damage":0.0,"enemies":"Slavers","floor":24.0,"turns":1.0},{"damage":6.0,"enemies":"Centurion and Healer","floor":25.0,"turns":4.0},{"damage":0.0,"enemies":"3 Cultists","floor":29.0,"turns":4.0},{"damage":9.0,"enemies":"Book of Stabbing","floor":30.0,"turns":2.0},{"damage":0.0,"enemies":"Snake Plant","floor":31.0,"turns":1.0},{"damage":45.0,"enemies":"Champ","floor":33.0,"turns":7.0},{"damage":18.0,"enemies":"3 Shapes","floor":35.0,"turns":4.0},{"damage":6.0,"enemies":"Orb Walker","floor":36.0,"turns":2.0},{"damage":37.0,"enemies":"4 Shapes","floor":38.0,"turns":5.0},{"damage":6.0,"enemies":"Reptomancer","floor":40.0,"turns":2.0},{"damage":6.0,"enemies":"3 Darklings","floor":41.0,"turns":3.0},{"damage":6.0,"enemies":"Giant Head","floor":42.0,"turns":4.0},{"damage":15.0,"enemies":"Nemesis","floor":47.0,"turns":3.0},{"damage":0.0,"enemies":"Sphere and 2 Shapes","floor":48.0,"turns":2.0},{"damage":60,"enemies":"Donu and Deca","floor":50,"turns":5}],"seed_played":"5751062232244535094","potions_obtained":[{"floor":2.0,"key":"Swift Potion"},{"floor":7.0,"key":"BloodPotion"},{"floor":12.0,"key":"Ancient Potion"},{"floor":14.0,"key":"AttackPotion"},{"floor":18.0,"key":"SmokeBomb"},{"floor":25.0,"key":"Fire Potion"},{"floor":33.0,"key":"SpeedPotion"},{"floor":47.0,"key":"Ancient Potion"},{"floor":48.0,"key":"Strength Potion"}],"is_trial":false,"path_per_floor":["M","M","?","?","M","R","M","E","T","M","R","E","?","M","R","B",null,"M","$","M","?","?","R","E","M","T","$","?","M","E","M","R","B",null,"M","M","?","M","?","E","M","E","T","R","$","R","E","M","R","B",null],"character_chosen":"IRONCLAD","items_purchased":["Blood Vial","Shrug It Off","Bandage Up","DollysMirror","Discovery"],"campfire_rested":1,"item_purchase_floors":[19,19,27,45,45],"current_hp_per_floor":[65,71,71,64,61,61,54,30,30,28,50,36,36,54,54,21,62,46,46,48,27,27,27,35,37,37,37,37,49,58,66,66,33,72,66,68,68,47,47,49,59,65,65,65,65,65,62,70,70,22],"gold":54,"neow_bonus":"REMOVE_CARD","is_daily":false,"chose_seed":false,"campfire_upgraded":7,"win_rate":0.0,"timestamp":1608534654,"path_taken":["M","M","?","?","M","R","?","E","T","M","R","E","?","M","R","BOSS","M","$","M","?","?","R","E","?","T","?","?","M","E","?","R","BOSS","M","M","?","M","?","E","M","E","T","R","$","R","E","?","R","BOSS"],"items_purchased_type":["Relic","Card","Card","Relic","Card"],"build_version":"2020-12-13","purchased_purges":1,"victory":true,"max_hp_per_floor":[75,75,75,75,75,75,75,75,75,75,75,75,75,75,75,75,75,75,75,75,75,75,75,75,75,75,75,75,75,85,85,85,85,85,85,85,81,81,81,81,81,81,81,81,81,81,81,81,81,81],"card_choices":[{"not_picked":["Warcry","Dual Wield"],"picked":"Wild Strike","floor":1.0},{"not_picked":["Heavy Blade","Sword Boomerang"],"picked":"Cleave","floor":2.0},{"not_picked":["Havoc","Sword Boomerang"],"picked":"Wild Strike","floor":5.0},{"not_picked":["Heavy Blade","True Grit","Metallicize"],"picked":"SKIP","floor":7.0},{"not_picked":["Thunderclap","Juggernaut"],"picked":"Uppercut","floor":8.0},{"not_picked":["Headbutt","Sword Boomerang"],"picked":"Battle Trance","floor":10.0},{"not_picked":["Juggernaut","Clash+1"],"picked":"Uppercut+1","floor":12.0},{"not_picked":["Cleave+1","Combust","True Grit"],"picked":"SKIP","floor":14.0},{"not_picked":["Barricade","Reaper+1"],"picked":"Offering","floor":16.0},{"not_picked":["Sentinel","Whirlwind+1"],"picked":"Wild Strike+1","floor":18.0},{"not_picked":["Heavy Blade+1","Twin Strike+1","Infernal Blade"],"picked":"SKIP","floor":20.0},{"not_picked":["Twin Strike+1","Sword Boomerang+1"],"picked":"Bludgeon+1","floor":25.0},{"not_picked":["Iron Wave+1","True Grit","Rage"],"picked":"SKIP","floor":29.0},{"not_picked":["Rage","Perfected Strike+1","Heavy Blade+1"],"picked":"SKIP","floor":30.0},{"not_picked":["Metallicize","Heavy Blade+1","Disarm+1"],"picked":"SKIP","floor":31.0},{"not_picked":["Limit Break","Demon Form"],"picked":"Impervious","floor":33.0},{"not_picked":["Anger+1","Reckless Charge+1"],"picked":"Clothesline+1","floor":35.0},{"not_picked":["Thunderclap+1","Twin Strike+1","Flame Barrier"],"picked":"SKIP","floor":36.0},{"not_picked":["Rage+1","Heavy Blade+1"],"picked":"Warcry+1","floor":38.0},{"not_picked":["Dark Embrace","Barricade"],"picked":"Evolve+1","floor":40.0},{"not_picked":["Cleave+1","Blood for Blood+1","Perfected Strike+1"],"picked":"SKIP","floor":41.0},{"not_picked":["Cleave+1","Blood for Blood+1","Perfected Strike+1"],"picked":"SKIP","floor":41.0},{"not_picked":["Cleave+1","Havoc"],"picked":"Carnage+1","floor":42.0},{"not_picked":["Thunderclap+1","Cleave+1"],"picked":"Warcry+1","floor":47.0},{"not_picked":["Rupture+1","Havoc","Iron Wave+1"],"picked":"SKIP","floor":48.0}],"player_experience":331995,"relics_obtained":[{"floor":8.0,"key":"Art of War"},{"floor":9.0,"key":"Happy Flower"},{"floor":12.0,"key":"Molten Egg 2"},{"floor":21.0,"key":"Necronomicon"},{"floor":26.0,"key":"PreservedInsect"},{"floor":30.0,"key":"Pear"},{"floor":34.0,"key":"War Paint"},{"floor":34.0,"key":"Gremlin Horn"},{"floor":34.0,"key":"CaptainsWheel"},{"floor":40.0,"key":"Sundial"},{"floor":42.0,"key":"Akabeko"},{"floor":43.0,"key":"Potion Belt"},{"floor":47.0,"key":"Bottled Flame"}],"event_choices":[{"damage_healed":0.0,"max_hp_gain":0.0,"max_hp_loss":0.0,"gold_gain":0.0,"event_name":"Liars Game","player_choice":"Ignored","floor":3.0,"gold_loss":0.0,"damage_taken":0.0},{"cards_removed":["Strike_R"],"damage_healed":0.0,"max_hp_gain":0.0,"max_hp_loss":0.0,"gold_gain":0.0,"event_name":"Golden Wing","player_choice":"Card Removal","floor":4.0,"gold_loss":0.0,"damage_taken":7.0},{"damage_healed":0.0,"max_hp_gain":0.0,"max_hp_loss":0.0,"gold_gain":0.0,"cards_transformed":["Strike_R"],"event_name":"Living Wall","player_choice":"Change","floor":13.0,"gold_loss":0.0,"damage_taken":0.0,"cards_obtained":["Exhume"]},{"damage_healed":0.0,"max_hp_gain":0.0,"max_hp_loss":0.0,"gold_gain":0.0,"event_name":"Cursed Tome","player_choice":"Obtained Book","floor":21.0,"gold_loss":0.0,"damage_taken":21.0},{"damage_healed":0.0,"max_hp_gain":0.0,"max_hp_loss":0.0,"gold_gain":0.0,"event_name":"Upgrade Shrine","player_choice":"Upgraded","floor":22.0,"gold_loss":0.0,"damage_taken":0.0,"cards_upgraded":["Shrug It Off"]},{"damage_healed":0.0,"max_hp_gain":0.0,"max_hp_loss":0.0,"gold_gain":0.0,"cards_transformed":["Strike_R"],"event_name":"Transmorgrifier","player_choice":"Transformed","floor":28.0,"gold_loss":0.0,"damage_taken":0.0,"cards_obtained":["Seeing Red"]},{"damage_healed":0.0,"max_hp_gain":0.0,"max_hp_loss":4.0,"gold_gain":0.0,"event_name":"Winding Halls","player_choice":"Max HP","floor":37.0,"gold_loss":0.0,"damage_taken":0.0},{"damage_healed":0.0,"max_hp_gain":0.0,"max_hp_loss":0.0,"gold_gain":0.0,"event_name":"Upgrade Shrine","player_choice":"Upgraded","floor":39.0,"gold_loss":0.0,"damage_taken":0.0,"cards_upgraded":["Battle Trance"]}],"is_beta":false,"boss_relics":[{"not_picked":["Fusion Hammer","Empty Cage"],"picked":"Coffee Dripper"},{"not_picked":["Pandora\u0027s Box","Velvet Choker"],"picked":"Calling Bell"}],"items_purged_floors":[19],"is_endless":false,"potions_floor_spawned":[2,7,12,14,18,24,25,29,33,35,41,42,47,48],"ascension_level":19}}