{"host":"yhemb00fn7g5zwp1","time":1608545847,"event":{"mods":["AchievementEnabler","Act Like it!","BaseMod","CapriCore","Gensokyo","Highlight Path","KinomotoSakuraMod(木之本樱)","Koishi","KomeijiMod","Marisa（F雨　魔理沙）","Minty Spire (QoL Compilation)","MostiFishMod","Pale of the Ancients","Prisma Mod","Reimu（博丽灵梦）","Remilia（蕾米莉亚）","StSLib","Td1madao Mod","The Hayseed","The Servant 0.9.4","Youmu（魂魄妖梦）","Yuyuko","【东方二次创作】八云紫mod","【遗物卡牌】REMEMod"],"gold_per_floor":[119,219,239,239,239,239,239,250,250,265,265,265],"floor_reached":11,"playtime":701,"items_purged":[],"score":66,"play_id":"f6af2fce-cf26-48c9-a088-bcd33f8dea0d","local_time":"20201221181727","is_ascension_mode":true,"campfire_choices":[{"data":"Koishi:Possession","floor":6,"key":"SMITH"}],"circlet_count":0,"master_deck":["Koishi:BasicStrike","Koishi:BasicStrike","Koishi:BasicStrike","Koishi:BasicDefend","Koishi:BasicDefend","Koishi:BasicDefend","Koishi:BasicDefend","Koishi:Provoke","Koishi:HauntingSlash","Koishi:Possession+1","Koishi:ImGoingToCallYouNow","Koishi:PredatoryInstincts","Pain","Koishi:PerfectMindControl"],"relics":["Koishi:ImaginaryFriend","REME_ComplimentaryCards","DaveBox","HaiYi:Twilight","Question Card","Gensokyo:NagashiBinaDoll","Gensokyo:LunaticRedEyes","Mango","Question Card"],"acts_visited":["Exordium"],"potions_floor_usage":[11],"damage_taken":[{"damage":5,"enemies":"Gensokyo:2_Kodama","floor":1,"turns":6},{"damage":0,"enemies":"Gensokyo:3_Fairies","floor":3,"turns":6},{"damage":6,"enemies":"Gensokyo:Gryphon","floor":8,"turns":5},{"damage":8,"enemies":"Gensokyo:Python_and_Kodama","floor":10,"turns":7},{"damage":2,"enemies":"Gensokyo:Mamizou","floor":11,"turns":9}],"seed_played":"-7024043771913295688","potions_obtained":[{"floor":8,"key":"JyouchiReiPotion"}],"is_trial":false,"path_per_floor":["M","?","M","?","?","R","?","M","T","M","E"],"character_chosen":"KOISHI","items_purchased":[],"campfire_rested":0,"item_purchase_floors":[],"current_hp_per_floor":[60,60,60,60,60,60,53,59,59,66,64,64],"gold":265,"neow_bonus":"TRANSFORM_CARD","is_daily":false,"chose_seed":false,"campfire_upgraded":1,"win_rate":0.0,"timestamp":1608545847,"path_taken":["M","?","?","?","?","R","?","?","T","?","E"],"items_purchased_type":[],"build_version":"2020-12-13","purchased_purges":0,"victory":false,"max_hp_per_floor":[60,60,60,60,60,60,74,74,74,74,74,74],"card_choices":[{"not_picked":["Koishi:UnconsciousUprising","Koishi:BloodcurdlingScream"],"picked":"Koishi:PredatoryInstincts","floor":1},{"not_picked":["Koishi:SpiritedAway","Koishi:HeartAttack","Koishi:RorschachInDanmaku","Koishi:VengefulSpirit"],"picked":"SKIP","floor":3},{"not_picked":["Koishi:RorschachInDanmaku","Koishi:LastRemote","Koishi:EmbersOfLove","Koishi:PhantomStrike"],"picked":"SKIP","floor":8},{"not_picked":["Koishi:UnansweredLove","Koishi:EmbryosDream","Koishi:Prune","Koishi:PhantomBarrier"],"picked":"Koishi:PerfectMindControl","floor":10}],"player_experience":439645,"relics_obtained":[{"floor":1,"key":"Question Card"},{"floor":9,"key":"Question Card"}],"event_choices":[],"is_beta":false,"boss_relics":[],"items_purged_floors":[],"is_endless":false,"potions_floor_spawned":[8],"killed_by":"Gensokyo:Mamizou","ascension_level":1}}