{"host":"fne7yx97fnz7kq05","time":1608571805,"event":{"mods":["BaseMod","Colored Map","Colored Powertips","Highlight Path","Minty Spire (QoL Compilation)","Relic Stats"],"gold_per_floor":[112,72,92,110,35,35,48,48,72,72,72,101,121,121,121,225,225,239,258,258,106,125,125,125,125,125,156,13,13,13,31,31,136,136,146,160,160,160,160,160,160],"floor_reached":40,"playtime":1541,"items_purged":["Strike_G","Strike_G+1"],"score":528,"play_id":"e75cacad-d055-4f88-84a6-a7cd07fcd330","local_time":"20201221113005","is_ascension_mode":true,"campfire_choices":[{"data":"Neutralize","floor":6,"key":"SMITH"},{"data":"Noxious Fumes","floor":8,"key":"SMITH"},{"data":"Deadly Poison","floor":10,"key":"SMITH"},{"data":"Survivor","floor":15,"key":"SMITH"},{"data":"Doppelganger","floor":23,"key":"SMITH"},{"floor":30,"key":"REST"},{"floor":32,"key":"REST"}],"circlet_count":0,"master_deck":["Strike_G+1","Defend_G+1","Defend_G+1","Defend_G+1","Defend_G+1","Defend_G+1","Survivor+1","Neutralize+1","The Bomb","Noxious Fumes+1","Deadly Poison+1","Masterful Stab","Poisoned Stab+1","Doppelganger+1","CurseOfTheBell","Footwork","Sucker Punch+1","Bouncing Flask","Decay","Flying Knee+1","Cloak And Dagger+1","Corpse Explosion","Bouncing Flask+1","Finesse"],"relics":["Ring of the Snake","Juzu Bracelet","Calling Bell","Potion Belt","Molten Egg 2","Calipers","Tingsha","Shuriken","Membership Card","Cursed Key"],"acts_visited":["Exordium","TheCity","TheBeyond"],"potions_floor_usage":[18,25,25,25,25,27,31,31,33,33,40,40,40],"damage_taken":[{"damage":2,"enemies":"2 Louse","floor":1,"turns":3},{"damage":1,"enemies":"Cultist","floor":3,"turns":4},{"damage":0,"enemies":"Small Slimes","floor":4,"turns":3},{"damage":4,"enemies":"3 Louse","floor":7,"turns":3},{"damage":12,"enemies":"Gremlin Nob","floor":12,"turns":3},{"damage":0,"enemies":"Red Slaver","floor":13,"turns":3},{"damage":28,"enemies":"The Guardian","floor":16,"turns":8},{"damage":3,"enemies":"3 Byrds","floor":18,"turns":3},{"damage":0,"enemies":"Chosen","floor":19,"turns":4},{"damage":17,"enemies":"Snecko","floor":22,"turns":6},{"damage":8,"enemies":"Book of Stabbing","floor":25,"turns":5},{"damage":11,"enemies":"Gremlin Leader","floor":27,"turns":5},{"damage":20,"enemies":"Chosen and Byrds","floor":31,"turns":5},{"damage":34,"enemies":"Automaton","floor":33,"turns":8},{"damage":36,"enemies":"3 Darklings","floor":35,"turns":3},{"damage":6,"enemies":"3 Shapes","floor":36,"turns":4},{"damage":12,"enemies":"Nemesis","floor":40,"turns":5}],"seed_played":"8792474093655588438","potions_obtained":[{"floor":2,"key":"EntropicBrew"},{"floor":2,"key":"Strength Potion"},{"floor":2,"key":"DistilledChaos"},{"floor":18,"key":"SmokeBomb"},{"floor":19,"key":"Block Potion"},{"floor":27,"key":"Explosive Potion"},{"floor":31,"key":"FearPotion"},{"floor":35,"key":"LiquidMemories"},{"floor":36,"key":"Explosive Potion"}],"is_trial":false,"path_per_floor":["M","?","M","M","$","R","M","R","T","R","?","E","M","?","R","B",null,"M","M","?","$","M","R","?","E","T","E","$","?","R","M","R","B",null,"M","M","?","?","T","E"],"character_chosen":"THE_SILENT","items_purchased":["PowerPotion","Membership Card"],"campfire_rested":2,"item_purchase_floors":[21,28],"current_hp_per_floor":[47,47,46,46,46,46,42,42,42,42,42,30,30,30,30,2,53,50,50,50,50,33,33,33,25,25,14,14,14,35,15,36,2,53,17,11,11,11,11,0,0],"gold":160,"neow_bonus":"RANDOM_COLORLESS_2","is_daily":false,"chose_seed":false,"campfire_upgraded":5,"win_rate":0.0,"timestamp":1608571805,"path_taken":["M","?","M","M","?","R","M","R","T","R","?","E","M","?","R","BOSS","M","M","?","$","M","R","?","E","T","E","?","?","R","M","R","BOSS","M","M","?","?","?","E"],"items_purchased_type":["Potion","Relic"],"build_version":"2020-12-13","purchased_purges":2,"victory":false,"max_hp_per_floor":[70,70,70,70,70,70,70,70,70,70,70,70,70,70,70,70,70,70,70,70,70,70,70,70,70,70,70,70,70,70,70,70,70,70,70,70,70,70,70,70,70],"relic_stats":{"counters":[17,75],"Shuriken":[7],"Tingsha":[12],"Juzu Bracelet":0,"Cursed Key":0,"obtain_stats":[{"Calling Bell":17,"Potion Belt":17,"Calipers":17,"Shuriken":27,"Molten Egg 2":17,"Tingsha":26,"Juzu Bracelet":12,"Membership Card":28,"Cursed Key":34,"Ring of the Snake":0},{"Calling Bell":7,"Potion Belt":7,"Calipers":7,"Shuriken":12,"Molten Egg 2":7,"Tingsha":11,"Juzu Bracelet":5,"Membership Card":12,"Cursed Key":14,"Ring of the Snake":0},{"Calling Bell":27,"Potion Belt":27,"Calipers":27,"Shuriken":50,"Molten Egg 2":27,"Tingsha":45,"Juzu Bracelet":16,"Membership Card":50,"Cursed Key":63,"Ring of the Snake":0}],"Ring of the Snake":[34]},"card_choices":[{"not_picked":["Secret Technique","Mayhem"],"picked":"The Bomb","floor":0},{"not_picked":["Terror","Outmaneuver"],"picked":"Noxious Fumes","floor":1},{"not_picked":["Dagger Spray","Cloak And Dagger"],"picked":"Deadly Poison","floor":3},{"not_picked":["Accuracy","Prepared"],"picked":"Masterful Stab","floor":4},{"not_picked":["Outmaneuver","Masterful Stab"],"picked":"Poisoned Stab","floor":7},{"not_picked":["Unload","Dagger Spray","All Out Attack"],"picked":"SKIP","floor":12},{"not_picked":["Backflip","Flying Knee","Deflect"],"picked":"SKIP","floor":13},{"not_picked":["Burst","Envenom"],"picked":"Doppelganger","floor":16},{"not_picked":["Outmaneuver","Dagger Throw+1"],"picked":"Footwork","floor":18},{"not_picked":["Terror+1","Flying Knee+1"],"picked":"Sucker Punch+1","floor":19},{"not_picked":["Tactician","Concentrate+1"],"picked":"Bouncing Flask","floor":22},{"not_picked":["Doppelganger","Predator+1"],"picked":"Flying Knee+1","floor":27},{"not_picked":["Deflect+1","Flying Knee+1"],"picked":"Cloak And Dagger+1","floor":31},{"not_picked":["Glass Knife+1","Night Terror"],"picked":"Corpse Explosion","floor":33},{"not_picked":["Deflect","Riddle With Holes+1","Flying Knee+1"],"picked":"SKIP","floor":35},{"not_picked":["Deadly Poison","Sucker Punch+1"],"picked":"Bouncing Flask+1","floor":36},{"not_picked":["Madness","Trip"],"picked":"Finesse","floor":38}],"player_experience":120896,"relics_obtained":[{"floor":12,"key":"Juzu Bracelet"},{"floor":17,"key":"Potion Belt"},{"floor":17,"key":"Molten Egg 2"},{"floor":17,"key":"Calipers"},{"floor":26,"key":"Tingsha"},{"floor":27,"key":"Shuriken"}],"event_choices":[{"damage_healed":0,"gold_gain":0,"player_choice":"Bought 3 Potions","damage_taken":0,"max_hp_gain":0,"max_hp_loss":0,"event_name":"The Woman in Blue","floor":2,"gold_loss":0},{"damage_healed":0,"gold_gain":0,"player_choice":"Grow","damage_taken":0,"max_hp_gain":0,"max_hp_loss":0,"event_name":"Living Wall","floor":11,"gold_loss":0,"cards_upgraded":["Poisoned Stab"]},{"cards_removed":["Strike_G"],"damage_healed":0,"gold_gain":0,"player_choice":"Purged","damage_taken":0,"max_hp_gain":0,"max_hp_loss":0,"event_name":"Purifier","floor":14,"gold_loss":0},{"damage_healed":0,"gold_gain":0,"player_choice":"Simplicity","damage_taken":0,"max_hp_gain":0,"max_hp_loss":0,"event_name":"Back to Basics","floor":20,"gold_loss":0,"cards_upgraded":["Strike_G","Strike_G","Strike_G","Defend_G","Defend_G","Defend_G","Defend_G","Defend_G"]},{"damage_healed":0,"gold_gain":0,"player_choice":"Smashed Altar","damage_taken":0,"max_hp_gain":0,"max_hp_loss":0,"event_name":"Forgotten Altar","floor":24,"gold_loss":0,"cards_obtained":["Decay"]},{"damage_healed":0,"gold_gain":0,"player_choice":"Ignored","damage_taken":0,"max_hp_gain":0,"max_hp_loss":0,"event_name":"Vampires","floor":29,"gold_loss":0},{"cards_removed":["Strike_G"],"damage_healed":0,"gold_gain":0,"player_choice":"Removed Attack","damage_taken":0,"max_hp_gain":0,"max_hp_loss":0,"event_name":"Falling","floor":37,"gold_loss":0},{"damage_healed":0,"gold_gain":0,"player_choice":"Memory 1","damage_taken":0,"max_hp_gain":0,"max_hp_loss":0,"event_name":"SensoryStone","floor":38,"gold_loss":0}],"is_beta":false,"boss_relics":[{"not_picked":["HoveringKite","Coffee Dripper"],"picked":"Calling Bell"},{"not_picked":["WristBlade","Sozu"],"picked":"Cursed Key"}],"items_purged_floors":[5,21],"is_endless":false,"potions_floor_spawned":[3,13,16,18,19,27,31,35,36],"killed_by":"Nemesis","ascension_level":5}}