{"host":"kta213tp32cz47du","time":1608561386,"event":{"mods":["BaseMod","Better Altar","Better Match","Better Note","Better Sensory Stone","Better Skull","Better Third Choice","Better Vampires","Colored Map","Colored Powertips","Conspire","Curses Come First","Displayed Cursed Tome","Downfall","Force Act Four","Hubris","Infinite Spire","JesterMod","Magitek Elite","Marisa????????","Minty Spire (QoL Compilation)","Permanent Neow","Potion Indicator Mod","QueenMod","Quick Restart","Rare Cards Sparkle","Replay The Spire","Shade Mod","Shop Mod","Spikes Relics","StSLib","The Animator","The Blue Laboratory","The Bug Knight","The Cursed","The Servant 0.9.4","TheSwordswoman","TheVelvet","TheWitcher","vexMod"],"gold_per_floor":[99,126,126,149,149,149,149,149,181,181,199,35,45,45,62,164,164,164,178,190,190,190,190,190,190,208,238,255,270,270,270,270,53,71,168,168,93,93,110,142,142,142,142,142,142,142,153,48,66,66,83,83],"floor_reached":53,"playtime":7844,"items_purged":["Slimebound:Strike_Slimebound","Slimebound:Strike_Slimebound"],"score":536,"play_id":"f136334c-9e2a-4c4d-b0fc-fcad32934ced","local_time":"20201221143626","is_ascension_mode":false,"campfire_choices":[{"data":"Slimebound:Split","floor":1.0,"key":"SMITH"},{"floor":6.0,"key":"REST"},{"data":"Slimebound:CorrosiveSpit","floor":8.0,"key":"SMITH"},{"floor":10.0,"key":"REST"},{"data":"Slimebound:SplitAcid","floor":18.0,"key":"SMITH"},{"data":"infinitespire:TheBestDefense","floor":23.0,"key":"SMITH"},{"data":"Slimebound:FirmFortitude","floor":37.0,"key":"SMITH"},{"data":"Slimebound:SplitAcid","floor":41.0,"key":"SMITH"},{"data":"Slimebound:LeadByExample","floor":44.0,"key":"SMITH"},{"floor":46,"key":"REST"}],"circlet_count":0,"master_deck":["Slimebound:Tackle","Slimebound:Defend_Slimebound","Slimebound:Defend_Slimebound","Slimebound:Defend_Slimebound","Slimebound:Defend_Slimebound+1","Slimebound:Split+1","Slimebound:CorrosiveSpit+1","Slimebound:PressTheAttack+1","Slimebound:PressTheAttack","Slimebound:SplitAcid+1","Slimebound:ItLooksTasty","Slimebound:SlimeBarrage+1","Slimebound:GoopSpray","Slimebound:LeadByExample+1","Slimebound:OozeBath","Slimebound:SpikyOuterGoop+1","Slimebound:Repurpose+1","hubris:Fate","infinitespire:TheBestDefense+1","infinitespire:Gouge","Slimebound:LeechingTouch","Slimebound:RollThrough","Slimebound:SlimeTap","Slimebound:FirmFortitude+1","Slimebound:LevelUp+1","Slimebound:SplitAcid+1","Slimebound:OozeBath","Slimebound:ViciousTackle+1","Slimebound:MegaLick","Wraith","Slimebound:LivingWall+1","Slimebound:MassFeed+1","Slimebound:SplitAcid+1","Slimebound:SplitMire","Slimebound:SlimeTap+1"],"relics":["Slimebound:AbsorbEndCombat","conspire:TopHat","Gremlin Food","ReplayTheSpireMod:TigerMarble","Mythril_Glove","Potion Belt","infinitespire:Lucky Rock","hubris:Towel","Slimebound:TarBlob","Bottled Lightning","vexMod:InvisibilityCloak","Molten Egg 2","GremlinMask","ClockworkSouvenir","Honey Jar","downfall:HeartBlessingGreen","hubris:PeanutButter","BrokenLever","RollingBoulder","Lee\u0027s Waffle"],"acts_visited":["Exordium","TheCity","TheBeyond"],"potions_floor_usage":[51,51,52,52],"damage_taken":[{"damage":43.0,"enemies":"Lagavulin","floor":2.0,"turns":6.0},{"damage":29.0,"enemies":"HollowMod:MossKnight","floor":9.0,"turns":6.0},{"damage":8.0,"enemies":"conspire:RoseBush","floor":11.0,"turns":3.0},{"damage":12.0,"enemies":"downfall:FleeingMerchant","floor":12.0,"turns":4.0},{"damage":19.0,"enemies":"Jaw Worm","floor":13.0,"turns":2.0},{"damage":8.0,"enemies":"Cultist","floor":15.0,"turns":3.0},{"damage":59.0,"enemies":"downfall:Watcher","floor":16.0,"turns":6.0},{"damage":41.0,"enemies":"conspire:FuzzyDice","floor":19.0,"turns":4.0},{"damage":30.0,"enemies":"Spheric Guardian","floor":20.0,"turns":3.0},{"damage":25.0,"enemies":"Cultist and Chosen","floor":26.0,"turns":5.0},{"damage":31.0,"enemies":"conspire:SneckoGhost","floor":27.0,"turns":5.0},{"damage":25.0,"enemies":"Centurion and Healer","floor":28.0,"turns":5.0},{"damage":29.0,"enemies":"Snecko","floor":29.0,"turns":4.0},{"damage":12.0,"enemies":"downfall:FleeingMerchant","floor":33.0,"turns":4.0},{"damage":13.0,"enemies":"Chosen and Byrds","floor":34.0,"turns":4.0},{"damage":43.0,"enemies":"downfall:Ironclad","floor":35.0,"turns":6.0},{"damage":27.0,"enemies":"3 Darklings","floor":39.0,"turns":3.0},{"damage":47.0,"enemies":"HollowMod:StalkingDevout","floor":40.0,"turns":6.0},{"damage":16,"enemies":"3 Shapes","floor":47,"turns":2},{"damage":10,"enemies":"downfall:FleeingMerchant","floor":48,"turns":4},{"damage":11,"enemies":"3 Darklings","floor":49,"turns":3},{"damage":32,"enemies":"Maw","floor":51,"turns":6},{"damage":15,"enemies":"downfall:Silent","floor":52,"turns":3}],"seed_played":"1618723714588240055","potions_obtained":[{"floor":9.0,"key":"SteroidPotion"},{"floor":11.0,"key":"Reflective Coating"},{"floor":16.0,"key":"Swift Potion"},{"floor":27.0,"key":"Elixir"},{"floor":29.0,"key":"Block Potion"},{"floor":35.0,"key":"Dexterity Potion"},{"floor":49,"key":"LiquidMemories"},{"floor":50,"key":"downfall:CursedFountainPotion"},{"floor":51,"key":"Slimebound:SlimyTonguePotion"}],"is_trial":false,"path_per_floor":["R","E","?","T","?","R","T","R","E","R","M","$","M","?","M","B",null,"R","M","M","AVR","?","R","T","?","M","E","M","M","PTL","PTL","?","$","M","B",null,"R","?","M","E","R","?","T","R","?","R","M","$","M","?","M","B",null],"character_chosen":"SLIMEBOUND","items_purchased":["Slimebound:SlimeBarrage","ClockworkSouvenir","Slimebound:SlimedPotion","Slimebound:SplitAcid+1","RollingBoulder","Lee\u0027s Waffle","blueLaboratory:RecallPotion"],"campfire_rested":3,"item_purchase_floors":[12,33,33,48,48,48,48],"current_hp_per_floor":[60,41,41,41,41,59,59,59,46,60,61,61,54,54,58,27,61,61,50,50,50,50,50,50,41,54,59,60,50,50,50,50,61,61,43,61,61,61,46,45,45,45,45,45,45,61,61,68,57,57,68,68],"gold":83,"neow_bonus":"RANDOM_COMMON_RELIC","is_daily":false,"chose_seed":false,"campfire_upgraded":7,"win_rate":0.0,"timestamp":1608561386,"path_taken":["R","E","?","?","?","R","T","R","E","R","M","$","?","?","M","BOSS","R","M","M","AVR","?","R","T","?","M","E","M","M","PTL","PTL","?","$","M","BOSS","R","?","M","E","R","?","T","R","?","R","?","?","M","?","M","BOSS"],"items_purchased_type":["Card","Relic","Potion","Card","Relic","Relic","Potion"],"build_version":"2020-12-13","purchased_purges":2,"victory":true,"max_hp_per_floor":[60,60,60,60,60,60,60,60,60,60,61,61,61,61,61,61,61,61,61,61,61,61,61,61,61,61,61,61,61,61,61,61,61,61,61,61,61,61,61,61,61,61,61,61,61,61,61,68,68,68,68,68],"card_choices":[{"not_picked":["Slimebound:FormOfPuddle","Slimebound:GoopTackle"],"picked":"Slimebound:PressTheAttack","floor":2.0},{"not_picked":["Slimebound:FormOfPuddle","Slimebound:MegaLick"],"picked":"Slimebound:PressTheAttack","floor":9.0},{"not_picked":["Slimebound:GrowthPunch","Slimebound:TongueLash"],"picked":"Slimebound:SplitAcid","floor":11.0},{"not_picked":["Slimebound:Schlurp","Slimebound:Gluttony"],"picked":"Slimebound:ItLooksTasty","floor":12.0},{"not_picked":["Slimebound:DisruptingSlam","Slimebound:RejuvenatingLick"],"picked":"Slimebound:GoopSpray","floor":13.0},{"not_picked":["Slimebound:SlimeSpikes","Slimebound:Prepare"],"picked":"Slimebound:LeadByExample","floor":15.0},{"not_picked":["Slimebound:DouseInSlime","Slimebound:OneTwoCombo"],"picked":"Slimebound:OozeBath","floor":16.0},{"not_picked":["Slimebound:GoopSpray","Slimebound:LeechingTouch+1"],"picked":"Slimebound:SpikyOuterGoop+1","floor":19.0},{"not_picked":["Slimebound:PressTheAttack+1","Slimebound:HauntingLick"],"picked":"Slimebound:Repurpose","floor":20.0},{"not_picked":["Slimebound:ForwardTackle","Slimebound:GrowthPunch"],"picked":"Slimebound:RollThrough","floor":26.0},{"not_picked":["Slimebound:Chomp","Slimebound:Repurpose"],"picked":"Slimebound:SlimeTap","floor":27.0},{"not_picked":["Slimebound:SlimeBrawl","Slimebound:SamplingLick","Slimebound:Schlurp"],"picked":"SKIP","floor":28.0},{"not_picked":["Slimebound:RainOfGoop","Slimebound:OneTwoCombo+1"],"picked":"Slimebound:FirmFortitude","floor":29.0},{"not_picked":["Slimebound:SamplingLick","Slimebound:ProtectTheBoss"],"picked":"Slimebound:LevelUp+1","floor":33.0},{"not_picked":["Slimebound:LivingWall","Slimebound:ProtectTheBoss"],"picked":"Slimebound:SplitAcid","floor":34.0},{"not_picked":["Slimebound:OneTwoCombo+1","Slimebound:DuplicatedForm"],"picked":"Slimebound:OozeBath","floor":35.0},{"not_picked":["Slimebound:SlimeTap","Slimebound:PressTheAttack+1","Slimebound:DisruptingSlam+1"],"picked":"Slimebound:ViciousTackle+1","floor":39.0},{"not_picked":["Slimebound:PressTheAttack+1","Slimebound:TongueLash+1","Slimebound:RollThrough+1"],"picked":"Slimebound:MegaLick","floor":40.0},{"not_picked":["Slimebound:ViciousTackle+1","Slimebound:Schlurp+1","Slimebound:SlimeBrawl"],"picked":"Slimebound:LivingWall+1","floor":47},{"not_picked":["Slimebound:FinishingTackle+1","Slimebound:LeechEnergy+1","Slimebound:SplitLeeching"],"picked":"Slimebound:MassFeed+1","floor":48},{"not_picked":["Slimebound:Replication","Slimebound:Chomp+1","Slimebound:Repurpose+1"],"picked":"Slimebound:SplitMire","floor":49},{"not_picked":["Slimebound:SamplingLick","Slimebound:SplitBruiser","Slimebound:SplitAcid+1"],"picked":"Slimebound:SlimeTap+1","floor":51}],"player_experience":276909,"relics_obtained":[{"floor":2.0,"key":"Gremlin Food"},{"floor":4.0,"key":"ReplayTheSpireMod:TigerMarble"},{"floor":5.0,"key":"Mythril_Glove"},{"floor":7.0,"key":"Potion Belt"},{"floor":9.0,"key":"infinitespire:Lucky Rock"},{"floor":24.0,"key":"vexMod:InvisibilityCloak"},{"floor":27.0,"key":"Molten Egg 2"},{"floor":40.0,"key":"hubris:PeanutButter"},{"floor":43.0,"key":"BrokenLever"}],"event_choices":[{"damage_healed":0.0,"max_hp_gain":0.0,"max_hp_loss":0.0,"gold_gain":0.0,"event_name":"Wheel of Change","player_choice":"Relic","floor":5.0,"gold_loss":0.0,"damage_taken":0.0},{"damage_healed":0.0,"max_hp_gain":0.0,"max_hp_loss":0.0,"gold_gain":0.0,"cards_transformed":["Slimebound:Strike_Slimebound"],"event_name":"Transmorgrifier","player_choice":"Transformed","floor":22.0,"gold_loss":0.0,"damage_taken":0.0,"cards_obtained":["Slimebound:LeechingTouch"]},{"damage_healed":0.0,"max_hp_gain":0.0,"max_hp_loss":0.0,"gold_gain":0.0,"event_name":"FaceTrader","player_choice":"Trade","floor":32.0,"gold_loss":0.0,"damage_taken":0.0,"relics_obtained":["GremlinMask"]},{"damage_healed":0.0,"max_hp_gain":0.0,"max_hp_loss":0.0,"gold_gain":0.0,"event_name":"OrinTheCat","player_choice":"Ignored","floor":42.0,"gold_loss":0.0,"damage_taken":0.0},{"damage_healed":0.0,"max_hp_gain":0.0,"max_hp_loss":0.0,"gold_gain":0.0,"event_name":"Upgrade Shrine","player_choice":"Upgraded","floor":45.0,"gold_loss":0.0,"damage_taken":0.0,"cards_upgraded":["Slimebound:SlimeBarrage"]}],"is_beta":false,"boss_relics":[{"not_picked":["hubris:BlackHole","conspire:SeveredTorchhead"],"picked":"Slimebound:TarBlob"},{"not_picked":["Runic Dome","vexMod:DeviousBotling"],"picked":"Honey Jar"}],"items_purged_floors":[12,21],"is_endless":false,"potions_floor_spawned":[9,11,16,27,29,35,49,51],"ascension_level":0}}