{"host":"e1ezmaebp4k769tb","time":1608532302,"event":{"mods":["2.2 Compatiblity","AchievementEnabler","AlwaysNeverKeys","BaseMod","CapriCore","Card Filter","Colored Powertips","Curses Come First","DeckTracker","Friendly Minions","Highlight Path","Keyboard Shortcuts","Minty Spire (QoL Compilation)","Permanent Neow","Quick Restart","Red Circlet Mod","Replay The Spire","StSLib"],"gold_per_floor":[212,231,231,249,19,19,54,64,64,64,76,94,94,94,94],"floor_reached":14,"playtime":478,"items_purged":["Strike_R"],"score":184,"play_id":"0d2c3473-e5df-4a47-b329-f1ffc55a241a","local_time":"20201221153142","is_ascension_mode":true,"campfire_choices":[{"data":"Demon Form","floor":6,"key":"SMITH"},{"data":"Searing Blow","floor":10,"key":"SMITH"}],"circlet_count":0,"master_deck":["AscendersBane","Strike_R","Strike_R","Strike_R","Defend_R","Defend_R","Defend_R","Defend_R","Bash","Reckless Charge","Pommel Strike","Bloodletting","Demon Form+1","Searing Blow+1","Burning Pact","Whirlwind","Shrug It Off","Thunderclap","Parasite"],"relics":["Burning Blood","Prayer Wheel","Girya"],"acts_visited":["Exordium"],"potions_floor_usage":[7,11],"damage_taken":[{"damage":5.0,"enemies":"2 Louse","floor":1.0,"turns":4.0},{"damage":12,"enemies":"Jaw Worm","floor":2,"turns":3},{"damage":0,"enemies":"Small Slimes","floor":4,"turns":2},{"damage":27,"enemies":"3 Sentries","floor":7,"turns":8},{"damage":32,"enemies":"Exordium Thugs","floor":8,"turns":4},{"damage":19,"enemies":"2 Fungi Beasts","floor":11,"turns":3},{"damage":4,"enemies":"Looter","floor":12,"turns":4},{"damage":36,"enemies":"Gremlin Nob","floor":14,"turns":3}],"seed_played":"-8635592279976938612","potions_obtained":[{"floor":4,"key":"SkillPotion"},{"floor":8,"key":"Fruit Juice"},{"floor":11,"key":"SteroidPotion"},{"floor":12,"key":"Elixir"}],"is_trial":false,"path_per_floor":["M","M","?","M","$","R","E","M","T","R","M","M","?","E"],"character_chosen":"IRONCLAD","items_purchased":["Demon Form"],"campfire_rested":0,"item_purchase_floors":[5],"current_hp_per_floor":[69,63,56,62,62,62,41,15,15,15,7,9,29,0,0],"gold":94,"neow_bonus":"HUNDRED_GOLD","is_daily":false,"chose_seed":false,"campfire_upgraded":2,"win_rate":0.0,"timestamp":1608532302,"path_taken":["M","M","?","M","$","R","E","M","T","R","M","M","?","E"],"items_purchased_type":["Card"],"build_version":"2020-12-13","purchased_purges":1,"victory":false,"max_hp_per_floor":[75,75,75,75,75,75,75,75,75,75,80,80,80,80,80],"card_choices":[{"not_picked":["Wild Strike","True Grit"],"picked":"Reckless Charge","floor":1.0},{"not_picked":["ReplayTheSpireMod:Strike From Hell","Rampage"],"picked":"Pommel Strike","floor":2},{"not_picked":["ReplayTheSpireMod:Strike From Hell","ReplayTheSpireMod:Corrosion Curse"],"picked":"Bloodletting","floor":4},{"not_picked":["Replay:Undeath\u0027s Touch","Anger"],"picked":"Searing Blow","floor":7},{"not_picked":["Defy Death","Rupture"],"picked":"Burning Pact","floor":8},{"not_picked":["Armaments","ReplayTheSpireMod:Limb From Limb"],"picked":"Whirlwind","floor":8},{"not_picked":["Twin Strike","Feel No Pain"],"picked":"Shrug It Off","floor":11},{"not_picked":["Dual Wield","Reckless Charge","Flex"],"picked":"SKIP","floor":11},{"not_picked":["Disarm","Perfected Strike"],"picked":"Thunderclap","floor":12},{"not_picked":["Barricade","Body Slam","Sword Boomerang"],"picked":"SKIP","floor":12}],"player_experience":80050,"relics_obtained":[{"floor":7,"key":"Prayer Wheel"},{"floor":9,"key":"Girya"}],"event_choices":[{"cards_removed":["Strike_R"],"damage_healed":0,"gold_gain":0,"player_choice":"Card Removal","damage_taken":7,"max_hp_gain":0,"max_hp_loss":0,"event_name":"Golden Wing","floor":3,"gold_loss":0},{"damage_healed":20,"gold_gain":0,"player_choice":"Healed and dodged fight","damage_taken":0,"max_hp_gain":0,"max_hp_loss":0,"event_name":"Mushrooms","floor":13,"gold_loss":0,"cards_obtained":["Parasite"]}],"is_beta":false,"boss_relics":[],"items_purged_floors":[5],"is_endless":false,"potions_floor_spawned":[4,8,11,12],"killed_by":"Gremlin Nob","ascension_level":20}}