{"host":"Krakhan","time":1608533960,"event":{"mods":["AchievementEnabler","BaseMod","Colored Map","Colored Powertips","Faster Ascension Climbing","Highlight Path","Minty Spire (QoL Compilation)","Rare Cards Sparkle","Relic Stats","StSLib"],"gold_per_floor":[116,131,6,24,24,59,59,74,74,90,123,123,123,138,138,216,216,229,229,256,256,266,266,14,29,56,56,56,87,87,103,103,177,177,197,197,209,234,234,234],"floor_reached":39,"playtime":2988,"items_purged":["Strike_R","Strike_R+1"],"score":868,"play_id":"71c2302d-36bb-43c6-9dbe-64a6acbff508","local_time":"20201221015920","is_ascension_mode":true,"campfire_choices":[{"data":"Blood for Blood","floor":7.0,"key":"SMITH"},{"floor":12.0,"key":"REST"},{"data":"Inflame","floor":15.0,"key":"SMITH"},{"floor":23.0,"key":"REST"},{"floor":27.0,"key":"REST"},{"floor":32.0,"key":"REST"}],"circlet_count":0,"master_deck":["AscendersBane","Defend_R+1","Defend_R+1","Defend_R+1","Defend_R+1","Bash","Cleave","Blood for Blood+1","Pommel Strike","Headbutt","Shrug It Off","Disarm","Inflame+1","Impervious","CurseOfTheBell","Sword Boomerang+1","Twin Strike+1","Flame Barrier","Burning Pact","Combust","Spot Weakness","J.A.X.","Decay","Feed+1","Pommel Strike+1","Burning Pact+1","Warcry+1","Feel No Pain"],"relics":["Runic Dome","Red Skull","Turnip","InkBottle","Bottled Tornado","Calling Bell","Centennial Puzzle","Molten Egg 2","Calipers","Red Mask","Orichalcum","Toy Ornithopter","Astrolabe","FossilizedHelix"],"acts_visited":["Exordium","TheCity","TheBeyond"],"potions_floor_usage":[],"damage_taken":[{"damage":1.0,"enemies":"Cultist","floor":1.0,"turns":3.0},{"damage":2.0,"enemies":"Jaw Worm","floor":2.0,"turns":3.0},{"damage":1.0,"enemies":"2 Louse","floor":4.0,"turns":2.0},{"damage":30.0,"enemies":"3 Sentries","floor":6.0,"turns":8.0},{"damage":6.0,"enemies":"Blue Slaver","floor":8.0,"turns":3.0},{"damage":11.0,"enemies":"3 Louse","floor":10.0,"turns":3.0},{"damage":0.0,"enemies":"Gremlin Nob","floor":11.0,"turns":3.0},{"damage":0.0,"enemies":"Large Slime","floor":14.0,"turns":3.0},{"damage":32.0,"enemies":"Hexaghost","floor":16.0,"turns":8.0},{"damage":19.0,"enemies":"3 Byrds","floor":18.0,"turns":5.0},{"damage":29.0,"enemies":"Masked Bandits","floor":20.0,"turns":4.0},{"damage":0.0,"enemies":"Spheric Guardian","floor":22.0,"turns":3.0},{"damage":0.0,"enemies":"Snecko","floor":25.0,"turns":2.0},{"damage":43.0,"enemies":"Slavers","floor":29.0,"turns":5.0},{"damage":14.0,"enemies":"Centurion and Healer","floor":31.0,"turns":5.0},{"damage":20.0,"enemies":"Champ","floor":33.0,"turns":12.0},{"damage":25.0,"enemies":"3 Shapes","floor":35.0,"turns":4.0},{"damage":35.0,"enemies":"3 Darklings","floor":37.0,"turns":5.0},{"damage":0,"enemies":"Mind Bloom Boss Battle","floor":38,"turns":8},{"damage":11,"enemies":"Spire Growth","floor":39,"turns":3}],"seed_played":"3482697486741127745","potions_obtained":[{"floor":4.0,"key":"FearPotion"},{"floor":8.0,"key":"SkillPotion"},{"floor":11.0,"key":"DuplicationPotion"},{"floor":16.0,"key":"BlessingOfTheForge"},{"floor":20.0,"key":"FairyPotion"},{"floor":33.0,"key":"LiquidBronze"}],"is_trial":false,"path_per_floor":["M","M","$","M","?","E","R","M","T","M","E","R","?","M","R","B",null,"M","?","?","?","M","R","$","M","T","R","?","E","?","M","R","B",null,"M","?","M","?","M"],"character_chosen":"IRONCLAD","items_purchased":["Pommel Strike","Burning Pact","Combust"],"campfire_rested":4,"item_purchase_floors":[3,24,24],"current_hp_per_floor":[67,65,65,64,64,34,34,28,28,17,17,39,39,39,39,7,58,39,39,10,10,10,32,32,32,32,54,54,11,11,22,44,24,62,41,41,6,10,0,0],"gold":234,"neow_bonus":"BOSS_RELIC","is_daily":false,"chose_seed":false,"campfire_upgraded":2,"win_rate":0.0,"timestamp":1608533960,"path_taken":["M","?","$","M","?","E","R","M","T","?","E","R","?","M","R","BOSS","M","?","?","?","M","R","$","M","T","R","?","E","?","M","R","BOSS","M","?","M","?","M"],"items_purchased_type":["Card","Card","Card"],"build_version":"2020-12-18","purchased_purges":2,"victory":false,"max_hp_per_floor":[75,75,75,75,75,75,75,75,75,75,75,75,75,75,75,75,75,75,75,75,75,75,75,75,75,75,75,75,75,75,75,75,75,75,79,79,79,83,83,83],"relic_stats":{"Centennial Puzzle":[21],"counters":[20,92],"Astrolabe":["Pommel Strike","Burning Pact","Warcry"],"Turnip":[14],"Orichalcum":[30],"obtain_stats":[{"Calipers":17,"Astrolabe":34,"Bottled Tornado":11,"Orichalcum":26,"Burning Blood":0,"Calling Bell":17,"Runic Dome":0,"Centennial Puzzle":17,"Molten Egg 2":17,"Turnip":6,"Red Mask":20,"Red Skull":5,"InkBottle":9,"Toy Ornithopter":29,"FossilizedHelix":38},{"Calipers":9,"Astrolabe":16,"Bottled Tornado":7,"Orichalcum":13,"Burning Blood":0,"Calling Bell":9,"Runic Dome":0,"Centennial Puzzle":9,"Molten Egg 2":9,"Turnip":4,"Red Mask":11,"Red Skull":3,"InkBottle":5,"Toy Ornithopter":14,"FossilizedHelix":19},{"Calipers":36,"Astrolabe":72,"Bottled Tornado":25,"Orichalcum":50,"Burning Blood":0,"Calling Bell":36,"Runic Dome":0,"Centennial Puzzle":36,"Molten Egg 2":36,"Turnip":16,"Red Mask":45,"Red Skull":8,"InkBottle":19,"Toy Ornithopter":55,"FossilizedHelix":89}],"InkBottle":[23],"Toy Ornithopter":0},"card_choices":[{"not_picked":["Flex","Shockwave"],"picked":"Cleave","floor":1.0},{"not_picked":["Infernal Blade","Flex"],"picked":"Blood for Blood","floor":2.0},{"not_picked":["Reckless Charge","Wild Strike"],"picked":"Headbutt","floor":4.0},{"not_picked":["True Grit","Pummel"],"picked":"Shrug It Off","floor":6.0},{"not_picked":["Clothesline","Dual Wield"],"picked":"Disarm","floor":8.0},{"not_picked":["Dark Embrace","Brutality"],"picked":"Inflame","floor":10.0},{"not_picked":["Cleave","Whirlwind","Pommel Strike"],"picked":"SKIP","floor":11.0},{"not_picked":["Wild Strike","Dropkick","Hemokinesis"],"picked":"SKIP","floor":14.0},{"not_picked":["Offering","Berserk"],"picked":"Impervious","floor":16.0},{"not_picked":["Bloodletting","Clothesline+1"],"picked":"Sword Boomerang+1","floor":18.0},{"not_picked":["Intimidate","Havoc+1"],"picked":"Twin Strike+1","floor":20.0},{"not_picked":["Clash+1","Combust"],"picked":"Flame Barrier","floor":22.0},{"not_picked":["Intimidate","Pummel+1"],"picked":"Spot Weakness","floor":25.0},{"not_picked":["Havoc","Flex","Infernal Blade"],"picked":"SKIP","floor":29.0},{"not_picked":["Pommel Strike+1","Clash+1","Warcry"],"picked":"SKIP","floor":31.0},{"not_picked":["Double Tap","Corruption"],"picked":"Feed+1","floor":33.0},{"not_picked":["Flex+1","Twin Strike+1"],"picked":"Feel No Pain","floor":35.0},{"not_picked":["Infernal Blade","Twin Strike+1","Iron Wave+1"],"picked":"SKIP","floor":37.0}],"player_experience":1215586,"relics_obtained":[{"floor":6.0,"key":"Turnip"},{"floor":9.0,"key":"InkBottle"},{"floor":11.0,"key":"Bottled Tornado"},{"floor":17.0,"key":"Centennial Puzzle"},{"floor":17.0,"key":"Molten Egg 2"},{"floor":17.0,"key":"Calipers"},{"floor":20.0,"key":"Red Mask"},{"floor":26.0,"key":"Orichalcum"},{"floor":29.0,"key":"Toy Ornithopter"},{"floor":38,"key":"FossilizedHelix"}],"event_choices":[{"damage_healed":0.0,"max_hp_gain":0.0,"max_hp_loss":0.0,"gold_gain":0.0,"event_name":"WeMeetAgain","player_choice":"Gave Potion","floor":5.0,"gold_loss":0.0,"damage_taken":0.0,"relics_obtained":["Red Skull"]},{"damage_healed":0.0,"max_hp_gain":0.0,"max_hp_loss":0.0,"gold_gain":0.0,"event_name":"Shining Light","player_choice":"Ignored","floor":13.0,"gold_loss":0.0,"damage_taken":0.0},{"damage_healed":0.0,"max_hp_gain":0.0,"max_hp_loss":0.0,"gold_gain":0.0,"event_name":"Back to Basics","player_choice":"Simplicity","floor":19.0,"gold_loss":0.0,"damage_taken":0.0,"cards_upgraded":["Strike_R","Strike_R","Strike_R","Strike_R","Defend_R","Defend_R","Defend_R","Defend_R"]},{"damage_healed":0.0,"max_hp_gain":0.0,"max_hp_loss":0.0,"gold_gain":0.0,"event_name":"Masked Bandits","player_choice":"Fought Bandits","floor":20.0,"gold_loss":0.0,"damage_taken":0.0},{"damage_healed":0.0,"max_hp_gain":0.0,"max_hp_loss":0.0,"gold_gain":0.0,"event_name":"Ghosts","player_choice":"Ignored","floor":21.0,"gold_loss":0.0,"damage_taken":0.0},{"damage_healed":0.0,"max_hp_gain":0.0,"max_hp_loss":0.0,"gold_gain":0.0,"event_name":"Drug Dealer","player_choice":"Obtain J.A.X.","floor":28.0,"gold_loss":0.0,"damage_taken":0.0,"cards_obtained":["J.A.X."]},{"damage_healed":0.0,"max_hp_gain":0.0,"max_hp_loss":0.0,"gold_gain":0.0,"event_name":"Forgotten Altar","player_choice":"Smashed Altar","floor":30.0,"gold_loss":0.0,"damage_taken":0.0,"cards_obtained":["Decay"]},{"damage_healed":0.0,"max_hp_gain":0.0,"max_hp_loss":0.0,"gold_gain":0.0,"event_name":"Mysterious Sphere","player_choice":"Ignored","floor":36.0,"gold_loss":0.0,"damage_taken":0.0},{"damage_healed":0,"gold_gain":0,"player_choice":"Fight","damage_taken":0,"max_hp_gain":0,"max_hp_loss":0,"event_name":"MindBloom","floor":38,"gold_loss":0}],"is_beta":true,"boss_relics":[{"not_picked":["Philosopher\u0027s Stone","SlaversCollar"],"picked":"Calling Bell"},{"not_picked":["Runic Pyramid","Pandora\u0027s Box"],"picked":"Astrolabe"}],"items_purged_floors":[3,24],"is_endless":false,"potions_floor_spawned":[4,8,11,16,18,20,22,33,37,38],"killed_by":"Spire Growth","ascension_level":20}}