{"host":"nh1tx9wty0m9wedw","time":1608595160,"event":{"mods":["BaseMod","Colored Map","Colored Powertips","Minty Spire (QoL Compilation)"],"gold_per_floor":[210,135,146,146,157,192,192,226,226,238,280,292,322,367,379,495,507,539,69,84,98,58,90,110,110,160,190,204,215,232,262,262,359,359,369,369,369,1,1,1,11,42,42,118,150,150,177,177,177,177],"floor_reached":51,"playtime":3947,"items_purged":["Strike_R","Strike_R","Writhe"],"score":873,"play_id":"e74e9253-60da-49a5-9ea3-f9ff7a0ceaba","local_time":"20201222005920","is_ascension_mode":true,"campfire_choices":[{"data":"Armaments","floor":7.0,"key":"SMITH"},{"floor":10.0,"key":"REST"},{"floor":12.0,"key":"REST"},{"floor":15.0,"key":"REST"},{"data":"Rampage","floor":25.0,"key":"SMITH"},{"data":"Armaments","floor":32.0,"key":"SMITH"},{"data":"Apotheosis","floor":40.0,"key":"SMITH"},{"data":"Metallicize","floor":46.0,"key":"SMITH"},{"floor":49.0,"key":"REST"}],"circlet_count":0,"master_deck":["Strike_R+1","Defend_R","Defend_R","Defend_R","Defend_R","Bash","Rampage+1","Armaments+1","Evolve","Intimidate","Feel No Pain","Cleave+1","Thunderclap","Reaper","Carnage+1","Shockwave+1","Rampage","Thunderclap","Armaments+1","Bludgeon","Cleave","Flex+1","Intimidate+1","Feed+1","Flex+1","Flash of Steel+1","Apotheosis+1","Secret Weapon","Flame Barrier","Metallicize+1","Fire Breathing","Regret","Regret"],"relics":["Burning Blood","Potion Belt","Letter Opener","MawBank","Pocketwatch","CaptainsWheel","Cursed Key","Lantern","Mercury Hourglass","Whetstone","Tiny Chest","Happy Flower","Molten Egg 2","Empty Cage","Smiling Mask","Kunai","Bottled Lightning","Boot","Orichalcum"],"acts_visited":["Exordium","TheCity","TheBeyond"],"potions_floor_usage":[],"damage_taken":[{"damage":11.0,"enemies":"Cultist","floor":1.0,"turns":4.0},{"damage":3.0,"enemies":"2 Louse","floor":3.0,"turns":3.0},{"damage":4.0,"enemies":"Small Slimes","floor":5.0,"turns":3.0},{"damage":25.0,"enemies":"Lagavulin","floor":6.0,"turns":6.0},{"damage":41.0,"enemies":"Gremlin Nob","floor":8.0,"turns":5.0},{"damage":40.0,"enemies":"Lagavulin","floor":11.0,"turns":7.0},{"damage":6.0,"enemies":"3 Louse","floor":13.0,"turns":3.0},{"damage":18.0,"enemies":"Gremlin Nob","floor":14.0,"turns":4.0},{"damage":34.0,"enemies":"Hexaghost","floor":16.0,"turns":10.0},{"damage":5.0,"enemies":"Shell Parasite","floor":18.0,"turns":4.0},{"damage":1.0,"enemies":"Spheric Guardian","floor":20.0,"turns":4.0},{"damage":13.0,"enemies":"Snecko","floor":21.0,"turns":3.0},{"damage":7.0,"enemies":"Slavers","floor":23.0,"turns":4.0},{"damage":3.0,"enemies":"Chosen and Byrds","floor":24.0,"turns":4.0},{"damage":13.0,"enemies":"Gremlin Leader","floor":27.0,"turns":5.0},{"damage":3.0,"enemies":"Cultist and Chosen","floor":28.0,"turns":4.0},{"damage":0.0,"enemies":"Centurion and Healer","floor":29.0,"turns":4.0},{"damage":2.0,"enemies":"Snecko","floor":30.0,"turns":3.0},{"damage":19.0,"enemies":"Book of Stabbing","floor":31.0,"turns":3.0},{"damage":62.0,"enemies":"Champ","floor":33.0,"turns":14.0},{"damage":6.0,"enemies":"Orb Walker","floor":35.0,"turns":2.0},{"damage":6.0,"enemies":"3 Darklings","floor":41.0,"turns":3.0},{"damage":7.0,"enemies":"Reptomancer","floor":42.0,"turns":7.0},{"damage":18.0,"enemies":"Nemesis","floor":45.0,"turns":7.0},{"damage":42.0,"enemies":"Reptomancer","floor":47.0,"turns":6.0},{"damage":124,"enemies":"Awakened One","floor":50,"turns":15}],"seed_played":"-4042571129166867088","potions_obtained":[{"floor":1.0,"key":"EntropicBrew"},{"floor":3.0,"key":"Fire Potion"},{"floor":13.0,"key":"Ancient Potion"},{"floor":14.0,"key":"EntropicBrew"},{"floor":21.0,"key":"Block Potion"},{"floor":22.0,"key":"ColorlessPotion"},{"floor":22.0,"key":"LiquidBronze"},{"floor":22.0,"key":"ElixirPotion"},{"floor":23.0,"key":"Fire Potion"},{"floor":24.0,"key":"SneckoOil"},{"floor":29.0,"key":"BloodPotion"},{"floor":31.0,"key":"AttackPotion"},{"floor":35.0,"key":"GamblersBrew"},{"floor":39.0,"key":"HeartOfIron"},{"floor":39.0,"key":"Swift Potion"},{"floor":39.0,"key":"Block Potion"},{"floor":45.0,"key":"BloodPotion"}],"is_trial":false,"path_per_floor":["M","$","M","$","M","E","R","E","T","R","E","R","M","E","R","B",null,"M","$","M","M","?","E","M","R","T","E","M","M","M","E","R","B",null,"M","?","?","$","?","R","M","E","T","T","E","R","E","?","R","B",null],"character_chosen":"IRONCLAD","items_purchased":["Lantern","Mercury Hourglass","FairyPotion","Flame Barrier","Metallicize"],"campfire_rested":4,"item_purchase_floors":[19,19,38,38,38],"current_hp_per_floor":[75,75,78,78,80,61,61,26,26,50,16,40,40,28,52,24,80,80,80,80,73,73,72,79,79,79,80,80,80,80,67,67,27,80,84,74,74,74,74,74,79,79,79,79,67,67,57,57,80,10],"gold":177,"neow_bonus":"HUNDRED_GOLD","is_daily":false,"chose_seed":false,"campfire_upgraded":5,"win_rate":0.0,"timestamp":1608595160,"path_taken":["M","$","M","$","M","E","R","E","T","R","E","R","?","E","R","BOSS","M","$","M","M","?","E","?","R","T","E","M","M","M","E","R","BOSS","M","?","?","$","?","R","M","E","T","?","E","R","E","?","R","BOSS"],"items_purchased_type":["Relic","Relic","Potion","Card","Card"],"build_version":"2020-12-13","purchased_purges":3,"victory":true,"max_hp_per_floor":[80,80,80,80,80,80,80,80,80,80,80,80,80,80,80,80,80,80,80,80,80,80,80,80,80,80,80,80,80,80,80,80,80,80,84,84,80,80,80,80,80,80,80,80,80,80,80,80,80,84],"card_choices":[{"not_picked":["Disarm","Shrug It Off"],"picked":"Rampage","floor":1.0},{"not_picked":["Shrug It Off","Rupture"],"picked":"Armaments","floor":3.0},{"not_picked":["Flex","Sword Boomerang"],"picked":"Evolve","floor":5.0},{"not_picked":["Hemokinesis","True Grit"],"picked":"Intimidate","floor":6.0},{"not_picked":["Body Slam","Headbutt"],"picked":"Feel No Pain","floor":8.0},{"not_picked":["Dual Wield","Perfected Strike"],"picked":"Cleave","floor":11.0},{"not_picked":["Clothesline","Iron Wave","Twin Strike"],"picked":"SKIP","floor":13.0},{"not_picked":["Headbutt","Limit Break"],"picked":"Thunderclap","floor":14.0},{"not_picked":["Berserk","Feed"],"picked":"Reaper","floor":16.0},{"not_picked":["Clothesline+1","Intimidate+1"],"picked":"Carnage+1","floor":18.0},{"not_picked":["Clothesline+1","Warcry","Wild Strike"],"picked":"SKIP","floor":20.0},{"not_picked":["Thunderclap","Clothesline"],"picked":"Shockwave+1","floor":21.0},{"not_picked":["Seeing Red","Iron Wave"],"picked":"Rampage","floor":23.0},{"not_picked":["Wild Strike","True Grit"],"picked":"Thunderclap","floor":24.0},{"not_picked":["Blood for Blood","Disarm"],"picked":"Armaments","floor":27.0},{"not_picked":["Flex","Seeing Red"],"picked":"Bludgeon","floor":28.0},{"not_picked":["Twin Strike+1","Headbutt"],"picked":"Cleave","floor":29.0},{"not_picked":["Clash","Evolve"],"picked":"Flex+1","floor":30.0},{"not_picked":["Iron Wave+1","Body Slam+1"],"picked":"Intimidate+1","floor":31.0},{"not_picked":["Exhume","Berserk"],"picked":"Feed+1","floor":33.0},{"not_picked":["Heavy Blade+1","Clothesline+1"],"picked":"Flex+1","floor":35.0},{"not_picked":["Dark Shackles","Trip"],"picked":"Flash of Steel+1","floor":36.0},{"not_picked":["Magnetism","Finesse"],"picked":"Apotheosis","floor":36.0},{"not_picked":["Purity","PanicButton"],"picked":"Secret Weapon","floor":36.0},{"not_picked":["Bloodletting","Anger+1","Thunderclap+1"],"picked":"SKIP","floor":41.0},{"not_picked":["Pommel Strike+1","Feel No Pain"],"picked":"Fire Breathing","floor":42.0},{"not_picked":["Searing Blow+1","Havoc+1","Second Wind"],"picked":"SKIP","floor":45.0},{"not_picked":["Perfected Strike+1","Sentinel"],"picked":"Rage+1","floor":47.0}],"player_experience":570139,"relics_obtained":[{"floor":6.0,"key":"Potion Belt"},{"floor":8.0,"key":"Letter Opener"},{"floor":9.0,"key":"MawBank"},{"floor":11.0,"key":"Pocketwatch"},{"floor":14.0,"key":"CaptainsWheel"},{"floor":23.0,"key":"Whetstone"},{"floor":26.0,"key":"Tiny Chest"},{"floor":27.0,"key":"Happy Flower"},{"floor":31.0,"key":"Molten Egg 2"},{"floor":42.0,"key":"Smiling Mask"},{"floor":43.0,"key":"Kunai"},{"floor":44.0,"key":"Bottled Lightning"},{"floor":45.0,"key":"Boot"},{"floor":47.0,"key":"Orichalcum"}],"event_choices":[{"damage_healed":0.0,"max_hp_gain":0.0,"max_hp_loss":0.0,"gold_gain":0.0,"event_name":"The Woman in Blue","player_choice":"Bought 3 Potions","floor":22.0,"gold_loss":0.0,"damage_taken":0.0},{"damage_healed":0.0,"max_hp_gain":0.0,"max_hp_loss":0.0,"gold_gain":0.0,"event_name":"SensoryStone","player_choice":"Memory 3","floor":36.0,"gold_loss":0.0,"damage_taken":10.0},{"damage_healed":0.0,"max_hp_gain":0.0,"max_hp_loss":4.0,"gold_gain":0.0,"event_name":"Winding Halls","player_choice":"Max HP","floor":37.0,"gold_loss":0.0,"damage_taken":0.0},{"damage_healed":0.0,"max_hp_gain":0.0,"max_hp_loss":0.0,"gold_gain":0.0,"event_name":"Lab","player_choice":"Got Potions","floor":39.0,"gold_loss":0.0,"damage_taken":0.0},{"cards_removed":["Rage"],"damage_healed":0.0,"max_hp_gain":0.0,"max_hp_loss":0.0,"gold_gain":0.0,"event_name":"Falling","player_choice":"Removed Skill","floor":48.0,"gold_loss":0.0,"damage_taken":0.0}],"is_beta":false,"boss_relics":[{"not_picked":["Astrolabe","Velvet Choker"],"picked":"Cursed Key"},{"not_picked":["Coffee Dripper","Philosopher\u0027s Stone"],"picked":"Empty Cage"}],"items_purged_floors":[2,19,38],"is_endless":false,"potions_floor_spawned":[1,3,13,14,21,23,24,29,31,35,45],"ascension_level":2}}