{"host":"rqd50iigewdjy74u","time":1608590855,"event":{"mods":["AchievementEnabler","BaseMod","BetterRewards","Custom Start","Minty Spire (QoL Compilation)","Replay The Spire","StSLib"],"gold_per_floor":[119,194,194,194,268,268,39,39,39,113,213,236,259,335,335,464,464,487,437,16,16,31,74,74,173,255,295,316,316,316,332,332,332,332],"floor_reached":33,"playtime":1153,"items_purged":[],"score":344,"play_id":"7f64a48f-602d-48d5-a82b-87d0ae96860b","local_time":"20201221164735","is_ascension_mode":false,"campfire_choices":[{"floor":6.0,"key":"REST"},{"data":"Blade Dance","floor":15.0,"key":"SMITH"},{"floor":30,"key":"REST"},{"data":"Omniscience","floor":32,"key":"SMITH"}],"circlet_count":0,"master_deck":["Strike_G+1","Strike_G+1","Strike_G+1","Strike_G+1","Strike_G+1","Defend_G+1","Defend_G+1","Defend_G+1","Defend_G+1","Defend_G+1","Survivor","Neutralize","Flying Knee+1","Blade Dance+1","Flying Knee+1","Prepared","Footwork+1","Endless Agony+1","Flying Knee+1","Flechettes+1","Omniscience+1","Well Laid Plans+1","Crippling Poison","Footwork+1","Dagger Throw+1","Discovery+1"],"relics":["Ring of the Snake","Happy Flower","Juzu Bracelet","OrangePellets","Frozen Egg 2","Du-Vu Doll","ClockworkSouvenir","War Paint","Centennial Puzzle","PrismaticShard","Ginger","Molten Egg 2","Medical Kit","PreservedInsect","Bag of Preparation","Lee\u0027s Waffle","Regal Pillow","Pen Nib","Cauldron","Golden Idol","Potion Belt","Darkstone Periapt","Letter Opener","Bronze Scales","Lantern","TwistedFunnel","MutagenicStrength","Bottled Lightning","InkBottle","Snake Skull"],"acts_visited":["Exordium","TheCity"],"potions_floor_usage":[29,29,29,29,33],"damage_taken":[{"damage":0.0,"enemies":"Cultist","floor":1.0,"turns":3.0},{"damage":0.0,"enemies":"2 Louse","floor":12.0,"turns":1.0},{"damage":8.0,"enemies":"Jaw Worm","floor":13.0,"turns":2.0},{"damage":0.0,"enemies":"Gremlin Nob","floor":14.0,"turns":2.0},{"damage":11.0,"enemies":"Hexaghost","floor":16.0,"turns":7.0},{"damage":5.0,"enemies":"3 Byrds","floor":18.0,"turns":3.0},{"damage":8.0,"enemies":"Shell Parasite","floor":22.0,"turns":2.0},{"damage":27.0,"enemies":"Slavers","floor":23.0,"turns":2.0},{"damage":14.0,"enemies":"Gremlin Leader","floor":27.0,"turns":4.0},{"damage":21,"enemies":"Snake Plant","floor":28,"turns":2},{"damage":0,"enemies":"Colosseum Slavers","floor":29,"turns":1},{"damage":10,"enemies":"Cultist and Chosen","floor":31,"turns":2},{"damage":48,"enemies":"Automaton","floor":33,"turns":6}],"seed_played":"-1700961591643224623","potions_obtained":[{"floor":0.0,"key":"Poison Potion"},{"floor":0.0,"key":"Fruit Juice"},{"floor":0.0,"key":"EntropicBrew"},{"floor":0.0,"key":"AttackPotion"},{"floor":0.0,"key":"LiquidMemories"},{"floor":12.0,"key":"Block Potion"},{"floor":13.0,"key":"Explosive Potion"},{"floor":16.0,"key":"Fruit Juice"},{"floor":22.0,"key":"SkillPotion"},{"floor":28,"key":"Swift Potion"}],"is_trial":false,"path_per_floor":["M","?","?","?","?","R","$","?","T","T","?","M","M","?","R","B",null,"M","?","$","?","M","E","?","?","T","E","M","?","R","M","R","B"],"character_chosen":"THE_SILENT","items_purchased":["Swift Potion","Happy Flower","Juzu Bracelet","OrangePellets","Frozen Egg 2","Du-Vu Doll","ClockworkSouvenir","War Paint","Centennial Puzzle","PrismaticShard","Ginger","Molten Egg 2","Medical Kit","PreservedInsect","Bag of Preparation","Lee\u0027s Waffle","Regal Pillow","Pen Nib","Cauldron","Flying Knee+1","Flying Knee+1","Prepared","Footwork+1","Endless Agony+1","Lantern","TwistedFunnel","Crippling Poison","Footwork+1"],"campfire_rested":2,"item_purchase_floors":[0,0,0,0,0,0,0,0,0,0,0,0,0,0,0,0,0,0,0,0,7,7,7,7,20,20,20,20],"current_hp_per_floor":[82,71,51,39,39,78,78,78,78,78,78,78,70,70,70,64,87,82,82,82,82,74,47,47,47,47,33,12,12,53,43,43,0,0],"gold":332,"neow_bonus":"","is_daily":false,"chose_seed":false,"campfire_upgraded":2,"win_rate":0.0,"timestamp":1608590855,"path_taken":["M","?","?","?","?","R","$","?","T","?","?","M","M","?","R","BOSS","M","?","$","?","M","E","?","?","T","E","M","?","R","M","R","BOSS"],"items_purchased_type":["Potion","Relic","Relic","Relic","Relic","Relic","Relic","Relic","Relic","Relic","Relic","Relic","Relic","Relic","Relic","Relic","Relic","Relic","Relic","Card","Card","Card","Card","Card","Relic","Relic","Card","Card"],"build_version":"2020-12-13","purchased_purges":0,"victory":false,"max_hp_per_floor":[82,82,82,82,82,82,82,82,82,82,82,82,82,82,82,87,87,87,87,87,87,87,87,87,87,87,87,87,87,87,87,87,87,87],"card_choices":[{"not_picked":["Sever Soul+1","Skim"],"picked":"Blade Dance","floor":1.0},{"not_picked":["Sucker Punch+1","Dagger Throw+1"],"picked":"Flying Knee+1","floor":12.0},{"not_picked":["Genetic Algorithm","EmptyMind"],"picked":"Flechettes+1","floor":13.0},{"not_picked":["Magnetism+1","Seek"],"picked":"Omniscience","floor":16.0},{"not_picked":["Perfected Strike+1","Coolheaded+1"],"picked":"Well Laid Plans+1","floor":18.0},{"not_picked":["Intimidate+1","Ball Lightning+1"],"picked":"Dagger Throw+1","floor":22.0},{"not_picked":["Darkness","Thunderclap+1","ThirdEye"],"picked":"SKIP","floor":23.0},{"not_picked":["ReplayTheSpireMod:Muscle Training","Adaptation+1"],"picked":"Discovery+1","floor":27},{"not_picked":["Fasting2+1","Redo","Twin Strike+1"],"picked":"SKIP","floor":28},{"not_picked":["DeceiveReality","Crescendo","CrushJoints+1"],"picked":"SKIP","floor":31}],"player_experience":109002,"relics_obtained":[{"floor":9.0,"key":"Darkstone Periapt"},{"floor":10.0,"key":"Letter Opener"},{"floor":14.0,"key":"Bronze Scales"},{"floor":23.0,"key":"Bottled Lightning"},{"floor":26.0,"key":"InkBottle"},{"floor":27,"key":"Snake Skull"}],"event_choices":[{"damage_healed":0.0,"max_hp_gain":0.0,"max_hp_loss":0.0,"gold_gain":75.0,"event_name":"World of Goop","player_choice":"Gather Gold","floor":2.0,"gold_loss":0.0,"damage_taken":11.0},{"damage_healed":0.0,"max_hp_gain":0.0,"max_hp_loss":0.0,"gold_gain":0.0,"event_name":"Golden Idol","player_choice":"Take Damage","floor":3.0,"gold_loss":0.0,"damage_taken":20.0,"relics_obtained":["Golden Idol"]},{"damage_healed":0.0,"max_hp_gain":0.0,"max_hp_loss":0.0,"gold_gain":0.0,"event_name":"Scrap Ooze","player_choice":"Success","floor":4.0,"gold_loss":0.0,"damage_taken":12.0,"relics_obtained":["Potion Belt"]},{"damage_healed":0.0,"max_hp_gain":0.0,"max_hp_loss":0.0,"gold_gain":74.0,"event_name":"Golden Wing","player_choice":"Gained Gold","floor":5.0,"gold_loss":0.0,"damage_taken":0.0},{"damage_healed":0.0,"max_hp_gain":0.0,"max_hp_loss":0.0,"gold_gain":0.0,"event_name":"Liars Game","player_choice":"Ignored","floor":8.0,"gold_loss":0.0,"damage_taken":0.0},{"damage_healed":0.0,"max_hp_gain":0.0,"max_hp_loss":0.0,"gold_gain":100.0,"event_name":"Golden Shrine","player_choice":"Pray","floor":11.0,"gold_loss":0.0,"damage_taken":0.0},{"damage_healed":0.0,"max_hp_gain":0.0,"max_hp_loss":0.0,"gold_gain":0.0,"event_name":"Dead Adventurer","player_choice":"Searched \u00272\u0027 times","floor":14.0,"gold_loss":0.0,"damage_taken":0.0},{"damage_healed":0.0,"max_hp_gain":0.0,"max_hp_loss":0.0,"gold_gain":0.0,"event_name":"The Joust","player_choice":"Bet on Murderer","floor":19.0,"gold_loss":50.0,"damage_taken":0.0},{"damage_healed":0.0,"max_hp_gain":0.0,"max_hp_loss":0.0,"gold_gain":0.0,"event_name":"Drug Dealer","player_choice":"Inject Mutagens","floor":21.0,"gold_loss":0.0,"damage_taken":0.0,"relics_obtained":["MutagenicStrength"]},{"damage_healed":0.0,"max_hp_gain":0.0,"max_hp_loss":0.0,"gold_gain":0.0,"event_name":"Back to Basics","player_choice":"Simplicity","floor":24.0,"gold_loss":0.0,"damage_taken":0.0,"cards_upgraded":["Strike_G","Strike_G","Strike_G","Strike_G","Strike_G","Defend_G","Defend_G","Defend_G"]},{"damage_healed":0.0,"max_hp_gain":0.0,"max_hp_loss":0.0,"gold_gain":99.0,"event_name":"Nest","player_choice":"Stole From Cult","floor":25.0,"gold_loss":0.0,"damage_taken":0.0},{"damage_healed":0,"gold_gain":0,"player_choice":"Fight","damage_taken":0,"max_hp_gain":0,"max_hp_loss":0,"event_name":"Colosseum","floor":29,"gold_loss":0},{"damage_healed":0,"gold_gain":0,"player_choice":"Fled From Nobs","damage_taken":0,"max_hp_gain":0,"max_hp_loss":0,"event_name":"Colosseum","floor":29,"gold_loss":0}],"is_beta":false,"boss_relics":[{"not_picked":["Cursed Key","Velvet Choker","Snecko Eye"]}],"items_purged_floors":[],"is_endless":false,"potions_floor_spawned":[12,13,16,22,28],"killed_by":"Automaton","ascension_level":0}}