{"host":"znvnxllcillb3rtw","time":1608543842,"event":{"mods":["BaseMod","DeckTracker","Minty Spire (QoL Compilation)","Relic Stats","StSLib","SuperFastMode","everything is the same but u backflip on backflip"],"gold_per_floor":[113,130,146,160,180,206,222,372,395,395,395,407,438,454,454,454,454],"floor_reached":16,"playtime":440,"items_purged":[],"score":257,"play_id":"0086156b-87f4-4297-a076-4ba9c8054373","local_time":"20201221184402","is_ascension_mode":true,"campfire_choices":[{"floor":11,"key":"REST"},{"floor":15,"key":"REST"}],"circlet_count":0,"master_deck":["AscendersBane","Strike_B","Strike_B","Strike_B","Strike_B","Defend_B","Defend_B","Defend_B","Defend_B","Zap","Dualcast","Cold Snap","Streamline","Cold Snap","Cold Snap","Turbo","Hyperbeam","Ball Lightning","BootSequence","Cold Snap","Fusion"],"relics":["Cracked Core","NeowsBlessing","Turnip","Pen Nib","Centennial Puzzle"],"acts_visited":["Exordium"],"potions_floor_usage":[6,12,16],"damage_taken":[{"damage":0,"enemies":"Small Slimes","floor":1,"turns":1},{"damage":0,"enemies":"2 Louse","floor":2,"turns":1},{"damage":0,"enemies":"Cultist","floor":3,"turns":1},{"damage":9,"enemies":"3 Louse","floor":4,"turns":3},{"damage":11,"enemies":"Exordium Thugs","floor":5,"turns":4},{"damage":29,"enemies":"Lagavulin","floor":6,"turns":7},{"damage":0,"enemies":"Large Slime","floor":7,"turns":4},{"damage":10,"enemies":"Red Slaver","floor":12,"turns":2},{"damage":5,"enemies":"3 Sentries","floor":13,"turns":4},{"damage":4,"enemies":"Exordium Wildlife","floor":14,"turns":2},{"damage":34,"enemies":"The Guardian","floor":16,"turns":9}],"seed_played":"8475022266254292347","potions_obtained":[{"floor":1,"key":"Dexterity Potion"},{"floor":4,"key":"SteroidPotion"},{"floor":7,"key":"Weak Potion"},{"floor":13,"key":"SkillPotion"}],"is_trial":false,"path_per_floor":["M","M","M","M","M","E","M","?","T","?","R","M","E","M","R","B"],"character_chosen":"DEFECT","items_purchased":[],"campfire_rested":2,"item_purchase_floors":[],"current_hp_per_floor":[64,64,64,55,44,15,15,15,15,8,29,19,14,10,31,0,0],"gold":454,"neow_bonus":"THREE_ENEMY_KILL","is_daily":false,"chose_seed":false,"campfire_upgraded":0,"win_rate":0.0,"timestamp":1608543842,"path_taken":["M","M","M","M","M","E","M","?","T","?","R","M","E","M","R","BOSS"],"items_purchased_type":[],"build_version":"2020-12-13","purchased_purges":0,"victory":false,"max_hp_per_floor":[71,71,71,71,71,71,71,71,71,71,71,71,71,71,71,71,71],"relic_stats":{"Centennial Puzzle":[6],"counters":[11,38],"Turnip":[5],"Pen Nib":[3],"obtain_stats":[{"Centennial Puzzle":13,"NeowsBlessing":0,"Turnip":6,"Pen Nib":9,"Cracked Core":0},{"Centennial Puzzle":9,"NeowsBlessing":0,"Turnip":6,"Pen Nib":7,"Cracked Core":0},{"Centennial Puzzle":27,"NeowsBlessing":0,"Turnip":17,"Pen Nib":21,"Cracked Core":0}]},"card_choices":[{"not_picked":["Self Repair","Streamline"],"picked":"Cold Snap","floor":1},{"not_picked":["Turbo","Genetic Algorithm"],"picked":"Streamline","floor":2},{"not_picked":["Turbo","Redo"],"picked":"Cold Snap","floor":3},{"not_picked":["Barrage","Gash"],"picked":"Cold Snap","floor":4},{"not_picked":["Coolheaded","Rebound"],"picked":"Turbo","floor":5},{"not_picked":["Scrape","Capacitor"],"picked":"Hyperbeam","floor":6},{"not_picked":["Compile Driver","Stack"],"picked":"Ball Lightning","floor":7},{"not_picked":["Steam","Stack"],"picked":"BootSequence","floor":12},{"not_picked":["Storm","Lockon"],"picked":"Cold Snap","floor":13},{"not_picked":["Storm","Conserve Battery"],"picked":"Fusion","floor":14}],"player_experience":2872826,"relics_obtained":[{"floor":6,"key":"Turnip"},{"floor":9,"key":"Pen Nib"},{"floor":13,"key":"Centennial Puzzle"}],"event_choices":[{"damage_healed":0,"gold_gain":150,"player_choice":"AGREE","damage_taken":0,"max_hp_gain":0,"max_hp_loss":0,"event_name":"Liars Game","floor":8,"gold_loss":0,"cards_obtained":["Doubt"]},{"cards_removed":["Doubt"],"damage_healed":0,"gold_gain":0,"player_choice":"Card Removal","damage_taken":7,"max_hp_gain":0,"max_hp_loss":0,"event_name":"Golden Wing","floor":10,"gold_loss":0}],"is_beta":false,"boss_relics":[],"items_purged_floors":[],"is_endless":false,"potions_floor_spawned":[1,4,7,13],"killed_by":"The Guardian","ascension_level":20}}