{"host":"i0avyit1s6jb1siw","time":1608548911,"event":{"mods":["BaseMod","DeckTracker","Dota2Spire","Highlight Path","Minty Spire (QoL Compilation)","Quick Restart","Replay The Spire","StSLib","SuperFastMode"],"gold_per_floor":[112,132,145,145,160,160,219,269,295,295,324,6,41,66,66,153,153,193,193,193,225,320,381,381,455,455,481,481],"floor_reached":27,"playtime":414,"items_purged":[],"score":470,"play_id":"716fa6f4-8e26-430f-960d-ad73cd6bf288","local_time":"20201221120831","is_ascension_mode":true,"campfire_choices":[{"data":"Whirlwind","floor":6,"key":"SMITH"},{"data":"Bash","floor":15,"key":"SMITH"},{"floor":24,"key":"REST"}],"circlet_count":0,"master_deck":["AscendersBane","Strike_R","Strike_R","Strike_R","Defend_R","Defend_R","Defend_R","Defend_R","Bash+1","Whirlwind+1","Flame Barrier","ReplayTheSpireMod:Muscle Training","Entrench","Shrug It Off","Shrug It Off","ReplayTheSpireMod:Muscle Training","Demon Form","Flex","ReplayTheSpireMod:Stacked"],"relics":["Burning Blood","NeowsBlessing","Chemical X","Chemical X","Chemical X","Replay:Bandana","Orichalcum","Happy Flower","Membership Card","StoneCalendar","Replay:Bronze Core","SsserpentHead","Replay:Kaleidoscope","CeramicFish"],"acts_visited":["Exordium","TheCity"],"potions_floor_usage":[16,27],"damage_taken":[{"damage":0,"enemies":"Cultist","floor":1,"turns":1},{"damage":0,"enemies":"2 Louse","floor":2,"turns":1},{"damage":0,"enemies":"Small Slimes","floor":3,"turns":1},{"damage":19,"enemies":"Red Slaver","floor":5,"turns":4},{"damage":8,"enemies":"3 Sentries","floor":7,"turns":3},{"damage":9,"enemies":"Gremlin Nob","floor":8,"turns":3},{"damage":15,"enemies":"Large Slime","floor":11,"turns":4},{"damage":0,"enemies":"Gremlin Gang","floor":13,"turns":1},{"damage":4,"enemies":"Exordium Wildlife","floor":14,"turns":3},{"damage":19,"enemies":"Hexaghost","floor":16,"turns":6},{"damage":18,"enemies":"Spheric Guardian","floor":18,"turns":5},{"damage":18,"enemies":"Shell Parasite","floor":21,"turns":4},{"damage":15,"enemies":"Chosen and Byrds","floor":22,"turns":3},{"damage":29,"enemies":"Gremlin Leader","floor":23,"turns":4},{"damage":33,"enemies":"Slavers","floor":27,"turns":3}],"seed_played":"3387071302236437896","potions_obtained":[{"floor":1,"key":"Strength Potion"},{"floor":2,"key":"Milkshake"},{"floor":18,"key":"SneckoOil"}],"is_trial":false,"path_per_floor":["M","M","M","?","M","R","?","E","T","?","M","$","M","M","R","B",null,"M","?","?","M","M","E","R","T","T","E"],"character_chosen":"IRONCLAD","items_purchased":["Membership Card","StoneCalendar"],"campfire_rested":1,"item_purchase_floors":[12,12],"current_hp_per_floor":[74,75,75,75,62,62,60,57,57,57,48,48,54,56,56,43,67,55,55,55,43,34,11,33,33,33,0,0],"gold":481,"neow_bonus":"THREE_ENEMY_KILL","is_daily":false,"chose_seed":false,"campfire_upgraded":2,"win_rate":0.0,"timestamp":1608548911,"path_taken":["M","?","M","?","?","R","?","E","T","?","?","$","M","M","R","BOSS","M","?","?","M","?","E","R","?","T","E"],"items_purchased_type":["Relic","Relic"],"build_version":"2020-12-13","purchased_purges":0,"victory":false,"max_hp_per_floor":[75,75,75,75,75,75,75,75,75,75,75,75,75,75,75,75,75,75,75,75,75,75,75,75,75,75,75,75],"card_choices":[{"not_picked":["Disarm","Inflame"],"picked":"Whirlwind","floor":1},{"not_picked":["Perfected Strike","Cleave"],"picked":"Flame Barrier","floor":2},{"not_picked":["Replay:Undeath\u0027s Touch","Rage"],"picked":"ReplayTheSpireMod:Muscle Training","floor":3},{"not_picked":["Havoc","Headbutt"],"picked":"Shrug It Off","floor":5},{"not_picked":["Armaments","Run Through","Flame Barrier"],"picked":"SKIP","floor":8},{"not_picked":["Anger","Clash"],"picked":"Shrug It Off","floor":11},{"not_picked":["Perfected Strike","Headbutt","Anger"],"picked":"SKIP","floor":13},{"not_picked":["Perfected Strike","Headbutt","Anger"],"picked":"SKIP","floor":13},{"not_picked":["Thunderclap","Pummel"],"picked":"ReplayTheSpireMod:Muscle Training","floor":14},{"not_picked":["Brutality","Eclipse"],"picked":"Demon Form","floor":16},{"not_picked":["Shrug It Off","Headbutt"],"picked":"Flex","floor":18},{"not_picked":["Defy Death","Sword Boomerang","True Grit"],"picked":"SKIP","floor":21},{"not_picked":["Rage+1","ReplayTheSpireMod:Strike From Hell+1"],"picked":"ReplayTheSpireMod:Stacked","floor":22},{"not_picked":["Armaments","Twin Strike","Life Link+1"],"picked":"SKIP","floor":23}],"player_experience":2090250,"relics_obtained":[{"floor":7,"key":"Replay:Bandana"},{"floor":8,"key":"Orichalcum"},{"floor":9,"key":"Happy Flower"},{"floor":23,"key":"Replay:Kaleidoscope"},{"floor":26,"key":"CeramicFish"}],"event_choices":[{"damage_healed":0,"gold_gain":0,"cards_transformed":["Strike_R"],"player_choice":"Transformed","damage_taken":0,"max_hp_gain":0,"max_hp_loss":0,"event_name":"Transmorgrifier","floor":4,"gold_loss":0,"cards_obtained":["Entrench"]},{"damage_healed":0,"gold_gain":0,"player_choice":"Searched \u00271\u0027 times","damage_taken":0,"max_hp_gain":0,"max_hp_loss":0,"event_name":"Dead Adventurer","floor":7,"gold_loss":0},{"cards_removed":["Strike_R"],"damage_healed":0,"gold_gain":0,"player_choice":"Offered Basic","damage_taken":0,"max_hp_gain":0,"max_hp_loss":0,"event_name":"Bonfire Elementals","floor":10,"gold_loss":0},{"damage_healed":0,"gold_gain":0,"player_choice":"Trade","damage_taken":0,"relics_obtained":["SsserpentHead"],"max_hp_gain":0,"max_hp_loss":0,"event_name":"FaceTrader","floor":20,"gold_loss":0}],"is_beta":false,"boss_relics":[{"not_picked":["Replay:Ancient Bell","SacredBark"],"picked":"Replay:Bronze Core"}],"items_purged_floors":[],"is_endless":false,"potions_floor_spawned":[1,2,11,18],"killed_by":"Slavers","ascension_level":20}}