{"host":"yb8iu2n9kkw0z11u","time":1608575941,"event":{"mods":["BaseMod","Downfall","Googly Eyes","Minty Spire (QoL Compilation)","StSLib"],"gold_per_floor":[99,99,134,434,443,488,541,466,475,509,106,132,154,263,289,400,400,325,347,381,381,392,412,412,412,455,455,249,323,351,428,449,558,558,558,608,608,635,629,733,733,937,937,970,1047,1066,1095,816,834,834],"floor_reached":51,"playtime":39431,"items_purged":["Doubt"],"score":925,"play_id":"182a6a87-f57f-4e78-914f-dd155df0a596","local_time":"20201221193901","is_ascension_mode":false,"campfire_choices":[{"data":"Guardian:TwinSlam","floor":1.0,"key":"SMITH"},{"floor":8.0,"key":"RECALL"},{"data":"Guardian:ChargeUp","floor":18.0,"key":"SMITH"},{"data":"Guardian:SphericShield","floor":21.0,"key":"SMITH"},{"data":"Guardian:PrismaticBarrier","floor":25.0,"key":"SMITH"},{"data":"Guardian:BronzeOrb","floor":27.0,"key":"SMITH"},{"data":"Guardian:Preprogram","floor":35.0,"key":"SMITH"},{"data":"Guardian:StasisStrike","floor":37.0,"key":"SMITH"},{"data":"Guardian:Repulse","floor":43,"key":"SMITH"}],"circlet_count":0,"master_deck":["Guardian:Strike_Guardian","Guardian:Strike_Guardian","Guardian:Strike_Guardian","Guardian:Strike_Guardian","Guardian:Defend_Guardian","Guardian:Defend_Guardian","Guardian:Defend_Guardian","Guardian:Defend_Guardian","Guardian:CurlUp","Guardian:TwinSlam+1","Guardian:RollAttack","Guardian:Planning","Guardian:BronzeOrb+1","Guardian:SphericShield+1","Guardian:ChargeUp+1","Guardian:PrismaticBarrier+1","Guardian:Harden+1","Guardian:Planning","Guardian:Reroute","Guardian:Incinerate","Guardian:Preprogram+1","Guardian:TimeBomb+1","Guardian:CrystalBeam+1","Guardian:TimeCapacitor+1","Guardian:StasisStrike+1","Guardian:Suspension+1","Guardian:Repulse+1","Guardian:FloatingOrbs+1","Guardian:ConstructionForm","Guardian:Planning","Deep Breath","Guardian:Gem_Green","Guardian:Clone+1","Guardian:SphericShield","Guardian:Incinerate+1"],"relics":["Guardian:ModeShifterPlus","downfall:HeartsMalice","Torii","CeramicFish","Old Coin","Guardian:PickAxe","downfall:HeartBlessingBlue","FossilizedHelix","HandDrill","Meat on the Bone","downfall:CloakOfManyFaces","CultistMask","FaceOfCleric","NlothsMask","GremlinMask","SsserpentHead","downfall:HeartBlessingRed","Letter Opener","Centennial Puzzle","Anchor","Akabeko","Incense Burner","Smiling Mask","downfall:GremlinSack","Gremlin Horn","Vajra","Lee\u0027s Waffle","StoneCalendar"],"acts_visited":["Exordium","TheCity","TheBeyond"],"potions_floor_usage":[45,50],"damage_taken":[{"damage":0.0,"enemies":"Gremlin Nob","floor":3.0,"turns":1.0},{"damage":0.0,"enemies":"Cultist","floor":5.0,"turns":1.0},{"damage":0.0,"enemies":"2 Louse","floor":9.0,"turns":1.0},{"damage":25.0,"enemies":"Lagavulin","floor":10.0,"turns":7.0},{"damage":0.0,"enemies":"downfall:FleeingMerchant","floor":11.0,"turns":4.0},{"damage":0.0,"enemies":"Small Slimes","floor":12.0,"turns":3.0},{"damage":0.0,"enemies":"Blue Slaver","floor":13.0,"turns":4.0},{"damage":0.0,"enemies":"downfall:FaceTrader","floor":14.0,"turns":6.0},{"damage":0.0,"enemies":"Red Slaver","floor":15.0,"turns":4.0},{"damage":19.0,"enemies":"downfall:Defect","floor":16.0,"turns":9.0},{"damage":0.0,"enemies":"3 Byrds","floor":19.0,"turns":3.0},{"damage":1.0,"enemies":"Book of Stabbing","floor":20.0,"turns":7.0},{"damage":0.0,"enemies":"Spheric Guardian","floor":22.0,"turns":3.0},{"damage":0.0,"enemies":"Centurion and Healer","floor":23.0,"turns":7.0},{"damage":1.0,"enemies":"Slavers","floor":26.0,"turns":3.0},{"damage":0.0,"enemies":"downfall:FleeingMerchant","floor":28.0,"turns":4.0},{"damage":0.0,"enemies":"Snake Plant","floor":29.0,"turns":3.0},{"damage":0.0,"enemies":"Cultist and Chosen","floor":30.0,"turns":6.0},{"damage":0.0,"enemies":"Snecko","floor":31.0,"turns":5.0},{"damage":0.0,"enemies":"Snake Plant","floor":32.0,"turns":3.0},{"damage":5.0,"enemies":"downfall:Silent","floor":33.0,"turns":5.0},{"damage":0.0,"enemies":"Orb Walker","floor":38.0,"turns":3.0},{"damage":0.0,"enemies":"downfall:FleeingMerchant","floor":39.0,"turns":4.0},{"damage":0,"enemies":"2 Orb Walkers","floor":40,"turns":4},{"damage":0,"enemies":"2 Orb Walkers","floor":42,"turns":2},{"damage":45,"enemies":"Giant Head","floor":44,"turns":9},{"damage":0,"enemies":"3 Darklings","floor":45,"turns":3},{"damage":0,"enemies":"Writhing Mass","floor":46,"turns":6},{"damage":0,"enemies":"Spire Growth","floor":47,"turns":8},{"damage":0,"enemies":"downfall:FleeingMerchant","floor":48,"turns":4},{"damage":0,"enemies":"Jaw Worm Horde","floor":49,"turns":3},{"damage":0,"enemies":"downfall:Watcher","floor":50,"turns":6}],"seed_played":"1446641687006101134","potions_obtained":[{"floor":12.0,"key":"SmokeBomb"},{"floor":13.0,"key":"Guardian:DefensiveModePotion"},{"floor":15.0,"key":"Weak Potion"},{"floor":20.0,"key":"Dexterity Potion"},{"floor":23.0,"key":"Dexterity Potion"},{"floor":31.0,"key":"Strength Potion"},{"floor":38.0,"key":"Ancient Potion"},{"floor":44,"key":"hexamod:EctoCoolerPotion"},{"floor":45,"key":"Guardian:BlockOnCardUsePotion"},{"floor":46,"key":"CultistPotion"}],"is_trial":false,"path_per_floor":["R","T","E","?","M","?","T","R","M","E","$","M","M","?","M","B",null,"R","M","E","R","M","M","T","R","E","R","$","M","M","M","M","B",null,"R","?","R","M","$","?","T","?","R","E","M","M","M","$","M","B",null],"character_chosen":"GUARDIAN","items_purchased":["HandDrill","Meat on the Bone","Anchor","Guardian:Incinerate","Vajra","Lee\u0027s Waffle","StoneCalendar"],"campfire_rested":0,"item_purchase_floors":[11,11,28,28,48,48,48],"current_hp_per_floor":[80,80,80,62,62,50,50,60,60,35,35,47,47,47,48,42,92,92,93,93,93,94,95,95,95,95,95,96,97,98,99,100,96,103,103,103,103,104,105,106,106,107,107,63,64,65,66,119,120,121],"gold":834,"neow_bonus":"THREE_ENEMY_KILL","is_daily":false,"chose_seed":false,"campfire_upgraded":8,"win_rate":0.0,"timestamp":1608575941,"path_taken":["R","?","E","?","M","?","T","R","M","E","?","M","?","?","M","BOSS","R","M","E","R","M","M","T","R","E","R","$","?","M","?","M","BOSS","R","?","R","M","$","?","T","?","R","E","?","M","M","$","M","BOSS"],"items_purchased_type":["Relic","Relic","Relic","Card","Relic","Relic","Relic"],"build_version":"2020-12-13","purchased_purges":1,"victory":true,"max_hp_per_floor":[80,80,80,80,80,80,80,90,90,90,90,90,90,90,91,92,92,92,93,94,94,95,96,96,96,97,97,98,99,100,101,102,103,103,103,103,103,104,105,106,106,107,107,108,109,110,111,119,120,121],"card_choices":[{"not_picked":["Guardian:RefractedBeam","Guardian:Emergency"],"picked":"Guardian:RollAttack","floor":3.0},{"not_picked":["Guardian:CrystalBeam","Guardian:PrismaticBarrier"],"picked":"Guardian:Gem_White","floor":5.0},{"not_picked":["Guardian:Gem_Green","Guardian:SpikerProtocol"],"picked":"Guardian:Planning","floor":9.0},{"not_picked":["Guardian:PolyBeam","Guardian:Gem_Purple"],"picked":"Guardian:BronzeOrb","floor":10.0},{"not_picked":["Guardian:ShieldSpikes","Guardian:Gem_White"],"picked":"Guardian:SphericShield","floor":11.0},{"not_picked":["Guardian:Gem_Green","Guardian:VentSteam"],"picked":"Guardian:ChargeUp","floor":12.0},{"not_picked":["Guardian:Incinerate","Guardian:Gem_Fragmented"],"picked":"Guardian:Gem_Crimson","floor":13.0},{"not_picked":["Guardian:ShieldCharger","Guardian:RefractedBeam"],"picked":"Guardian:Gem_Blue","floor":14.0},{"not_picked":["Guardian:ShieldCharger","Guardian:EvasiveProtocol"],"picked":"Guardian:PrismaticBarrier","floor":15.0},{"not_picked":["Guardian:BaubleBeam","Guardian:RevengeProtocol"],"picked":"Guardian:Gem_Orange","floor":16.0},{"not_picked":["Guardian:RollAttack+1","Guardian:PiercingHide"],"picked":"Guardian:Harden+1","floor":19.0},{"not_picked":["Guardian:Recover","Guardian:Gem_Lightblue"],"picked":"Guardian:Gem_Blue","floor":20.0},{"not_picked":["Guardian:WalkerClaw","Guardian:ShieldSpikes","Guardian:Gem_Cyan"],"picked":"SKIP","floor":22.0},{"not_picked":["Guardian:PolyBeam+1","Guardian:Recover+1"],"picked":"Guardian:Planning","floor":23.0},{"not_picked":["Guardian:TemporalStrike","Guardian:Gem_Green"],"picked":"Guardian:Reroute","floor":26.0},{"not_picked":["Guardian:Gem_Red","Guardian:WalkerClaw+1"],"picked":"Guardian:Gem_Synthetic","floor":28.0},{"not_picked":["Guardian:Suspension","Guardian:GuardianWhirl"],"picked":"Guardian:Preprogram","floor":29.0},{"not_picked":["Guardian:Gem_Purple","Guardian:Recover"],"picked":"Guardian:TimeBomb+1","floor":30.0},{"not_picked":["Guardian:TemporalShield","Guardian:Gem_Red"],"picked":"Guardian:CrystalBeam+1","floor":31.0},{"not_picked":["Guardian:PrimingBeam","Guardian:Incinerate+1"],"picked":"Guardian:TimeCapacitor+1","floor":32.0},{"not_picked":["Guardian:ConstructionForm","Guardian:BaubleBeam"],"picked":"Guardian:StasisStrike","floor":33.0},{"not_picked":["Guardian:Gem_Red","Guardian:TimeCapacitor"],"picked":"Guardian:Suspension+1","floor":38.0},{"not_picked":["Guardian:Reroute","Guardian:GuardianWhirl"],"picked":"Guardian:Repulse","floor":39},{"not_picked":["Guardian:ArmoredProtocol+1","Guardian:Recover"],"picked":"Guardian:FloatingOrbs+1","floor":40},{"not_picked":["Guardian:Planning","Guardian:PiercingHide","Guardian:BronzeArmor+1"],"picked":"SKIP","floor":44},{"not_picked":["Guardian:VentSteam","Guardian:RollAttack"],"picked":"Guardian:Gem_Green","floor":45},{"not_picked":["Guardian:RollAttack","Guardian:PrimingBeam+1"],"picked":"Guardian:Clone+1","floor":46},{"not_picked":["Guardian:GuardianWhirl","Guardian:Reroute+1"],"picked":"Guardian:SphericShield","floor":47},{"not_picked":["Guardian:TemporalStrike","Guardian:PrismaticBeam"],"picked":"Guardian:Incinerate+1","floor":48},{"not_picked":["Guardian:Incinerate","Guardian:TemporalShield","Guardian:Planning"],"picked":"SKIP","floor":49}],"player_experience":522355,"relics_obtained":[{"floor":2.0,"key":"Torii"},{"floor":3.0,"key":"CeramicFish"},{"floor":10.0,"key":"FossilizedHelix"},{"floor":14.0,"key":"downfall:CloakOfManyFaces"},{"floor":20.0,"key":"Letter Opener"},{"floor":26.0,"key":"Centennial Puzzle"},{"floor":36.0,"key":"Akabeko"},{"floor":40,"key":"Incense Burner"},{"floor":41,"key":"Smiling Mask"},{"floor":42,"key":"downfall:GremlinSack"},{"floor":44,"key":"Gremlin Horn"}],"event_choices":[{"damage_healed":0.0,"max_hp_gain":0.0,"max_hp_loss":0.0,"gold_gain":0.0,"event_name":"Scrap Ooze","player_choice":"Success","floor":4.0,"gold_loss":0.0,"damage_taken":18.0,"relics_obtained":["Old Coin"]},{"damage_healed":0,"gold_gain":0,"player_choice":"Fight","damage_taken":0,"max_hp_gain":0,"max_hp_loss":0,"event_name":"Mysterious Sphere","floor":40,"gold_loss":0}],"is_beta":false,"boss_relics":[{"not_picked":["Busted Crown","Fusion Hammer","Runic Pyramid"]},{"not_picked":["Calling Bell","Pandora\u0027s Box"],"picked":"Guardian:ModeShifterPlus"}],"items_purged_floors":[48],"is_endless":false,"potions_floor_spawned":[12,13,15,20,23,31,38,44,45,46,47],"ascension_level":0}}