{"host":"d5zlp9udt2hvvjfh","time":1608576361,"event":{"mods":["AchievementEnabler","BaseMod","Minty Spire (QoL Compilation)","Permanent Neow","Relic Stats","StSLib"],"gold_per_floor":[115,115,16,29,53,53,53,92,115,115,131,154,188,44,44,143,143,158,177,76,90,90,90],"floor_reached":22,"playtime":1140,"items_purged":["Injury","Strike_R"],"score":358,"play_id":"ea1ec34d-7534-4d91-8292-34caabc68be1","local_time":"20201221194601","is_ascension_mode":true,"campfire_choices":[{"data":"Feed","floor":7,"key":"SMITH"},{"data":"Shockwave","floor":10,"key":"SMITH"},{"data":"Disarm","floor":15,"key":"SMITH"}],"circlet_count":0,"master_deck":["AscendersBane","Strike_R","Strike_R","Strike_R","Strike_R+1","Defend_R","Defend_R","Defend_R","Defend_R","Bash","Feed+1","Combust+1","Shrug It Off","Clothesline","Rampage","Shockwave+1","Dual Wield","Thunderclap","Disarm+1","Corruption","Heavy Blade","Shrug It Off"],"relics":["Burning Blood","Golden Idol","Tiny Chest","Smiling Mask","Strawberry","Brimstone","Runic Cube"],"acts_visited":["Exordium","TheCity"],"potions_floor_usage":[8],"damage_taken":[{"damage":8,"enemies":"Jaw Worm","floor":1,"turns":5},{"damage":3,"enemies":"2 Louse","floor":4,"turns":3},{"damage":9,"enemies":"Cultist","floor":5,"turns":5},{"damage":16,"enemies":"3 Sentries","floor":8,"turns":5},{"damage":19,"enemies":"Gremlin Gang","floor":11,"turns":3},{"damage":18,"enemies":"Blue Slaver","floor":12,"turns":3},{"damage":19,"enemies":"Lagavulin","floor":13,"turns":8},{"damage":26,"enemies":"Hexaghost","floor":16,"turns":8},{"damage":37,"enemies":"2 Thieves","floor":18,"turns":4},{"damage":3,"enemies":"Chosen","floor":19,"turns":4},{"damage":41,"enemies":"Sentry and Sphere","floor":21,"turns":5},{"damage":0,"enemies":"3 Cultists","floor":22,"turns":1}],"seed_played":"8069258936463519216","potions_obtained":[{"floor":1,"key":"Explosive Potion"},{"floor":5,"key":"DuplicationPotion"},{"floor":16,"key":"LiquidMemories"}],"is_trial":false,"path_per_floor":["M","?","$","M","M","?","R","E","T","R","M","M","E","$","R","B",null,"M","M","$","M","M"],"character_chosen":"IRONCLAD","items_purchased":["Shrug It Off","Brimstone","Shrug It Off"],"campfire_rested":0,"item_purchase_floors":[3,14,20],"current_hp_per_floor":[69,69,69,74,74,59,59,53,53,53,44,32,30,30,30,14,79,48,51,51,16,16,16],"gold":90,"neow_bonus":"THREE_RARE_CARDS","is_daily":false,"chose_seed":false,"campfire_upgraded":3,"win_rate":0.0,"timestamp":1608576361,"path_taken":["M","?","$","M","M","?","R","E","T","R","M","M","E","$","R","BOSS","M","M","$","M","M"],"items_purchased_type":["Card","Relic","Card"],"build_version":"2020-12-13","purchased_purges":2,"victory":false,"max_hp_per_floor":[71,71,71,74,77,77,77,81,81,81,85,85,96,96,96,100,100,100,100,100,100,100,100],"relic_stats":{"counters":[12,54],"Golden Idol":61,"Tiny Chest":0,"Smiling Mask":50,"obtain_stats":[{"Golden Idol":2,"Brimstone":14,"Strawberry":13,"Tiny Chest":8,"Smiling Mask":9,"Burning Blood":0,"Runic Cube":17},{"Golden Idol":1,"Brimstone":7,"Strawberry":7,"Tiny Chest":4,"Smiling Mask":4,"Burning Blood":0,"Runic Cube":8},{"Golden Idol":5,"Brimstone":32,"Strawberry":32,"Tiny Chest":18,"Smiling Mask":18,"Burning Blood":0,"Runic Cube":40}],"Burning Blood":65,"Runic Cube":[11]},"card_choices":[{"not_picked":["Berserk","Corruption"],"picked":"Feed","floor":0},{"not_picked":["Sentinel","Sever Soul"],"picked":"Combust","floor":1},{"not_picked":["Anger","Twin Strike"],"picked":"Clothesline","floor":4},{"not_picked":["True Grit","Flex"],"picked":"Rampage","floor":5},{"not_picked":["Pommel Strike","Sever Soul"],"picked":"Shockwave","floor":8},{"not_picked":["Infernal Blade","Headbutt"],"picked":"Dual Wield","floor":11},{"not_picked":["Clothesline","Fire Breathing"],"picked":"Thunderclap","floor":12},{"not_picked":["Clash","Rampage"],"picked":"Disarm","floor":13},{"not_picked":["Double Tap","Feed"],"picked":"Corruption","floor":16},{"not_picked":["Armaments","Shrug It Off"],"picked":"Heavy Blade","floor":18},{"not_picked":["Cleave","Body Slam","Combust+1"],"picked":"SKIP","floor":19},{"not_picked":["Flex+1","Clothesline","Armaments"],"picked":"SKIP","floor":21}],"player_experience":1128607,"relics_obtained":[{"floor":8,"key":"Tiny Chest"},{"floor":9,"key":"Smiling Mask"},{"floor":13,"key":"Strawberry"}],"event_choices":[{"damage_healed":0,"gold_gain":0,"player_choice":"Take Wound","damage_taken":0,"relics_obtained":["Golden Idol"],"max_hp_gain":0,"max_hp_loss":0,"event_name":"Golden Idol","floor":2,"gold_loss":0,"cards_obtained":["Injury"]},{"damage_healed":0,"gold_gain":0,"player_choice":"Entered Light","damage_taken":15,"max_hp_gain":0,"max_hp_loss":0,"event_name":"Shining Light","floor":6,"gold_loss":0,"cards_upgraded":["Combust","Strike_R"]}],"is_beta":false,"boss_relics":[{"not_picked":["Fusion Hammer","SacredBark"],"picked":"Runic Cube"}],"items_purged_floors":[3,20],"is_endless":false,"potions_floor_spawned":[1,5,16,19,21],"killed_by":"3 Cultists","ascension_level":14}}