{"host":"sav7uxregyirlf69","time":1608558019,"event":{"mods":["AchievementEnabler","BaseMod","Colored Map","DeckTracker","Keyboard Shortcuts","Minty Spire (QoL Compilation)","READ ME - Guardian Mod","StSLib","SuperFastMode"],"gold_per_floor":[115,133,146,156,106,106,136,136,190,216,216,35,35,46,46,145,145,159,159,171,187,38,38,38,38,38,63,162,162,162,187,187,187,187],"floor_reached":33,"playtime":581,"items_purged":["Strike_R"],"score":497,"play_id":"d806ba18-b4f7-497c-bb4a-7dc24e3b1a4b","local_time":"20201221224019","is_ascension_mode":true,"campfire_choices":[{"data":"Wild Strike","floor":6.0,"key":"SMITH"},{"data":"Wild Strike","floor":8.0,"key":"SMITH"},{"data":"Fire Breathing","floor":15.0,"key":"SMITH"},{"floor":23.0,"key":"REST"},{"data":"True Grit","floor":25.0,"key":"SMITH"},{"data":"Evolve","floor":29.0,"key":"SMITH"},{"data":"Battle Trance","floor":32.0,"key":"SMITH"}],"circlet_count":0,"master_deck":["AscendersBane","Defend_R","Defend_R","Defend_R","Bash","Battle Trance+1","Shrug It Off","Wild Strike+1","Wild Strike+1","Ghostly Armor","Fire Breathing+1","True Grit+1","Fiend Fire","Shockwave","Intimidate","Evolve+1","Feel No Pain"],"relics":["Burning Blood","Blue Candle","Smiling Mask","Odd Mushroom","Empty Cage","TheAbacus","PreservedInsect","Tiny Chest","Bronze Scales"],"acts_visited":["Exordium","TheCity"],"potions_floor_usage":[33,33],"damage_taken":[{"damage":1.0,"enemies":"Small Slimes","floor":1.0,"turns":5.0},{"damage":3.0,"enemies":"2 Louse","floor":2.0,"turns":4.0},{"damage":7.0,"enemies":"Jaw Worm","floor":3.0,"turns":4.0},{"damage":25.0,"enemies":"Large Slime","floor":4.0,"turns":5.0},{"damage":42.0,"enemies":"3 Sentries","floor":7.0,"turns":12.0},{"damage":10.0,"enemies":"The Mushroom Lair","floor":10.0,"turns":4.0},{"damage":6.0,"enemies":"Red Slaver","floor":14.0,"turns":3.0},{"damage":0.0,"enemies":"Slime Boss","floor":16.0,"turns":6.0},{"damage":0.0,"enemies":"Chosen","floor":18.0,"turns":4.0},{"damage":21.0,"enemies":"2 Thieves","floor":20.0,"turns":4.0},{"damage":21.0,"enemies":"Cultist and Chosen","floor":21.0,"turns":5.0},{"damage":17.0,"enemies":"Slavers","floor":27.0,"turns":3.0},{"damage":13.0,"enemies":"Gremlin Leader","floor":31.0,"turns":5.0},{"damage":50,"enemies":"Automaton","floor":33,"turns":6}],"seed_played":"2319875867709118235","potions_obtained":[{"floor":2.0,"key":"BloodPotion"},{"floor":7.0,"key":"AttackPotion"},{"floor":10.0,"key":"DistilledChaos"},{"floor":14.0,"key":"SkillPotion"},{"floor":20.0,"key":"Block Potion"},{"floor":27.0,"key":"Block Potion"}],"is_trial":false,"path_per_floor":["M","M","M","M","?","R","E","R","T","?","?","$","?","M","R","B",null,"M","?","M","M","$","R","?","R","T","E","?","R","?","E","R","B"],"character_chosen":"IRONCLAD","items_purchased":["Fire Breathing","True Grit","TheAbacus"],"campfire_rested":1,"item_purchase_floors":[12,12,22],"current_hp_per_floor":[77,80,79,60,60,60,24,24,24,20,13,13,13,13,13,19,65,71,56,41,26,26,51,51,51,51,40,40,40,40,33,33,0,0],"gold":187,"neow_bonus":"TRANSFORM_CARD","is_daily":false,"chose_seed":false,"campfire_upgraded":6,"win_rate":0.0,"timestamp":1608558019,"path_taken":["M","M","M","M","?","R","E","R","T","?","?","?","?","M","R","BOSS","M","?","M","M","$","R","?","R","T","E","?","R","?","E","R","BOSS"],"items_purchased_type":["Card","Card","Relic"],"build_version":"2020-12-13","purchased_purges":1,"victory":false,"max_hp_per_floor":[80,80,80,80,80,80,80,80,80,80,80,80,80,80,80,80,80,80,85,85,85,85,85,85,85,85,85,85,85,85,85,85,85,85],"card_choices":[{"not_picked":["Heavy Blade","Warcry"],"picked":"Shrug It Off","floor":1.0},{"not_picked":["Disarm","Thunderclap"],"picked":"Wild Strike","floor":2.0},{"not_picked":["Wild Strike","Iron Wave","Shrug It Off"],"picked":"SKIP","floor":3.0},{"not_picked":["Iron Wave","Shrug It Off"],"picked":"Wild Strike","floor":3.0},{"not_picked":["Inflame","Warcry","Wild Strike"],"picked":"SKIP","floor":4.0},{"not_picked":["Iron Wave","Perfected Strike","Double Tap"],"picked":"SKIP","floor":7.0},{"not_picked":["Warcry","Havoc"],"picked":"Ghostly Armor","floor":10.0},{"not_picked":["True Grit","Armaments","Pummel"],"picked":"SKIP","floor":14.0},{"not_picked":["Bludgeon","Limit Break"],"picked":"Fiend Fire","floor":16.0},{"not_picked":["Pommel Strike","Disarm"],"picked":"Shockwave","floor":18.0},{"not_picked":["Twin Strike+1","Havoc"],"picked":"Intimidate","floor":20.0},{"not_picked":["Clothesline","Iron Wave+1","Headbutt"],"picked":"SKIP","floor":21.0},{"not_picked":["Clothesline+1","Thunderclap","Headbutt"],"picked":"SKIP","floor":27.0},{"not_picked":["Sword Boomerang+1","Iron Wave+1"],"picked":"Feel No Pain","floor":31.0}],"player_experience":984268,"relics_obtained":[{"floor":7.0,"key":"Blue Candle"},{"floor":9.0,"key":"Smiling Mask"},{"floor":10.0,"key":"Odd Mushroom"},{"floor":26.0,"key":"PreservedInsect"},{"floor":27.0,"key":"Tiny Chest"},{"floor":31.0,"key":"Bronze Scales"}],"event_choices":[{"cards_removed":["Strike_R"],"damage_healed":0.0,"max_hp_gain":0.0,"max_hp_loss":0.0,"gold_gain":0.0,"event_name":"The Cleric","player_choice":"Card Removal","floor":5.0,"gold_loss":50.0,"damage_taken":0.0},{"damage_healed":0.0,"max_hp_gain":0.0,"max_hp_loss":0.0,"gold_gain":0.0,"event_name":"Mushrooms","player_choice":"Fought Mushrooms","floor":10.0,"gold_loss":0.0,"damage_taken":0.0},{"cards_removed":["Strike_R"],"damage_healed":0.0,"max_hp_gain":0.0,"max_hp_loss":0.0,"gold_gain":0.0,"event_name":"Golden Wing","player_choice":"Card Removal","floor":11.0,"gold_loss":0.0,"damage_taken":7.0},{"damage_healed":0.0,"max_hp_gain":0.0,"max_hp_loss":0.0,"gold_gain":0.0,"event_name":"Match and Keep!","player_choice":"0 cards matched","floor":13.0,"gold_loss":0.0,"damage_taken":0.0,"cards_obtained":[]},{"damage_healed":0.0,"max_hp_gain":5.0,"max_hp_loss":0.0,"gold_gain":0.0,"event_name":"Forgotten Altar","player_choice":"Shed Blood","floor":19.0,"gold_loss":0.0,"damage_taken":20.0},{"damage_healed":0.0,"max_hp_gain":0.0,"max_hp_loss":0.0,"gold_gain":0.0,"event_name":"The Library","player_choice":"Read","floor":24.0,"gold_loss":0.0,"damage_taken":0.0,"cards_obtained":["Evolve"]},{"damage_healed":0.0,"max_hp_gain":0.0,"max_hp_loss":0.0,"gold_gain":99.0,"event_name":"Nest","player_choice":"Stole From Cult","floor":28.0,"gold_loss":0.0,"damage_taken":0.0},{"damage_healed":0.0,"max_hp_gain":0.0,"max_hp_loss":0.0,"gold_gain":0.0,"event_name":"Ghosts","player_choice":"Ignored","floor":30.0,"gold_loss":0.0,"damage_taken":0.0}],"is_beta":false,"boss_relics":[{"not_picked":["Snecko Eye","Ectoplasm"],"picked":"Empty Cage"}],"items_purged_floors":[12],"is_endless":false,"potions_floor_spawned":[2,7,10,14,20,27],"killed_by":"Automaton","ascension_level":10}}