{"host":"cxvb37eaaiijvrl4","time":1608555377,"event":{"mods":["ATMod(°¢èªMod)","BaseMod","Better Third Choice","Minty Spire (QoL Compilation)","MostiFishMod","Quick Restart","Rare Cards Sparkle","Shop Mod","Spicy Shops","StSLib","TestMod","Uncapped"],"gold_per_floor":[110,123,134,152,164,192,192,192,192,226,151,178,78,97,97,170,170,183,201,212,225,235,262,262,295,295,295,326,326,326,338,338,411,411,428,318,337,337,11,92,92,186,186,205,215,215,215,273,273,303,303,303,303,43,74,74],"floor_reached":57,"playtime":1419,"items_purged":["Strike_R","Strike_R","Bash"],"score":3894,"play_id":"beba1778-f5ab-4fb2-8ab6-c67f6c6682a7","local_time":"20201221045617","is_ascension_mode":true,"campfire_choices":[{"data":"Recycle","floor":8,"key":"SMITH"},{"data":"Body Slam","floor":15,"key":"SMITH"},{"data":"MostiFishMod:ReadyAimFire","floor":24,"key":"SMITH"},{"data":"AT_IchimonjiDouble","floor":27,"key":"SMITH"},{"data":"Cloak And Dagger","floor":30,"key":"SMITH"},{"data":"AT_Desolate","floor":32,"key":"SMITH"},{"data":"Wish","floor":41,"key":"SMITH"},{"data":"Barricade","floor":46,"key":"SMITH"},{"floor":49,"key":"RECALL"},{"data":"AT_ThunderBolt","floor":53,"key":"SMITH"}],"circlet_count":0,"master_deck":["AscendersBane","Defend_R","Defend_R","Defend_R","Defend_R","AT_ShrugMaster+1","AT_IchimonjiDouble+1","Body Slam+1","Second Wind","Recycle+1","AT_Desolate+1","MostiFishMod:ReadyAimFire+1","Prostrate+1","Cloak And Dagger+1","Wish+1","Power Through","Barricade+1","Berserk","AT_ThunderBolt+1"],"relics":["Burning Blood","testmod-TestBox","DaveBox","AT_ATBox","BirthdayGift-Icosahedron","testmod-Nyarlathotep","Question Card","PrismaticShard","Unceasing Top","AT_ForceNature","Sundial","Pantograph","ImportantClient","PatriotShield","Molten Egg 2","SynthV:C4","testmod-AssaultLearning","testmod-StringDisintegrator","AT_BellowingDragoncrestRing","Smiling Mask","Strawberry","AT_TimeSand","Orichalcum","AT_ChloranthyRing","Bag of Preparation","testmod-IntensifyImprint"],"acts_visited":["Exordium","TheCity","TheBeyond","TheEnding"],"potions_floor_usage":[19],"damage_taken":[{"damage":0.0,"enemies":"Cultist","floor":1.0,"turns":1.0},{"damage":0,"enemies":"Jaw Worm","floor":2,"turns":1},{"damage":0,"enemies":"2 Louse","floor":3,"turns":1},{"damage":0,"enemies":"Gremlin Gang","floor":4,"turns":1},{"damage":0,"enemies":"2 Fungi Beasts","floor":5,"turns":1},{"damage":0,"enemies":"3 Sentries","floor":6,"turns":1},{"damage":0,"enemies":"Gremlin Nob","floor":10,"turns":1},{"damage":0,"enemies":"3 Sentries","floor":12,"turns":1},{"damage":0,"enemies":"Large Slime","floor":14,"turns":1},{"damage":0,"enemies":"The Guardian","floor":16,"turns":2},{"damage":0,"enemies":"2 Thieves","floor":18,"turns":1},{"damage":0,"enemies":"Chosen","floor":19,"turns":1},{"damage":0,"enemies":"Sentry and Sphere","floor":20,"turns":1},{"damage":0,"enemies":"Snake Plant","floor":21,"turns":1},{"damage":0,"enemies":"Snecko","floor":22,"turns":1},{"damage":0,"enemies":"Book of Stabbing","floor":23,"turns":1},{"damage":0,"enemies":"Slavers","floor":25,"turns":1},{"damage":0,"enemies":"Book of Stabbing","floor":28,"turns":1},{"damage":0,"enemies":"Centurion and Healer","floor":31,"turns":1},{"damage":0,"enemies":"Champ","floor":33,"turns":1},{"damage":0,"enemies":"Orb Walker","floor":35,"turns":1},{"damage":0,"enemies":"3 Darklings","floor":37,"turns":1},{"damage":0,"enemies":"Reptomancer","floor":40,"turns":1},{"damage":0,"enemies":"Nemesis","floor":42,"turns":1},{"damage":0,"enemies":"Sphere and 2 Shapes","floor":44,"turns":1},{"damage":0,"enemies":"Jaw Worm Horde","floor":45,"turns":1},{"damage":0,"enemies":"Giant Head","floor":48,"turns":2},{"damage":0,"enemies":"Time Eater","floor":50,"turns":1},{"damage":0,"enemies":"Awakened One","floor":51,"turns":2},{"damage":0,"enemies":"Shield and Spear","floor":55,"turns":1},{"damage":0,"enemies":"The Heart","floor":56,"turns":2}],"seed_played":"-8485818291081380332","potions_obtained":[{"floor":3,"key":"HeartOfIron"},{"floor":5,"key":"LiquidBronze"},{"floor":16,"key":"LiquidMemories"},{"floor":19,"key":"Fruit Juice"},{"floor":28,"key":"EssenceOfSteel"},{"floor":35,"key":"Swift Potion"}],"is_trial":false,"path_per_floor":["M","M","M","M","M","E","?","R","T","E","$","E","$","M","R","B",null,"M","M","M","M","M","E","R","E","T","R","E","?","R","M","R","B",null,"M","?","M","?","$","E","R","E","T","M","M","R","?","E","R","B","B",null,"R","$","E","B",null],"character_chosen":"IRONCLAD","items_purchased":["AT_BellowingDragoncrestRing","AT_ChloranthyRing","Bag of Preparation"],"campfire_rested":0,"item_purchase_floors":[39,54,54],"current_hp_per_floor":[75,75,75,75,75,75,75,75,75,75,75,75,75,75,75,75,75,75,80,80,80,80,80,80,80,80,80,80,80,80,80,80,80,80,80,80,80,80,80,80,80,87,87,87,87,87,87,87,87,87,87,87,87,87,87,87],"gold":74,"neow_bonus":"UPGRADE_CARD","is_daily":false,"chose_seed":false,"campfire_upgraded":9,"win_rate":0.0,"timestamp":1608555377,"path_taken":["M","?","M","M","M","E","?","R","T","E","$","E","$","?","R","BOSS","M","M","M","M","M","E","R","E","T","R","E","?","R","M","R","BOSS","M","?","?","?","$","E","R","E","T","M","M","R","?","E","R","BOSS","BOSS","R","$","E","BOSS"],"items_purchased_type":["Relic","Relic","Relic"],"build_version":"2020-12-13","purchased_purges":3,"victory":true,"max_hp_per_floor":[75,75,75,75,75,75,75,75,75,75,75,75,75,75,75,75,75,75,80,80,80,80,80,80,80,80,80,80,80,80,80,80,80,80,80,80,80,80,80,80,80,87,87,87,87,87,87,87,87,87,87,87,87,87,87,87],"card_choices":[{"not_picked":["True Grit","Rampage","AT_DiedThrough"],"picked":"SKIP","floor":1},{"not_picked":["MostiFishMod:BrandingRite","Blur","Headbutt"],"picked":"AT_IchimonjiDouble","floor":2},{"not_picked":["Reckless Charge","Sword Boomerang","Thunderclap","Heatsinks"],"picked":"SKIP","floor":3},{"not_picked":["BowlingBash","EmptyFist","Crescendo"],"picked":"Body Slam","floor":4},{"not_picked":["Steam","Bandage Up","Fasting2"],"picked":"Second Wind","floor":5},{"not_picked":["testmod-Reflect","Backflip","MostiFishMod:PreservedThorns"],"picked":"Recycle","floor":6},{"not_picked":["Stack","AT_IchimonjiDouble","Battle Trance","Chaos"],"picked":"SKIP","floor":10},{"not_picked":["Blizzard","Deep Breath","WreathOfFlame","MostiFishMod:ReprogramOld"],"picked":"SKIP","floor":12},{"not_picked":["WreathOfFlame","Stack","Evaluate"],"picked":"AT_Desolate","floor":14},{"not_picked":["testmod-Dream","SpiritShield","AT_MyraUnstableElement"],"picked":"MostiFishMod:ReadyAimFire","floor":16},{"not_picked":["Aggregate","Swift Strike","Cloak And Dagger"],"picked":"Prostrate+1","floor":18},{"not_picked":["Body Slam","MostiFishMod:ButterFly","AT_LightSaberMaster","Ghostly Armor"],"picked":"SKIP","floor":19},{"not_picked":["Cold Snap","Whirlwind","Headbutt","TalkToTheHand"],"picked":"SKIP","floor":20},{"not_picked":["FlyingSleeves","SashWhip","Dark Shackles","EmptyBody"],"picked":"SKIP","floor":21},{"not_picked":["Hemokinesis","All For One","Clash+1","Twin Strike"],"picked":"SKIP","floor":22},{"not_picked":["Fasting2","ClearTheMind","SashWhip+1","MostiFishMod:Distribution"],"picked":"SKIP","floor":23},{"not_picked":["Genetic Algorithm","MostiFishMod:LegendTransform","Cleave+1","ClearTheMind"],"picked":"SKIP","floor":25},{"not_picked":["Redo","Shockwave","Backflip"],"picked":"Cloak And Dagger","floor":28},{"not_picked":["Armaments","Battle Trance","Burning Pact","MostiFishMod:Speedup+1"],"picked":"SKIP","floor":31},{"not_picked":["testmod-Superconductor","MostiFishMod:Confrontation","testmod-SelfRegulatingSystem"],"picked":"Wish","floor":33},{"not_picked":["MostiFishMod:BrandingRite","Go for the Eyes+1","Dodge and Roll","Reprogram"],"picked":"SKIP","floor":35},{"not_picked":["InnerPeace","Iron Wave+1","FollowUp+1"],"picked":"Power Through","floor":37},{"not_picked":["testmod-RabbitOfFibonacci+1","Impatience","CrushJoints+1","AT_HeatAcrobatics"],"picked":"SKIP","floor":40},{"not_picked":["testmod-RabbitOfFibonacci+1","Impatience","CrushJoints+1","AT_HeatAcrobatics"],"picked":"SKIP","floor":40},{"not_picked":["Sweeping Beam+1","Lockon+1","Sentinel"],"picked":"Barricade","floor":42},{"not_picked":["CrushJoints+1","Thunderclap+1","Finisher+1","Halt"],"picked":"SKIP","floor":44},{"not_picked":["Crescendo","AT_HeatAcrobatics","AT_ThistleTea+1","Trip"],"picked":"SKIP","floor":45},{"not_picked":["Deadly Poison","InnerPeace+1","Buffer"],"picked":"AT_ThunderBolt","floor":48},{"not_picked":["Flechettes+1","Conserve Battery","PathToVictory+1","AT_EMC2"],"picked":"SKIP","floor":55}],"player_experience":637096,"relics_obtained":[{"floor":1,"key":"Question Card"},{"floor":1,"key":"PrismaticShard"},{"floor":6,"key":"Unceasing Top"},{"floor":9,"key":"AT_ForceNature"},{"floor":10,"key":"Sundial"},{"floor":12,"key":"Pantograph"},{"floor":16,"key":"ImportantClient"},{"floor":23,"key":"Molten Egg 2"},{"floor":25,"key":"SynthV:C4"},{"floor":28,"key":"testmod-AssaultLearning"},{"floor":40,"key":"Smiling Mask"},{"floor":42,"key":"Strawberry"},{"floor":43,"key":"AT_TimeSand"},{"floor":48,"key":"Orichalcum"},{"floor":55,"key":"testmod-IntensifyImprint"}],"event_choices":[{"cards_removed":["Strike_R"],"damage_healed":0,"gold_gain":0,"player_choice":"Purged","damage_taken":0,"max_hp_gain":0,"max_hp_loss":0,"event_name":"Purifier","floor":7,"gold_loss":0},{"damage_healed":0,"gold_gain":0,"player_choice":"Ignored","damage_taken":0,"max_hp_gain":0,"max_hp_loss":0,"event_name":"The Mausoleum","floor":29,"gold_loss":0},{"cards_removed":["Strike_R"],"damage_healed":0,"gold_gain":0,"player_choice":"Upgrade and Remove","damage_taken":0,"max_hp_gain":0,"max_hp_loss":0,"event_name":"Designer","floor":36,"gold_loss":110,"cards_upgraded":["Strike_R"]},{"damage_healed":0,"gold_gain":0,"player_choice":"Ignored","damage_taken":0,"max_hp_gain":0,"max_hp_loss":0,"event_name":"Tomb of Lord Red Mask","floor":38,"gold_loss":0},{"damage_healed":0,"gold_gain":0,"cards_transformed":["Strike_R"],"player_choice":"Transformed","damage_taken":0,"max_hp_gain":0,"max_hp_loss":0,"event_name":"Transmorgrifier","floor":47,"gold_loss":0,"cards_obtained":["Berserk"]}],"is_beta":false,"boss_relics":[{"not_picked":["MostiFishMod:Hod","testmod-HarvestTotem"],"picked":"PatriotShield"},{"not_picked":["NightmareShop","Cursed Key"],"picked":"testmod-StringDisintegrator"}],"items_purged_floors":[11,13,39],"is_endless":false,"potions_floor_spawned":[3,5,10,12,16,18,19,23,28,35,40,44,48,55],"ascension_level":20}}