{"host":"e1ezmaebp4k769tb","time":1608548143,"event":{"mods":["2.2 Compatiblity","AchievementEnabler","AlwaysNeverKeys","BaseMod","CapriCore","Card Filter","Colored Powertips","Curses Come First","DeckTracker","Friendly Minions","Highlight Path","Keyboard Shortcuts","Minty Spire (QoL Compilation)","Permanent Neow","Quick Restart","Red Circlet Mod","Remilia£¨?Ú·×é?£©","Replay The Spire","StSLib","WarShipGirlsR/??á´Ò³R mod"],"gold_per_floor":[362,18,31,67,67,85,85,98,171,204,217,251,251,326,326,398,398,410,421,437,437,437],"floor_reached":21,"playtime":1150,"items_purged":[],"score":432,"play_id":"f01aa35f-4585-450d-a5c7-70ce92e552a4","local_time":"20201221195543","is_ascension_mode":true,"campfire_choices":[{"floor":7,"key":"REST"},{"floor":13,"key":"REST"},{"floor":15,"key":"REST"}],"circlet_count":0,"master_deck":["AscendersBane","rmod:strick","rmod:strick","rmod:strick","rmod:strick","rmod:defend","rmod:defend","rmod:defend","rmod:defend","rmod:basicallowance","rmod:maingunfire","rmod:overbreakdown","rmod:steelsupply+1","rmod:diamondstrike","rmod:maintain","rmod:selfconfidence","rmod:launchingtorpedo","rmod:combined","rmod:supportescort","rmod:abidefaith+1","rmod:gendarmerie","rmod:unsinkable","rmod:diaomin"],"relics":["rmod:firstchargereward","Golden Egg","White Beast Statue","Smiling Mask","Bird Faced Urn","Sozu"],"acts_visited":["Exordium","TheCity"],"potions_floor_usage":[10,10,10,12,19,21],"damage_taken":[{"damage":0,"enemies":"2 Louse","floor":1,"turns":3},{"damage":0,"enemies":"Jaw Worm","floor":3,"turns":5},{"damage":0,"enemies":"Small Slimes","floor":6,"turns":4},{"damage":3,"enemies":"2 Fungi Beasts","floor":8,"turns":3},{"damage":0,"enemies":"Replay:BlueRogue","floor":10,"turns":3},{"damage":11,"enemies":"Exordium Wildlife","floor":11,"turns":5},{"damage":12,"enemies":"Gremlin Nob","floor":12,"turns":3},{"damage":43,"enemies":"Fading Forest","floor":16,"turns":13},{"damage":0,"enemies":"Chosen","floor":18,"turns":3},{"damage":26,"enemies":"Shell Parasite","floor":19,"turns":7},{"damage":28,"enemies":"Shelled Parasite and Fungi","floor":20,"turns":4},{"damage":27,"enemies":"Snecko","floor":21,"turns":4}],"seed_played":"2360090784615907175","potions_obtained":[{"floor":4,"key":"Reflective Coating"},{"floor":4,"key":"EntropicBrew"},{"floor":5,"key":"BlessingOfTheForge"},{"floor":10,"key":"Milkshake"},{"floor":12,"key":"LiquidMemories"},{"floor":16,"key":"Swift Potion"}],"is_trial":false,"path_per_floor":["M","$","M","?","?","M","R","M","T","E","M","E","R","?","R","B",null,"M","M","M","M"],"character_chosen":"PRAEFECT","items_purchased":["Golden Egg","rmod:steelsupply"],"campfire_rested":3,"item_purchase_floors":[2,2],"current_hp_per_floor":[45,45,45,17,17,17,38,35,35,35,24,12,33,22,43,10,55,55,31,5,0,0],"gold":437,"neow_bonus":"TWO_FIFTY_GOLD","is_daily":false,"chose_seed":false,"campfire_upgraded":0,"win_rate":0.0,"timestamp":1608548143,"path_taken":["M","$","M","?","?","?","R","M","T","E","?","E","R","?","R","BOSS","M","M","M","M"],"items_purchased_type":["Relic","Card"],"build_version":"2020-12-13","purchased_purges":0,"victory":false,"max_hp_per_floor":[70,70,70,70,70,70,70,70,70,70,70,70,70,70,70,70,70,70,70,70,70,70],"card_choices":[{"not_picked":["rmod:wife","rmod:intelligenceanalysis"],"picked":"rmod:overbreakdown","floor":1},{"not_picked":["rmod:capitalist","rmod:fletcherpendant","rmod:intelligenceanalysis"],"picked":"SKIP","floor":3},{"not_picked":["rmod:aviationdawn","rmod:maintain"],"picked":"rmod:diamondstrike","floor":4},{"not_picked":["rmod:steelsupply","rmod:overbreakdown"],"picked":"rmod:maintain","floor":6},{"not_picked":["rmod:luckystar","rmod:goodfighter"],"picked":"rmod:selfconfidence","floor":8},{"not_picked":["rmod:highspeedshooting","rmod:fuelsupply"],"picked":"rmod:launchingtorpedo","floor":10},{"not_picked":["rmod:aluminumsupply","rmod:fletcherpendant"],"picked":"rmod:combined","floor":11},{"not_picked":["rmod:salvage","rmod:aviationdawn"],"picked":"rmod:supportescort","floor":12},{"not_picked":["rmod:secretscript","rmod:auspiciousomen"],"picked":"rmod:abidefaith","floor":16},{"not_picked":["rmod:launchingtorpedo","rmod:overbreakdown"],"picked":"rmod:gendarmerie","floor":18},{"not_picked":["rmod:fuelsupply","rmod:circuitoustactics"],"picked":"rmod:unsinkable","floor":19},{"not_picked":["rmod:garrisonisland","rmod:circuitoustactics"],"picked":"rmod:diaomin","floor":20}],"player_experience":182671,"relics_obtained":[{"floor":9,"key":"White Beast Statue"},{"floor":10,"key":"Smiling Mask"},{"floor":12,"key":"Bird Faced Urn"}],"event_choices":[{"damage_healed":0,"gold_gain":0,"player_choice":"Got Potions","damage_taken":0,"max_hp_gain":0,"max_hp_loss":0,"event_name":"Lab","floor":5,"gold_loss":0},{"damage_healed":0,"gold_gain":75,"player_choice":"Gather Gold","damage_taken":11,"max_hp_gain":0,"max_hp_loss":0,"event_name":"World of Goop","floor":14,"gold_loss":0}],"is_beta":false,"boss_relics":[{"not_picked":["Runic Dome","Astrolabe"],"picked":"Sozu"}],"items_purged_floors":[],"is_endless":false,"potions_floor_spawned":[10,11,12,16,18,19,20],"killed_by":"Snecko","ascension_level":20}}