{"host":"xhamcave7q47vrco","time":1608541565,"event":{"mods":["BaseMod","Minty Spire (QoL Compilation)","Permanent Neow","Quick Restart","StSLib","TestMod"],"gold_per_floor":[118,136,147,159,159,192,192,213,213,256,256,275,154,168,168,299,299,318,318,318,333,351,351,391,391,463,483,519,21,39,39,39,168,168,195,195,211,211,277,328,350,394,394,416,416,416,451,468,468,474,474,474,349,394,406],"floor_reached":56,"playtime":2554,"items_purged":["Defend_R","Strike_R","Defend_R"],"score":1465,"play_id":"2d8ff17f-77cb-4277-b236-1009d827d80e","local_time":"20201221170605","is_ascension_mode":true,"campfire_choices":[{"data":"Armaments","floor":11,"key":"SMITH"},{"floor":15,"key":"RECALL"},{"data":"Limit Break","floor":23,"key":"SMITH"},{"data":"Bash","floor":25,"key":"SMITH"},{"data":"testmod-FightingIntention","floor":32,"key":"SMITH"},{"data":"Inflame","floor":46,"key":"SMITH"},{"data":"Flex","floor":49,"key":"SMITH"},{"data":"Shrug It Off","floor":52,"key":"SMITH"}],"circlet_count":0,"master_deck":["Strike_R","Defend_R","Bash+1","Dropkick","Clash","Shrug It Off","Pummel+1","Shrug It Off+1","Armaments+1","Flex+1","Limit Break+1","Battle Trance+1","Inflame+1","testmod-FightingIntention+1","Spot Weakness+1","Reaper","Seeing Red+1","Intimidate+1","Thunderclap+1","Heavy Blade+1","Flex+1","Flex+1"],"relics":["Burning Blood","testmod-TestBox","testmod-TimeTraveler","Golden Idol","Bag of Marbles","testmod-ArcanaOfDestiny","MealTicket","testmod-DeterminationOfClimber","Toxic Egg 2","Lizard Tail","Chemical X","testmod-TestBox","testmod-BlackFramedGlasses","Question Card","testmod-Brilliant","Anchor"],"acts_visited":["Exordium","TheCity","TheBeyond","TheEnding"],"potions_floor_usage":[6,55,55],"damage_taken":[{"damage":1,"enemies":"Cultist","floor":1,"turns":3},{"damage":1,"enemies":"Jaw Worm","floor":2,"turns":2},{"damage":10,"enemies":"Small Slimes","floor":3,"turns":2},{"damage":0,"enemies":"3 Louse","floor":4,"turns":3},{"damage":8,"enemies":"3 Sentries","floor":6,"turns":7},{"damage":11,"enemies":"Exordium Wildlife","floor":8,"turns":3},{"damage":2,"enemies":"Gremlin Nob","floor":10,"turns":3},{"damage":0,"enemies":"2 Fungi Beasts","floor":12,"turns":2},{"damage":0,"enemies":"3 Louse","floor":14,"turns":2},{"damage":12,"enemies":"The Guardian","floor":16,"turns":5},{"damage":0,"enemies":"Spheric Guardian","floor":18,"turns":3},{"damage":0,"enemies":"2 Thieves","floor":21,"turns":2},{"damage":0,"enemies":"Snake Plant","floor":22,"turns":1},{"damage":0,"enemies":"Gremlin Leader","floor":24,"turns":4},{"damage":0,"enemies":"Chosen and Byrds","floor":27,"turns":3},{"damage":0,"enemies":"Slavers","floor":28,"turns":3},{"damage":0,"enemies":"Snecko","floor":30,"turns":1},{"damage":9,"enemies":"Collector","floor":33,"turns":3},{"damage":0,"enemies":"Orb Walker","floor":35,"turns":1},{"damage":2,"enemies":"3 Shapes","floor":37,"turns":2},{"damage":0,"enemies":"Mind Bloom Boss Battle","floor":39,"turns":1},{"damage":0,"enemies":"Giant Head","floor":40,"turns":2},{"damage":0,"enemies":"Jaw Worm Horde","floor":41,"turns":2},{"damage":0,"enemies":"Nemesis","floor":42,"turns":3},{"damage":0,"enemies":"Writhing Mass","floor":44,"turns":1},{"damage":0,"enemies":"Transient","floor":47,"turns":4},{"damage":0,"enemies":"Jaw Worm Horde","floor":48,"turns":1},{"damage":13,"enemies":"Time Eater","floor":50,"turns":4},{"damage":0,"enemies":"Shield and Spear","floor":54,"turns":2},{"damage":30,"enemies":"The Heart","floor":55,"turns":5}],"seed_played":"-322812782495897220","potions_obtained":[{"floor":1,"key":"FearPotion"},{"floor":4,"key":"EssenceOfSteel"},{"floor":8,"key":"LiquidBronze"},{"floor":18,"key":"DistilledChaos"},{"floor":21,"key":"AttackPotion"},{"floor":33,"key":"FairyPotion"}],"is_trial":false,"path_per_floor":["M","M","M","M","?","E","?","M","T","E","R","M","$","M","R","B",null,"M","?","T","M","M","R","E","R","T","M","E","$","M","?","R","B",null,"M","?","M","?","?","E","M","E","T","M","?","R","M","M","R","B",null,"R","$","E","B",null],"character_chosen":"IRONCLAD","items_purchased":["Flex","Inflame","testmod-FightingIntention","Chemical X"],"campfire_rested":0,"item_purchase_floors":[13,29,29,29],"current_hp_per_floor":[80,80,76,80,60,58,58,53,53,57,57,63,78,80,80,74,80,80,80,80,80,80,80,80,80,80,80,80,80,80,80,80,78,80,80,80,80,80,80,80,80,80,80,80,72,72,80,80,80,80,80,80,80,80,68],"gold":406,"neow_bonus":"TRANSFORM_CARD","is_daily":false,"chose_seed":false,"campfire_upgraded":7,"win_rate":0.0,"timestamp":1608541565,"path_taken":["M","?","M","M","?","E","?","?","T","E","R","M","$","M","R","BOSS","M","?","?","M","M","R","E","R","T","M","E","$","M","?","R","BOSS","M","?","?","?","?","E","M","E","T","M","?","R","M","M","R","BOSS","R","$","E","BOSS"],"items_purchased_type":["Card","Card","Card","Relic"],"build_version":"2020-12-13","purchased_purges":3,"victory":true,"max_hp_per_floor":[80,80,80,80,80,80,80,80,80,80,80,80,80,80,80,80,80,80,80,80,80,80,80,80,80,80,80,80,80,80,80,80,80,80,80,80,80,80,80,80,80,80,80,80,80,80,80,80,80,80,80,80,80,80,80],"card_choices":[{"not_picked":["Thunderclap","Headbutt"],"picked":"Clash","floor":1},{"not_picked":["Anger","Ghostly Armor"],"picked":"Shrug It Off","floor":2},{"not_picked":["Body Slam","Cleave"],"picked":"Pummel","floor":3},{"not_picked":["Anger","Combust","Body Slam"],"picked":"SKIP","floor":4},{"not_picked":["Dual Wield","Infernal Blade","Anger"],"picked":"SKIP","floor":6},{"not_picked":["Iron Wave","Warcry"],"picked":"Shrug It Off","floor":8},{"not_picked":["Double Tap","Wild Strike"],"picked":"Armaments","floor":10},{"not_picked":["Headbutt","Combust","Anger"],"picked":"SKIP","floor":12},{"not_picked":["Rampage","Iron Wave","Reckless Charge"],"picked":"SKIP","floor":14},{"not_picked":["Corruption","Impervious"],"picked":"Limit Break","floor":16},{"not_picked":["Wild Strike","Iron Wave","Pommel Strike+1"],"picked":"SKIP","floor":18},{"not_picked":["Intimidate+1","Second Wind+1","Thunderclap+1"],"picked":"SKIP","floor":21},{"not_picked":["Offering+1","Warcry+1","Pommel Strike"],"picked":"SKIP","floor":22},{"not_picked":["Cleave","Pommel Strike+1","Clothesline+1"],"picked":"SKIP","floor":24},{"not_picked":["Anger+1","Reckless Charge","Perfected Strike+1"],"picked":"SKIP","floor":27},{"not_picked":["Twin Strike","Infernal Blade+1"],"picked":"Battle Trance+1","floor":28},{"not_picked":["Entrench+1","Rupture"],"picked":"Spot Weakness+1","floor":30},{"not_picked":["Demon Form","Immolate"],"picked":"Reaper","floor":33},{"not_picked":["Cleave","Second Wind+1","Infernal Blade+1"],"picked":"SKIP","floor":35},{"not_picked":["Sever Soul","Dark Embrace","Ghostly Armor+1"],"picked":"SKIP","floor":37},{"not_picked":["Carnage+1","Feed","Burning Pact+1"],"picked":"SKIP","floor":40},{"not_picked":["Iron Wave","Clash+1","Cleave+1"],"picked":"Heavy Blade+1","floor":41},{"not_picked":["Hemokinesis+1","Body Slam","Armaments+1","Juggernaut"],"picked":"SKIP","floor":42},{"not_picked":["Blood for Blood+1","Flame Barrier+1","Reckless Charge","Wild Strike+1"],"picked":"SKIP","floor":44},{"not_picked":["Rupture+1","Thunderclap+1","Carnage"],"picked":"Flex+1","floor":47},{"not_picked":["Headbutt","Bloodletting+1","Rampage+1","Evolve"],"picked":"SKIP","floor":48},{"not_picked":["Shrug It Off+1","Anger+1","Reckless Charge+1"],"picked":"Flex+1","floor":54}],"player_experience":33910,"relics_obtained":[{"floor":6,"key":"Bag of Marbles"},{"floor":9,"key":"testmod-ArcanaOfDestiny"},{"floor":10,"key":"MealTicket"},{"floor":20,"key":"Toxic Egg 2"},{"floor":28,"key":"Lizard Tail"},{"floor":39,"key":"testmod-BlackFramedGlasses"},{"floor":40,"key":"Question Card"},{"floor":42,"key":"testmod-Brilliant"},{"floor":54,"key":"Anchor"}],"event_choices":[{"damage_healed":0,"gold_gain":0,"player_choice":"Take Damage","damage_taken":20,"relics_obtained":["Golden Idol"],"max_hp_gain":0,"max_hp_loss":0,"event_name":"Golden Idol","floor":5,"gold_loss":0},{"damage_healed":0,"gold_gain":0,"player_choice":"Upgraded","damage_taken":0,"max_hp_gain":0,"max_hp_loss":0,"event_name":"Upgrade Shrine","floor":7,"gold_loss":0,"cards_upgraded":["Pummel"]},{"damage_healed":0,"gold_gain":0,"player_choice":"Ignored","damage_taken":0,"max_hp_gain":0,"max_hp_loss":0,"event_name":"Ghosts","floor":19,"gold_loss":0},{"damage_healed":0,"gold_gain":0,"player_choice":"Ignored","damage_taken":0,"max_hp_gain":0,"max_hp_loss":0,"event_name":"Vampires","floor":31,"gold_loss":0},{"damage_healed":0,"gold_gain":0,"player_choice":"0 cards matched","damage_taken":0,"max_hp_gain":0,"max_hp_loss":0,"event_name":"Match and Keep!","floor":36,"gold_loss":0,"cards_obtained":[]},{"damage_healed":0,"gold_gain":0,"player_choice":"Swap Relic","damage_taken":0,"relics_obtained":["testmod-TestBox"],"max_hp_gain":0,"max_hp_loss":0,"event_name":"给自己的盒子","floor":38,"relics_lost":["Astrolabe"],"gold_loss":0},{"damage_healed":0,"gold_gain":0,"player_choice":"Fight","damage_taken":0,"max_hp_gain":0,"max_hp_loss":0,"event_name":"MindBloom","floor":39,"gold_loss":0},{"damage_healed":0,"gold_gain":0,"player_choice":"Ignored","damage_taken":8,"max_hp_gain":0,"max_hp_loss":0,"event_name":"恩洛斯的盘子","floor":45,"gold_loss":0}],"is_beta":false,"boss_relics":[{"not_picked":["Calling Bell","testmod-HarvestTotem"],"picked":"testmod-DeterminationOfClimber"},{"not_picked":["testmod-NegativeEmotionEnhancer","Black Blood"],"picked":"Astrolabe"}],"items_purged_floors":[13,29,53],"is_endless":false,"potions_floor_spawned":[1,4,8,18,21,28,33,39,41,42,48,54],"ascension_level":1}}