{"host":"ih7ofq2zpufcoifs","time":1608526159,"event":{"mods":["BaseMod","Colored Map","Minty Spire (QoL Compilation)"],"gold_per_floor":[113,129,142,157,175,175,207,224,224,224,235,235,134,160,160,232,232,249,174,174,192,29,29,61,77,77,77,88,107,107,135,135,209,209,221,273,292,302,317,350,350,381,381,381,391,404,93,128,128,128,128,128,128,16,45,45],"floor_reached":57,"playtime":8169,"items_purged":["Strike_G","Regret"],"score":3192,"play_id":"1cca2187-2c96-42d7-bbc9-3c3164c30c00","local_time":"20201221144918","is_ascension_mode":true,"campfire_choices":[{"data":"Poisoned Stab","floor":6.0,"key":"SMITH"},{"data":"All Out Attack","floor":10.0,"key":"SMITH"},{"data":"Blade Dance","floor":12.0,"key":"SMITH"},{"data":"Catalyst","floor":15.0,"key":"SMITH"},{"data":"Wraith Form v2","floor":23.0,"key":"SMITH"},{"data":"Crippling Poison","floor":27.0,"key":"SMITH"},{"data":"Catalyst","floor":30.0,"key":"SMITH"},{"floor":32.0,"key":"DIG"},{"floor":41.0,"key":"DIG"},{"floor":44.0,"key":"DIG"},{"floor":49,"key":"RECALL"},{"floor":53,"key":"DIG"}],"circlet_count":0,"master_deck":["AscendersBane","Strike_G","Strike_G","Strike_G","Defend_G","Defend_G","Defend_G","Defend_G","Defend_G","Survivor","Neutralize","Poisoned Stab+1","All Out Attack+1","Blade Dance+1","Flechettes","Dagger Throw","Noxious Fumes","Poisoned Stab","Catalyst+1","Wraith Form v2+1","Catalyst+1","Crippling Poison+1","Bouncing Flask+1","Backflip+1","Night Terror","Concentrate+1","Acrobatics","Backflip","Bullet Time","Leg Sweep","Acrobatics"],"relics":["Ring of the Snake","CaptainsWheel","Gambling Chip","HornCleat","Boot","Cursed Key","Frozen Eye","Anchor","Shovel","Tough Bandages","SlaversCollar","Dead Branch","Darkstone Periapt","Bird Faced Urn","Akabeko","FossilizedHelix","Potion Belt","Regal Pillow","Ninja Scroll","Bronze Scales"],"acts_visited":["TheCity","TheBeyond","TheEnding"],"potions_floor_usage":[55,56],"damage_taken":[{"damage":1.0,"enemies":"Cultist","floor":1.0,"turns":4.0},{"damage":3.0,"enemies":"Jaw Worm","floor":2.0,"turns":5.0},{"damage":0.0,"enemies":"2 Louse","floor":3.0,"turns":3.0},{"damage":9.0,"enemies":"Blue Slaver","floor":4.0,"turns":5.0},{"damage":0.0,"enemies":"2 Fungi Beasts","floor":5.0,"turns":3.0},{"damage":12.0,"enemies":"3 Sentries","floor":7.0,"turns":9.0},{"damage":1.0,"enemies":"3 Louse","floor":8.0,"turns":4.0},{"damage":5.0,"enemies":"Gremlin Gang","floor":11.0,"turns":3.0},{"damage":0.0,"enemies":"Gremlin Nob","floor":14.0,"turns":3.0},{"damage":10.0,"enemies":"Slime Boss","floor":16.0,"turns":6.0},{"damage":2.0,"enemies":"2 Thieves","floor":18.0,"turns":3.0},{"damage":0.0,"enemies":"Shell Parasite","floor":21.0,"turns":3.0},{"damage":5.0,"enemies":"Book of Stabbing","floor":24.0,"turns":3.0},{"damage":1.0,"enemies":"Centurion and Healer","floor":25.0,"turns":3.0},{"damage":0.0,"enemies":"Snake Plant","floor":28.0,"turns":2.0},{"damage":0.0,"enemies":"Chosen and Byrds","floor":29.0,"turns":3.0},{"damage":4.0,"enemies":"Slavers","floor":31.0,"turns":4.0},{"damage":1.0,"enemies":"Collector","floor":33.0,"turns":4.0},{"damage":0.0,"enemies":"3 Shapes","floor":35.0,"turns":3.0},{"damage":0.0,"enemies":"2 Orb Walkers","floor":36.0,"turns":5.0},{"damage":0.0,"enemies":"3 Darklings","floor":37.0,"turns":5.0},{"damage":0.0,"enemies":"4 Shapes","floor":38.0,"turns":4.0},{"damage":0.0,"enemies":"Jaw Worm Horde","floor":39.0,"turns":2.0},{"damage":0.0,"enemies":"Reptomancer","floor":40.0,"turns":4.0},{"damage":0.0,"enemies":"Giant Head","floor":42.0,"turns":2.0},{"damage":0.0,"enemies":"Spire Growth","floor":45.0,"turns":3.0},{"damage":0,"enemies":"Maw","floor":46,"turns":2},{"damage":0,"enemies":"Reptomancer","floor":48,"turns":5},{"damage":0,"enemies":"Time Eater","floor":50,"turns":5},{"damage":0,"enemies":"Donu and Deca","floor":51,"turns":9},{"damage":4,"enemies":"Shield and Spear","floor":55,"turns":10},{"damage":15,"enemies":"The Heart","floor":56,"turns":7}],"seed_played":"-1706135989818660385","potions_obtained":[{"floor":1.0,"key":"Energy Potion"},{"floor":4.0,"key":"SpeedPotion"},{"floor":11.0,"key":"Regen Potion"},{"floor":14.0,"key":"Poison Potion"},{"floor":21.0,"key":"Strength Potion"},{"floor":25.0,"key":"Fruit Juice"},{"floor":28.0,"key":"SteroidPotion"},{"floor":33.0,"key":"AttackPotion"},{"floor":37.0,"key":"Energy Potion"},{"floor":40.0,"key":"LiquidMemories"},{"floor":48,"key":"ColorlessPotion"}],"is_trial":false,"path_per_floor":["M","M","M","M","M","R","E","M","T","R","M","R","$","E","R","B",null,"M","?","?","M","$","R","E","M","T","R","M","M","R","E","R","B",null,"M","?","M","M","M","E","R","E","T","R","M","M","$","E","R","B","B",null,"R","$","E","B",null],"character_chosen":"THE_SILENT","items_purchased":["Poisoned Stab","Frozen Eye","Potion Belt","Leg Sweep","FairyPotion"],"campfire_rested":0,"item_purchase_floors":[13,22,47,47,54],"current_hp_per_floor":[58,55,55,46,46,46,34,33,33,33,28,28,28,37,37,27,52,50,50,50,50,50,50,45,44,44,44,49,49,49,45,45,44,60,60,60,60,60,60,60,60,62,68,68,71,71,71,71,71,71,71,71,71,71,69,56],"gold":45,"neow_bonus":"ONE_RARE_RELIC","is_daily":false,"chose_seed":false,"campfire_upgraded":7,"win_rate":0.0,"timestamp":1608526158,"path_taken":["M","?","M","M","M","R","E","M","T","R","M","R","$","E","R","BOSS","M","?","?","M","$","R","E","M","T","R","M","M","R","E","R","BOSS","M","?","M","M","M","E","R","E","T","R","M","M","$","E","R","BOSS","BOSS","R","$","E","BOSS"],"items_purchased_type":["Card","Relic","Relic","Card","Potion"],"build_version":"2020-12-13","purchased_purges":2,"victory":true,"max_hp_per_floor":[60,60,60,60,60,60,60,60,60,60,60,60,60,60,60,60,60,60,60,60,60,60,60,60,60,60,60,65,65,65,65,65,65,65,65,65,65,65,65,65,65,65,71,71,71,71,71,71,71,71,71,71,71,71,71,71],"card_choices":[{"not_picked":["Heel Hook","Dodge and Roll","Underhanded Strike"],"picked":"SKIP","floor":1.0},{"not_picked":["Bane","Underhanded Strike"],"picked":"Poisoned Stab","floor":2.0},{"not_picked":["Finisher","Terror"],"picked":"All Out Attack","floor":3.0},{"not_picked":["Cloak And Dagger","Bullet Time"],"picked":"Blade Dance","floor":4.0},{"not_picked":["Acrobatics","Deflect"],"picked":"Flechettes","floor":5.0},{"not_picked":["Cloak And Dagger","Escape Plan"],"picked":"Dagger Throw","floor":7.0},{"not_picked":["Flying Knee","Sucker Punch","Deflect"],"picked":"SKIP","floor":8.0},{"not_picked":["Acrobatics","Dagger Spray"],"picked":"Noxious Fumes","floor":11.0},{"not_picked":["Tactician","Dodge and Roll"],"picked":"Catalyst","floor":14.0},{"not_picked":["Adrenaline","Malaise"],"picked":"Wraith Form v2","floor":16.0},{"not_picked":["Quick Slash","Endless Agony"],"picked":"Catalyst","floor":18.0},{"not_picked":["Heel Hook","Bane"],"picked":"Bouncing Flask+1","floor":21.0},{"not_picked":["Flechettes","Deflect"],"picked":"Backflip+1","floor":24.0},{"not_picked":["Skewer","Choke","Deflect"],"picked":"SKIP","floor":25.0},{"not_picked":["Dagger Spray","Outmaneuver+1","Bane"],"picked":"SKIP","floor":28.0},{"not_picked":["Poisoned Stab","Underhanded Strike","Slice"],"picked":"SKIP","floor":29.0},{"not_picked":["Setup","Reflex","Cloak And Dagger"],"picked":"SKIP","floor":31.0},{"not_picked":["Venomology","Unload"],"picked":"Night Terror","floor":33.0},{"not_picked":["Accuracy","Backflip"],"picked":"Concentrate+1","floor":35.0},{"not_picked":["Masterful Stab+1","Predator+1"],"picked":"Acrobatics","floor":37.0},{"not_picked":["Quick Slash","Bane","Bouncing Flask"],"picked":"SKIP","floor":38.0},{"not_picked":["Quick Slash","Bane","Bouncing Flask"],"picked":"SKIP","floor":38.0},{"not_picked":["Backstab+1","Predator+1"],"picked":"Backflip","floor":39.0},{"not_picked":["Noxious Fumes","Tactician"],"picked":"Bullet Time","floor":40.0},{"not_picked":["Slice+1","Quick Slash","Dagger Throw"],"picked":"SKIP","floor":42.0},{"not_picked":["Deflect","Sucker Punch+1","Finisher"],"picked":"SKIP","floor":45.0},{"not_picked":["Dagger Throw","Prepared","Sucker Punch"],"picked":"SKIP","floor":46},{"not_picked":["Deadly Poison","Poisoned Stab","Deflect"],"picked":"SKIP","floor":48},{"not_picked":["Poisoned Stab+1","Bouncing Flask"],"picked":"Acrobatics","floor":55}],"player_experience":430347,"relics_obtained":[{"floor":7.0,"key":"Gambling Chip"},{"floor":9.0,"key":"HornCleat"},{"floor":14.0,"key":"Boot"},{"floor":24.0,"key":"Anchor"},{"floor":31.0,"key":"Shovel"},{"floor":32.0,"key":"Tough Bandages"},{"floor":36.0,"key":"Dead Branch"},{"floor":40.0,"key":"Darkstone Periapt"},{"floor":41.0,"key":"Bird Faced Urn"},{"floor":42.0,"key":"Akabeko"},{"floor":44.0,"key":"FossilizedHelix"},{"floor":48,"key":"Regal Pillow"},{"floor":53,"key":"Ninja Scroll"},{"floor":55,"key":"Bronze Scales"}],"event_choices":[{"cards_removed":["Strike_G"],"damage_healed":0.0,"max_hp_gain":0.0,"max_hp_loss":0.0,"gold_gain":0.0,"event_name":"Beggar","player_choice":"Gave Gold","floor":19.0,"gold_loss":75.0,"damage_taken":0.0},{"damage_healed":0.0,"max_hp_gain":0.0,"max_hp_loss":0.0,"gold_gain":0.0,"event_name":"The Library","player_choice":"Read","floor":20.0,"gold_loss":0.0,"damage_taken":0.0,"cards_obtained":["Crippling Poison"]},{"damage_healed":0.0,"max_hp_gain":0.0,"max_hp_loss":0.0,"gold_gain":0.0,"event_name":"Mysterious Sphere","player_choice":"Fight","floor":36.0,"gold_loss":0.0,"damage_taken":0.0}],"is_beta":false,"boss_relics":[{"not_picked":["Coffee Dripper","Runic Dome"],"picked":"Cursed Key"},{"not_picked":["Empty Cage","Velvet Choker"],"picked":"SlaversCollar"}],"items_purged_floors":[13,47],"is_endless":false,"potions_floor_spawned":[1,4,11,14,16,21,25,28,33,37,40,46,48],"ascension_level":20}}