{"host":"w6bv7e6dabj27l4i","time":1608518703,"event":{"mods":["Act Like it!","BaseMod","Colored Map","Custom Start","Downfall","Minty Spire (QoL Compilation)","Quick Restart","StSLib","Synergy Search","Unceasing Turn Reminder","slay the spire mod where everything is the same but ironclad has a cowboy hat"],"gold_per_floor":[99,99,99,126,126,51,96,131,56,84,31,48,59,73,93,190,190,190,200,230,245,245,245,292,119,138,63,63,10,23,23,38,133,133,133,150,175,192,192,192,216,230,230,264,385,385,398,398,416,416,416,444,3,3,3],"floor_reached":56,"playtime":6632,"items_purged":[],"score":1593,"play_id":"a73c6407-6c6c-4fa4-a6e5-40a83d60a9b1","local_time":"20201220204503","is_ascension_mode":false,"campfire_choices":[{"floor":1,"key":"RECALL"},{"data":"champ:CrownThrow","floor":6,"key":"SMITH"},{"data":"champ:StanceDance","floor":9,"key":"SMITH"},{"data":"champ:Execute","floor":18,"key":"SMITH"},{"data":"champ:VampiricStrike","floor":22,"key":"SMITH"},{"data":"champ:StrikeOfGenius","floor":27,"key":"SMITH"},{"data":"champ:Haymaker","floor":35,"key":"SMITH"},{"data":"champ:Shatter","floor":40,"key":"SMITH"},{"data":"champ:PerfectForm","floor":43,"key":"SMITH"},{"data":"champ:GladiatorStyle","floor":54,"key":"SMITH"}],"circlet_count":0,"master_deck":["champ:Strike+1","champ:Strike+1","champ:Defend+1","champ:Defend+1","champ:Defend+1","champ:Execute+1","champ:Taunt","champ:DefensiveShout","champ:CrownThrow+1","champ:StanceDance+1","champ:GladiatorsShout","champ:VampiricStrike","champ:CrookedStrike","champ:DefensiveStyle","champ:FocusedGladiator","champ:IronFortress","champ:VampiricStrike+1","champ:EndlessRage+1","champ:BladeFlurry+1","champ:StrikeOfGenius+1","champ:Haymaker+1","champ:Shatter+1","champ:FanOfKnives+1","champ:ShieldWall","Shame","champ:PerfectForm+1","champ:BerserkerStyle","champ:IronFortress+1","champ:BladeFlurry+1","champ:EndlessRage+1","champ:BladeFlurry+1","champ:ShieldWall","champ:Improvising","champ:RapidStrikes+1","expansioncontent:DonusPower","champ:GladiatorStyle+1"],"relics":["champ:ChampionCrown","downfall:HeartsMalice","InkBottle","downfall:HeartBlessingRed","Bronze Scales","White Beast Statue","downfall:HeartBlessingGreen","Mummified Hand","Snecko Eye","champ:FightingForDummies","downfall:HeartBlessingBlue","Sundial","champ:ChampionCrownUpgraded","Boot","Regal Pillow","Orichalcum","Bottled Lightning","OrangePellets","Strawberry"],"acts_visited":["Exordium","TheCity","TheBeyond","TheEnding"],"potions_floor_usage":[14,16,16,19,20,21,33,33,37,55],"damage_taken":[{"damage":0,"enemies":"3 Sentries","floor":4,"turns":1},{"damage":0,"enemies":"2 Louse","floor":5,"turns":1},{"damage":0,"enemies":"Gremlin Nob","floor":8,"turns":1},{"damage":65,"enemies":"Lagavulin","floor":10,"turns":6},{"damage":18,"enemies":"downfall:FleeingMerchant","floor":11,"turns":4},{"damage":0,"enemies":"Cultist","floor":12,"turns":2},{"damage":3,"enemies":"Small Slimes","floor":13,"turns":3},{"damage":25,"enemies":"Exordium Thugs","floor":14,"turns":4},{"damage":5,"enemies":"Blue Slaver","floor":15,"turns":2},{"damage":85,"enemies":"downfall:Defect","floor":16,"turns":7},{"damage":6,"enemies":"Chosen","floor":19,"turns":4},{"damage":89,"enemies":"Slavers","floor":20,"turns":7},{"damage":0,"enemies":"Spheric Guardian","floor":21,"turns":2},{"damage":13,"enemies":"downfall:FleeingMerchant","floor":25,"turns":4},{"damage":6,"enemies":"Snecko","floor":26,"turns":4},{"damage":10,"enemies":"downfall:FleeingMerchant","floor":29,"turns":4},{"damage":12,"enemies":"Snake Plant","floor":30,"turns":2},{"damage":0,"enemies":"Centurion and Healer","floor":32,"turns":3},{"damage":36,"enemies":"downfall:Ironclad","floor":33,"turns":4},{"damage":23,"enemies":"3 Darklings","floor":36,"turns":2},{"damage":29,"enemies":"Giant Head","floor":37,"turns":4},{"damage":14,"enemies":"3 Shapes","floor":38,"turns":2},{"damage":21,"enemies":"Jaw Worm Horde","floor":42,"turns":3},{"damage":30,"enemies":"Nemesis","floor":44,"turns":4},{"damage":3,"enemies":"downfall:FleeingMerchant","floor":45,"turns":1},{"damage":27,"enemies":"Spire Growth","floor":47,"turns":3},{"damage":35,"enemies":"Maw","floor":49,"turns":2},{"damage":41,"enemies":"downfall:Watcher","floor":50,"turns":3},{"damage":64,"enemies":"downfall:CharBossMerchant","floor":52,"turns":5},{"damage":62,"enemies":"downfall:NeowBoss","floor":55,"turns":13}],"seed_played":"5460631048683185631","potions_obtained":[{"floor":8,"key":"Dexterity Potion"},{"floor":10,"key":"EssenceOfSteel"},{"floor":11,"key":"PowerPotion"},{"floor":13,"key":"Strength Potion"},{"floor":14,"key":"Slimebound:ThreeZeroPotion"},{"floor":15,"key":"Swift Potion"},{"floor":16,"key":"SpeedPotion"},{"floor":19,"key":"EssenceOfSteel"},{"floor":20,"key":"AttackPotion"},{"floor":21,"key":"Weak Potion"},{"floor":25,"key":"SteroidPotion"},{"floor":29,"key":"SneckoOil"},{"floor":32,"key":"Guardian:BlockOnCardUsePotion"},{"floor":33,"key":"PowerPotion"},{"floor":36,"key":"DuplicationPotion"},{"floor":37,"key":"SpeedPotion"},{"floor":39,"key":"downfall:CursedFountainPotion"}],"is_trial":false,"path_per_floor":["R","?","?","E","M","R","T","E","R","E","$","M","M","M","M","B",null,"R","M","E","M","R","?","T","$","M","R","?","$","M","?","M","B",null,"R","M","E","M","?","R","T","M","R","E","$","?","M","?","M","B",null,"E","$","R","B",null],"character_chosen":"THE_CHAMP","items_purchased":["champ:DefensiveStyle","champ:StrikeOfGenius","champ:ShieldWall","champ:ShieldWall","Juzu Bracelet","expansioncontent:DonusPower","champ:GladiatorStyle","OrangePellets","Strawberry"],"campfire_rested":0,"item_purchase_floors":[11,25,29,45,45,53,53,53,53],"current_hp_per_floor":[90,90,90,90,90,90,90,90,90,46,46,58,58,62,74,14,90,90,90,21,33,33,33,33,55,63,73,73,93,99,99,100,86,100,100,97,100,100,100,100,100,100,100,100,100,100,88,88,100,100,100,96,103,103,104],"gold":3,"neow_bonus":"THREE_ENEMY_KILL","is_daily":false,"chose_seed":false,"campfire_upgraded":9,"win_rate":0.0,"timestamp":1608518703,"path_taken":["R","?","?","E","?","R","T","E","R","E","$","?","M","M","M","BOSS","R","M","E","M","R","?","T","$","M","R","?","$","?","?","M","BOSS","R","M","E","M","?","R","T","?","R","E","$","?","M","?","M","BOSS","E","$","R","BOSS"],"items_purchased_type":["Card","Card","Card","Card","Relic","Card","Card","Relic","Relic"],"build_version":"2020-12-13","purchased_purges":0,"victory":true,"max_hp_per_floor":[90,90,90,90,90,90,90,90,90,90,90,90,90,90,90,90,90,90,90,90,90,90,90,90,90,90,100,100,100,100,100,100,100,100,100,100,100,100,100,100,100,100,100,100,100,100,100,100,100,100,100,100,107,107,107],"card_choices":[{"not_picked":["champ:BerserkersShout","champ:BringItOn"],"picked":"champ:CrownThrow","floor":4},{"not_picked":["champ:EnragedBash","champ:Haymaker"],"picked":"champ:StanceDance","floor":5},{"not_picked":["champ:Encircle","champ:SkillfulDodge"],"picked":"champ:GladiatorsShout","floor":8},{"not_picked":["champ:FightOn","champ:BringItOn"],"picked":"champ:VampiricStrike","floor":10},{"not_picked":["champ:EnragedBash","champ:SwordThrow"],"picked":"champ:CrookedStrike","floor":11},{"not_picked":["champ:BladeFlurry","champ:Lariat","champ:TornadoPunch"],"picked":"SKIP","floor":12},{"not_picked":["champ:DefensiveShout","champ:GladiatorsShout","champ:Circumvent"],"picked":"SKIP","floor":13},{"not_picked":["champ:FaceSlap","champ:FanOfKnives"],"picked":"champ:FocusedGladiator","floor":14},{"not_picked":["champ:PerfectedStrike","champ:RecklessLeap"],"picked":"champ:IronFortress","floor":15},{"not_picked":["champ:HeavySlash","champ:LastStand"],"picked":"champ:VampiricStrike","floor":16},{"not_picked":["champ:FocusedBerserking","champ:CrookedStrike"],"picked":"champ:EndlessRage+1","floor":19},{"not_picked":["champ:CheapShot","champ:PerfectedStrike","champ:AdrenalArmor+1"],"picked":"SKIP","floor":20},{"not_picked":["champ:BringItOn","champ:TornadoPunch+1","champ:StanceDance"],"picked":"SKIP","floor":21},{"not_picked":["champ:CrookedStrike","champ:FightOn"],"picked":"champ:BladeFlurry+1","floor":25},{"not_picked":["champ:Encircle","champ:CrookedStrike"],"picked":"champ:Haymaker","floor":26},{"not_picked":["champ:Haymaker","champ:Duel"],"picked":"champ:FanOfKnives+1","floor":29},{"not_picked":["champ:AdrenalArmor","champ:HeartStrike+1","champ:PerfectedStrike"],"picked":"SKIP","floor":30},{"not_picked":["champ:FocusedBerserking","champ:FaceSlap","champ:BerserkersShout"],"picked":"SKIP","floor":32},{"not_picked":["champ:ShieldThrow","champ:Improvising"],"picked":"champ:PerfectForm","floor":33},{"not_picked":["champ:CrookedStrike","champ:BladeFlurry"],"picked":"champ:BerserkerStyle","floor":36},{"not_picked":["champ:GladiatorsShout+1","champ:Encircle"],"picked":"champ:IronFortress+1","floor":37},{"not_picked":["champ:Circumvent","champ:Backstep"],"picked":"champ:BladeFlurry+1","floor":38},{"not_picked":["champ:BerserkersShout+1","champ:CalledShot+1","champ:TornadoPunch"],"picked":"SKIP","floor":42},{"not_picked":["champ:Backstep+1","champ:CrookedStrike+1"],"picked":"champ:EndlessRage+1","floor":44},{"not_picked":["champ:Backstep","champ:PreciseThrust"],"picked":"champ:BladeFlurry+1","floor":45},{"not_picked":["champ:RapidStrikes","champ:DefensiveShout","champ:SwordThrow"],"picked":"SKIP","floor":47},{"not_picked":["champ:BerserkersShout+1","champ:PerfectedStrike","champ:Encircle"],"picked":"SKIP","floor":49},{"not_picked":["champ:FightOn","champ:HeartStrike"],"picked":"champ:RapidStrikes+1","floor":52}],"player_experience":456980,"relics_obtained":[{"floor":4,"key":"InkBottle"},{"floor":7,"key":"Bronze Scales"},{"floor":8,"key":"White Beast Statue"},{"floor":10,"key":"Mummified Hand"},{"floor":20,"key":"champ:FightingForDummies"},{"floor":37,"key":"Boot"},{"floor":41,"key":"Regal Pillow"},{"floor":44,"key":"Orichalcum"},{"floor":52,"key":"Bottled Lightning"}],"event_choices":[{"damage_healed":0,"gold_gain":0,"cards_transformed":["champ:Defend"],"player_choice":"Transformed","damage_taken":0,"max_hp_gain":0,"max_hp_loss":0,"event_name":"Transmorgrifier","floor":3,"gold_loss":0,"cards_obtained":["champ:DefensiveShout"]},{"damage_healed":0,"gold_gain":0,"player_choice":"Simplicity","damage_taken":0,"max_hp_gain":0,"max_hp_loss":0,"event_name":"Back to Basics","floor":23,"gold_loss":0,"cards_upgraded":["champ:Strike","champ:Strike","champ:Strike","champ:Defend","champ:Defend","champ:Defend"]},{"damage_healed":0,"gold_gain":0,"cards_transformed":["champ:Strike"],"player_choice":"Transformed","damage_taken":0,"max_hp_gain":0,"max_hp_loss":0,"event_name":"Transmorgrifier","floor":28,"gold_loss":0,"cards_obtained":["champ:Shatter"]},{"damage_healed":0,"gold_gain":0,"player_choice":"Stole Relic","damage_taken":0,"relics_obtained":["Sundial"],"max_hp_gain":0,"max_hp_loss":0,"event_name":"Addict","floor":31,"gold_loss":0,"cards_obtained":["Shame"]}],"is_beta":false,"boss_relics":[{"not_picked":["Busted Crown","Cursed Key"],"picked":"Snecko Eye"},{"not_picked":["Fusion Hammer","Tiny House"],"picked":"champ:ChampionCrownUpgraded"}],"items_purged_floors":[],"is_endless":false,"potions_floor_spawned":[8,10,11,12,13,14,15,16,19,20,21,25,26,29,30,32,33,36,37,38,42,44,45,47,49,52],"ascension_level":0}}