{"host":"qm4rv4rkpk76sbxu","time":1608512258,"event":{"mods":["BaseMod","Bestiary","Block Reminder","DeckTracker","Filter the Spire","Keyboard Shortcuts","Minty Spire (QoL Compilation)","MonsterHotkey","Potion Indicator Mod","Quick Restart","Random Character Button","Relic Stats","Slay-I","StSLib","ojb\u0027s Better Paths Mod"],"gold_per_floor":[118,128,278,278,5,36,36,64,89,89,89],"floor_reached":10,"playtime":290,"items_purged":["Doubt"],"score":148,"play_id":"2ee8acc6-6582-4585-a177-2967b51f131e","local_time":"20201221015738","is_ascension_mode":true,"campfire_choices":[{"data":"Streamline","floor":7.0,"key":"SMITH"}],"circlet_count":0,"master_deck":["AscendersBane","Strike_B","Strike_B","Strike_B","Strike_B","Defend_B","Defend_B","Defend_B","Defend_B","Zap+1","Dualcast","Compile Driver","Streamline+1","Hologram","Biased Cognition","Alpha"],"relics":["Cracked Core","Bronze Scales","PrismaticShard","Nunchaku","Omamori","Lantern"],"acts_visited":["Exordium"],"potions_floor_usage":[],"damage_taken":[{"damage":2.0,"enemies":"2 Louse","floor":1.0,"turns":3.0},{"damage":7.0,"enemies":"Small Slimes","floor":2.0,"turns":3.0},{"damage":17.0,"enemies":"Lagavulin","floor":6.0,"turns":5.0},{"damage":17.0,"enemies":"3 Sentries","floor":8.0,"turns":4.0},{"damage":35,"enemies":"Lagavulin","floor":10,"turns":5}],"seed_played":"-873326258855460569","potions_obtained":[{"floor":2.0,"key":"Weak Potion"}],"is_trial":false,"path_per_floor":["M","M","?","?","$","E","R","E","T","E"],"character_chosen":"DEFECT","items_purchased":["Hologram","PrismaticShard"],"campfire_rested":0,"item_purchase_floors":[5,5],"current_hp_per_floor":[62,55,55,50,50,33,33,16,16,0,0],"gold":89,"neow_bonus":"UPGRADE_CARD","is_daily":false,"chose_seed":false,"campfire_upgraded":1,"win_rate":0.0,"timestamp":1608512258,"path_taken":["M","M","?","?","$","E","R","E","T","E"],"items_purchased_type":["Card","Relic"],"build_version":"2020-12-13","purchased_purges":1,"victory":false,"max_hp_per_floor":[71,71,71,71,71,71,71,71,71,71,71],"relic_stats":{"Nunchaku":[1],"counters":[5,20],"Bronze Scales":[18],"obtain_stats":[{"Nunchaku":6,"Lantern":9,"Bronze Scales":4,"Omamori":8,"Cracked Core":0,"PrismaticShard":5},{"Nunchaku":3,"Lantern":4,"Bronze Scales":2,"Omamori":4,"Cracked Core":0,"PrismaticShard":2},{"Nunchaku":11,"Lantern":15,"Bronze Scales":6,"Omamori":15,"Cracked Core":0,"PrismaticShard":6}]},"card_choices":[{"not_picked":["Beam Cell","Redo"],"picked":"Compile Driver","floor":1.0},{"not_picked":["Recycle","Aggregate"],"picked":"Streamline","floor":2.0},{"not_picked":["Dark Shackles","Fusion"],"picked":"Biased Cognition","floor":6.0},{"not_picked":["Riddle With Holes","Reinforced Body"],"picked":"Alpha","floor":8.0}],"player_experience":1082924,"relics_obtained":[{"floor":6.0,"key":"Nunchaku"},{"floor":8.0,"key":"Omamori"},{"floor":9.0,"key":"Lantern"}],"event_choices":[{"damage_healed":0.0,"max_hp_gain":0.0,"max_hp_loss":0.0,"gold_gain":150.0,"event_name":"Liars Game","player_choice":"AGREE","floor":3.0,"gold_loss":0.0,"damage_taken":0.0,"cards_obtained":["Doubt"]},{"damage_healed":0.0,"max_hp_gain":0.0,"max_hp_loss":0.0,"gold_gain":0.0,"event_name":"Scrap Ooze","player_choice":"Success","floor":4.0,"gold_loss":0.0,"damage_taken":5.0,"relics_obtained":["Bronze Scales"]}],"is_beta":false,"boss_relics":[],"items_purged_floors":[5],"is_endless":false,"potions_floor_spawned":[2],"killed_by":"Lagavulin","ascension_level":20}}