{"host":"x5anfo2w8aotfuta","time":1608594478,"event":{"mods":["AchievementEnabler","BaseMod","Bestiary","Block Reminder","Colored Map","Colored Powertips","DeckTracker","Highlight Path","Minty Spire (QoL Compilation)","Quick Restart","Rare Cards Sparkle","Relic Stats","StSLib"],"gold_per_floor":[112,123,133,133,133,150,150,164,164,164,164,174,51,65,65,167,167,177,177,196,196,396,396,409,409,409],"floor_reached":25,"playtime":2057,"items_purged":[],"score":254,"play_id":"529f2594-80f4-4467-835b-a020eb9742bf","local_time":"20201221154758","is_ascension_mode":true,"campfire_choices":[{"data":"Neutralize","floor":7,"key":"SMITH"},{"floor":10,"key":"REST"},{"data":"Footwork","floor":15,"key":"SMITH"},{"floor":23,"key":"REST"}],"circlet_count":0,"master_deck":["Strike_G","Strike_G","Strike_G","Strike_G","Defend_G","Defend_G","Defend_G","Defend_G","Defend_G","Survivor","Neutralize+1","Riddle With Holes","Sucker Punch","Skewer","Dash","Wraith Form v2","Dodge and Roll","Footwork+1","Cloak And Dagger","Corpse Explosion","Crippling Poison","Footwork","Deadly Poison"],"relics":["WristBlade","Lantern","Gremlin Horn","SlaversCollar","Nloth\u0027s Gift","Shovel"],"acts_visited":["Exordium","TheCity"],"potions_floor_usage":[16,16,24],"damage_taken":[{"damage":6,"enemies":"Small Slimes","floor":1,"turns":5},{"damage":0,"enemies":"Cultist","floor":2,"turns":4},{"damage":7,"enemies":"Jaw Worm","floor":3,"turns":3},{"damage":6,"enemies":"3 Louse","floor":6,"turns":3},{"damage":12,"enemies":"Gremlin Gang","floor":8,"turns":5},{"damage":5,"enemies":"Red Slaver","floor":12,"turns":3},{"damage":0,"enemies":"3 Louse","floor":14,"turns":3},{"damage":34,"enemies":"Hexaghost","floor":16,"turns":17},{"damage":32,"enemies":"Spheric Guardian","floor":18,"turns":10},{"damage":11,"enemies":"Shell Parasite","floor":20,"turns":13},{"damage":7,"enemies":"Snake Plant","floor":24,"turns":5},{"damage":45,"enemies":"3 Cultists","floor":25,"turns":8}],"seed_played":"3122499487176964763","potions_obtained":[{"floor":8,"key":"ColorlessPotion"},{"floor":14,"key":"GamblersBrew"},{"floor":20,"key":"SkillPotion"}],"is_trial":false,"path_per_floor":["M","M","M","?","?","M","R","M","T","R","?","M","$","M","R","B",null,"M","?","M","?","?","R","M","M"],"character_chosen":"THE_SILENT","items_purchased":["Footwork","Cloak And Dagger"],"campfire_rested":2,"item_purchase_floors":[13,13],"current_hp_per_floor":[57,57,50,47,40,34,34,22,22,43,43,38,38,38,38,4,54,22,22,11,11,11,32,25,0,0],"gold":409,"neow_bonus":"BOSS_RELIC","is_daily":false,"chose_seed":false,"campfire_upgraded":2,"win_rate":0.0,"timestamp":1608594478,"path_taken":["M","M","M","?","?","M","R","M","T","R","?","M","$","M","R","BOSS","M","?","?","?","?","R","?","M"],"items_purchased_type":["Card","Card"],"build_version":"2020-12-13","purchased_purges":0,"victory":false,"max_hp_per_floor":[70,70,70,70,70,70,70,70,70,70,70,70,70,70,70,70,70,70,70,70,70,70,70,70,70,70],"relic_stats":{"Shovel":0,"Gremlin Horn":[4,4],"counters":[12,79],"Nloth\u0027s Gift":0,"obtain_stats":[{"SlaversCollar":17,"Lantern":4,"Nunchaku":9,"Shovel":21,"WristBlade":0,"Gremlin Horn":11,"Nloth\u0027s Gift":19,"Ring of the Snake":0},{"SlaversCollar":8,"Lantern":3,"Nunchaku":5,"Shovel":10,"WristBlade":0,"Gremlin Horn":5,"Nloth\u0027s Gift":9,"Ring of the Snake":0},{"SlaversCollar":43,"Lantern":12,"Nunchaku":20,"Shovel":66,"WristBlade":0,"Gremlin Horn":20,"Nloth\u0027s Gift":53,"Ring of the Snake":0}]},"card_choices":[{"not_picked":["PiercingWail","Deadly Poison"],"picked":"Riddle With Holes","floor":1},{"not_picked":["Bane","Flying Knee"],"picked":"Sucker Punch","floor":2},{"not_picked":["Bane","Acrobatics"],"picked":"Skewer","floor":3},{"not_picked":["Deflect","Tactician"],"picked":"Dash","floor":6},{"not_picked":["PiercingWail","Outmaneuver"],"picked":"Wraith Form v2","floor":8},{"not_picked":["Quick Slash","Dagger Spray"],"picked":"Dodge and Roll","floor":12},{"not_picked":["Eviscerate","Blur","Accuracy"],"picked":"SKIP","floor":14},{"not_picked":["Phantasmal Killer","Die Die Die"],"picked":"Corpse Explosion","floor":16},{"not_picked":["Poisoned Stab","Dodge and Roll"],"picked":"Crippling Poison","floor":18},{"not_picked":["Cloak And Dagger","PiercingWail"],"picked":"Footwork","floor":20},{"not_picked":["Dodge and Roll","Poisoned Stab"],"picked":"Deadly Poison","floor":24}],"player_experience":347699,"relics_obtained":[{"floor":9,"key":"Nunchaku"}],"event_choices":[{"damage_healed":0,"gold_gain":0,"player_choice":"Success","damage_taken":3,"relics_obtained":["Lantern"],"max_hp_gain":0,"max_hp_loss":0,"event_name":"Scrap Ooze","floor":4,"gold_loss":0},{"cards_removed":["Strike_G"],"damage_healed":0,"gold_gain":0,"player_choice":"Card Removal","damage_taken":7,"max_hp_gain":0,"max_hp_loss":0,"event_name":"Golden Wing","floor":5,"gold_loss":0},{"damage_healed":0,"gold_gain":0,"player_choice":"Searched \u00271\u0027 times","damage_taken":0,"relics_obtained":["Gremlin Horn"],"max_hp_gain":0,"max_hp_loss":0,"event_name":"Dead Adventurer","floor":11,"gold_loss":0},{"damage_healed":0,"gold_gain":0,"player_choice":"Traded Relic","damage_taken":0,"relics_obtained":["Nloth\u0027s Gift"],"max_hp_gain":0,"max_hp_loss":0,"event_name":"N\u0027loth","floor":19,"relics_lost":["Nunchaku"],"gold_loss":0},{"damage_healed":0,"gold_gain":0,"player_choice":"Opened","damage_taken":0,"relics_obtained":["Shovel"],"max_hp_gain":0,"max_hp_loss":0,"event_name":"The Mausoleum","floor":21,"gold_loss":0},{"damage_healed":0,"gold_gain":250,"player_choice":"Bet on Owner","damage_taken":0,"max_hp_gain":0,"max_hp_loss":0,"event_name":"The Joust","floor":22,"gold_loss":50}],"is_beta":false,"boss_relics":[{"not_picked":["Busted Crown","Pandora\u0027s Box"],"picked":"SlaversCollar"}],"items_purged_floors":[],"is_endless":false,"potions_floor_spawned":[8,14,20],"killed_by":"3 Cultists","ascension_level":6}}