{"host":"mt3nndg5ku536gxi","time":1608553563,"event":{"mods":["BaseMod","Challenge The Spire","Colored Powertips","Minty Spire (QoL Compilation)","StSLib"],"gold_per_floor":[339,93,120,455,482,482,218,38,73,102,128,128,8,8,33,58,86,86,86],"floor_reached":18,"playtime":627,"items_purged":["Strike_R","Strike_R","Strike_R","Strike_R"],"score":610,"play_id":"d45ad625-2f50-471f-b92a-0b0ba98701ef","local_time":"20201221202603","daily_mods":["challengethespire:Platinum Difficulty","challengethespire:Modded Elite Rush","Uncertain Future"],"is_ascension_mode":true,"campfire_choices":[{"floor":14,"key":"REST"}],"circlet_count":0,"master_deck":["AscendersBane","Strike_R","Defend_R+1","Defend_R","Defend_R+1","Defend_R","Bash","Spot Weakness","Whirlwind","Inflame","Heavy Blade+1","Strike_R+1","Flex","Strike_R+1","Spot Weakness+1","Inflame"],"relics":["Burning Blood","Black Star","Sling","PreservedInsect","Red Skull","Brimstone","StrikeDummy","Champion Belt","Old Coin","Molten Egg 2","Blood Vial","Strawberry","Runic Dome","Vajra","The Courier","Regal Pillow","Gremlin Horn","MealTicket","HornCleat","Gambling Chip","Fusion Hammer","Toy Ornithopter","Toxic Egg 2","War Paint","Orichalcum","Kunai","Letter Opener"],"acts_visited":["Exordium"],"potions_floor_usage":[18],"damage_taken":[{"damage":10,"enemies":"Gremlin Nob","floor":3,"turns":3},{"damage":13,"enemies":"3 Sentries","floor":4,"turns":2},{"damage":0,"enemies":"Lagavulin","floor":5,"turns":4},{"damage":29,"enemies":"Book of Stabbing","floor":9,"turns":3},{"damage":21,"enemies":"Gremlin Leader","floor":10,"turns":2},{"damage":0,"enemies":"Slavers","floor":11,"turns":1},{"damage":0,"enemies":"Reptomancer","floor":15,"turns":2},{"damage":18,"enemies":"Nemesis","floor":16,"turns":3},{"damage":30,"enemies":"Giant Head","floor":17,"turns":5},{"damage":65,"enemies":"Shield and Spear","floor":18,"turns":2}],"seed_played":"4608901943157614847","potions_obtained":[{"floor":10,"key":"SteroidPotion"},{"floor":11,"key":"Explosive Potion"},{"floor":15,"key":"Strength Potion"}],"is_trial":true,"path_per_floor":["$","$","E","E","E","T","$","$","E","E","E","T","$","R","E","E","E","E"],"character_chosen":"IRONCLAD","items_purchased":["Red Skull","Spot Weakness","Whirlwind","Brimstone","Inflame","Vajra","Flex"],"campfire_rested":1,"item_purchase_floors":[1,1,1,2,2,7,8],"current_hp_per_floor":[68,68,64,57,70,70,70,70,49,36,44,44,59,82,82,70,48,0,0],"gold":86,"neow_bonus":"","is_daily":false,"chose_seed":false,"campfire_upgraded":0,"win_rate":0.0,"timestamp":1608553563,"path_taken":["$","$","E","E","E","T","$","$","E","E","E","T","$","R","E","E","E","E"],"items_purchased_type":["Relic","Card","Card","Relic","Card","Relic","Card"],"build_version":"2020-12-13","purchased_purges":4,"victory":false,"max_hp_per_floor":[75,75,75,75,82,82,82,82,82,82,82,82,82,82,82,82,82,82,82],"card_choices":[],"player_experience":288054,"relics_obtained":[{"floor":3,"key":"StrikeDummy"},{"floor":3,"key":"Champion Belt"},{"floor":4,"key":"Old Coin"},{"floor":4,"key":"Molten Egg 2"},{"floor":5,"key":"Blood Vial"},{"floor":5,"key":"Strawberry"},{"floor":9,"key":"The Courier"},{"floor":9,"key":"Regal Pillow"},{"floor":10,"key":"Gremlin Horn"},{"floor":10,"key":"MealTicket"},{"floor":11,"key":"HornCleat"},{"floor":11,"key":"Gambling Chip"},{"floor":15,"key":"Toy Ornithopter"},{"floor":15,"key":"Toxic Egg 2"},{"floor":16,"key":"War Paint"},{"floor":16,"key":"Orichalcum"},{"floor":17,"key":"Kunai"},{"floor":17,"key":"Letter Opener"}],"event_choices":[],"is_beta":false,"boss_relics":[{"not_picked":["Runic Pyramid","Coffee Dripper"],"picked":"Runic Dome"},{"not_picked":["Empty Cage","SacredBark"],"picked":"Fusion Hammer"}],"items_purged_floors":[1,7,8,13],"is_endless":false,"potions_floor_spawned":[10,11,15,17],"killed_by":"Shield and Spear","ascension_level":20}}