{"host":"agn8wmerpzfmi70r","time":1608546486,"event":{"mods":["AchievementEnabler","BaseMod","Downfall","Minty Spire (QoL Compilation)","Relic Stats","StSLib"],"gold_per_floor":[99,99,132,132,164,164,189,364,364,393,161,9,109,109,122,122,122,122],"floor_reached":16,"playtime":1080,"items_purged":["Doubt"],"score":137,"play_id":"1ba4ec38-f94c-4da1-bab8-55b3e6671f84","local_time":"20201221042806","is_ascension_mode":false,"campfire_choices":[{"data":"Slimebound:Split","floor":1,"key":"SMITH"},{"data":"Slimebound:GrowthPunch","floor":6,"key":"SMITH"},{"data":"Slimebound:ProtectTheBoss","floor":9,"key":"SMITH"}],"circlet_count":0,"master_deck":["Slimebound:Strike_Slimebound","Slimebound:Strike_Slimebound","Slimebound:Strike_Slimebound","Slimebound:Tackle","Slimebound:Defend_Slimebound","Slimebound:Defend_Slimebound","Slimebound:Defend_Slimebound","Slimebound:Defend_Slimebound","Slimebound:Split+1","Slimebound:CorrosiveSpit","Slimebound:SplitLeeching","Slimebound:GrowthPunch+1","Slimebound:LivingWall","Slimebound:ProtectTheBoss+1","Slimebound:DisruptingSlam","Slimebound:SplitBruiser","Slimebound:SelfFormingGoo+1","Slimebound:SlimeSpikes","Slimebound:DouseInSlime","Slimebound:AcidTongue"],"relics":["Slimebound:AbsorbEndCombat","downfall:HeartsMalice","PreservedInsect","Regal Pillow","Bag of Marbles","Darkstone Periapt"],"acts_visited":["Exordium"],"potions_floor_usage":[16,16],"damage_taken":[{"damage":0,"enemies":"Jaw Worm","floor":2,"turns":1},{"damage":0,"enemies":"3 Sentries","floor":3,"turns":1},{"damage":0,"enemies":"2 Louse","floor":4,"turns":1},{"damage":13,"enemies":"Lagavulin","floor":5,"turns":5},{"damage":38,"enemies":"Gremlin Nob","floor":10,"turns":4},{"damage":14,"enemies":"downfall:FleeingMerchant","floor":11,"turns":4},{"damage":16,"enemies":"downfall:FleeingMerchant","floor":12,"turns":4},{"damage":16,"enemies":"Small Slimes","floor":15,"turns":4},{"damage":75,"enemies":"downfall:Defect","floor":16,"turns":7}],"seed_played":"-32097705186158037","potions_obtained":[{"floor":3,"key":"Explosive Potion"},{"floor":5,"key":"SpeedPotion"},{"floor":15,"key":"ColorlessPotion"}],"is_trial":false,"path_per_floor":["R","M","E","M","E","R","T","?","R","E","$","$","?","?","M","B"],"character_chosen":"SLIMEBOUND","items_purchased":["Slimebound:SelfFormingGoo","Slimebound:DouseInSlime"],"campfire_rested":0,"item_purchase_floors":[11,12],"current_hp_per_floor":[60,60,60,60,60,60,60,60,60,39,43,47,47,47,49,0,0,0],"gold":122,"neow_bonus":"THREE_ENEMY_KILL","is_daily":false,"chose_seed":false,"campfire_upgraded":3,"win_rate":0.0,"timestamp":1608546486,"path_taken":["R","M","E","M","E","R","T","?","R","E","$","$","?","?","M","BOSS"],"items_purchased_type":["Card","Card"],"build_version":"2020-12-13","purchased_purges":1,"victory":false,"max_hp_per_floor":[60,60,60,60,60,60,60,60,60,60,60,60,60,60,60,60,60,60],"relic_stats":{"Darkstone Periapt":0,"Regal Pillow":0,"counters":[9,28],"PreservedInsect":149,"obtain_stats":[{"Darkstone Periapt":10,"Regal Pillow":5,"downfall:HeartsMalice":0,"PreservedInsect":3,"Slimebound:AbsorbEndCombat":0,"Bag of Marbles":7},{"Darkstone Periapt":5,"Regal Pillow":4,"downfall:HeartsMalice":0,"PreservedInsect":2,"Slimebound:AbsorbEndCombat":0,"Bag of Marbles":4},{"Darkstone Periapt":9,"Regal Pillow":5,"downfall:HeartsMalice":0,"PreservedInsect":0,"Slimebound:AbsorbEndCombat":0,"Bag of Marbles":5}]},"card_choices":[{"not_picked":["Slimebound:SplitAcid","Slimebound:FirmFortitude"],"picked":"Slimebound:SplitLeeching","floor":2},{"not_picked":["Slimebound:GoopSpray","Slimebound:LeechEnergy"],"picked":"Slimebound:GrowthPunch","floor":3},{"not_picked":["Slimebound:Schlurp","Slimebound:RejuvenatingLick"],"picked":"Slimebound:LivingWall","floor":4},{"not_picked":["Slimebound:TongueLash","Slimebound:LeechingTouch"],"picked":"Slimebound:ProtectTheBoss","floor":5},{"not_picked":["Slimebound:RollThrough","Slimebound:SplitAcid"],"picked":"Slimebound:DisruptingSlam","floor":10},{"not_picked":["Slimebound:PressTheAttack","Slimebound:ComboTackle"],"picked":"Slimebound:SplitBruiser","floor":11},{"not_picked":["Slimebound:ViciousTackle","Slimebound:SlimeBrawl"],"picked":"Slimebound:SlimeSpikes","floor":12},{"not_picked":["Slimebound:GoopSpray","Slimebound:ViciousTackle"],"picked":"Slimebound:AcidTongue","floor":15}],"player_experience":65898,"relics_obtained":[{"floor":3,"key":"PreservedInsect"},{"floor":5,"key":"Regal Pillow"},{"floor":7,"key":"Bag of Marbles"},{"floor":10,"key":"Darkstone Periapt"}],"event_choices":[{"damage_healed":0,"gold_gain":0,"player_choice":"Grow","damage_taken":0,"max_hp_gain":0,"max_hp_loss":0,"event_name":"Living Wall","floor":14,"gold_loss":0,"cards_upgraded":["Slimebound:SelfFormingGoo"]}],"is_beta":false,"boss_relics":[],"items_purged_floors":[11],"is_endless":false,"potions_floor_spawned":[3,5,15],"killed_by":"downfall:Defect","ascension_level":0}}