{"host":"ymw71f7rc9ndansy","time":1608528312,"event":{"mods":["ATMod(°¢èªMod)","Aspiration","BaseMod","DeckTracker","Hubris","Library of Ruina","Library of Ruina Extra","Lobotomy","LobotomyExtend","Minty Spire (QoL Compilation)","MostiFishMod","Remove Card Discount Mod","Replay The Spire","StSLib","TestMod","¡¾ÒÅÎï¿¨ÅÆ¡¿REMEMod"],"gold_per_floor":[109,109,509,1,16,16,16],"floor_reached":6,"playtime":173,"items_purged":[],"score":68,"play_id":"a18f967c-592d-4085-bbab-12e84aa5e049","local_time":"20201221132512","is_ascension_mode":true,"campfire_choices":[],"circlet_count":0,"master_deck":["AscendersBane","Strike_G","Strike_G","Strike_G","Strike_G","Strike_G","Defend_G","Defend_G","Defend_G","Defend_G","Defend_G","Survivor","Neutralize","AT_FamilyPortrait","GoldRush","testmod-BloodShelter","Hidden Blade","AT_KneejerkReflex"],"relics":["Ring of the Snake","testmod-TestBox","DaveBox","REME_ComplimentaryCards","GuanYuAspect","testmod-D¨¦j¨¤vu","Question Card","hubris:Towel","Chemical X","Prayer Wheel"],"acts_visited":["Exordium"],"potions_floor_usage":[],"damage_taken":[{"damage":3,"enemies":"2 Louse","floor":1,"turns":3},{"damage":11,"enemies":"Small Slimes","floor":5,"turns":3},{"damage":43,"enemies":"Gremlin Nob","floor":6,"turns":3}],"seed_played":"8177566047147524116","potions_obtained":[],"is_trial":false,"path_per_floor":["M","?","?","$","M","E"],"character_chosen":"THE_SILENT","items_purchased":["Chemical X","Prayer Wheel"],"campfire_rested":0,"item_purchase_floors":[4,4],"current_hp_per_floor":[28,28,28,28,27,0,0],"gold":16,"neow_bonus":"RANDOM_COLORLESS_2","is_daily":false,"chose_seed":false,"campfire_upgraded":0,"win_rate":0.0,"timestamp":1608528312,"path_taken":["M","?","?","$","M","E"],"items_purchased_type":["Relic","Relic"],"build_version":"2020-12-13","purchased_purges":0,"victory":false,"max_hp_per_floor":[33,33,33,33,33,33,33],"card_choices":[{"not_picked":["MostiFishMod:SupremeArchaeology","Mayhem"],"picked":"testmod-BloodShelter","floor":0},{"not_picked":["Quick Slash","Outmaneuver"],"picked":"Hidden Blade","floor":1},{"not_picked":["Dodge and Roll","All Out Attack","ReplayTheSpireMod:Tripwire"],"picked":"AT_KneejerkReflex","floor":5}],"player_experience":1022451,"relics_obtained":[{"floor":1,"key":"Question Card"}],"event_choices":[{"damage_healed":0,"gold_gain":400,"player_choice":"Sell","damage_taken":0,"max_hp_gain":0,"max_hp_loss":0,"event_name":"¶÷ÂåË¹µÄÅÌ×Ó","floor":3,"relics_lost":["AT_ATBox"],"gold_loss":0}],"is_beta":false,"boss_relics":[],"items_purged_floors":[],"is_endless":false,"potions_floor_spawned":[],"killed_by":"Gremlin Nob","ascension_level":20}}