{"host":"e8rlfedn69rz2s07","time":1608509980,"event":{"mods":["Act Like it!","BaseMod","Conspire","Hubris","Infinite Spire","Minty Spire (QoL Compilation)","Permanent Neow","Relic Stats","Replay The Spire","Shop Mod","StSLib","The Jungle"],"gold_per_floor":[219,12,12,30,30,60,60,90,90,105,105,105,105,5,5,108,108,118,118,118,118,50,50,50,50,50,70,198,208,228,338,338,437,437,455,418,430,73,90,117,135,160,186,186,156,175,190,165,165,165,165,165,99,131,131,131],"floor_reached":55,"playtime":2121,"items_purged":[],"score":1273,"play_id":"24de2d35-6143-4643-9b72-b21b82b99386","local_time":"20201221021940","is_ascension_mode":true,"campfire_choices":[{"data":"Perfected Strike","floor":7,"key":"SMITH"},{"floor":12,"key":"REST"},{"data":"Perfected Strike","floor":15,"key":"SMITH"},{"data":"Entrench","floor":23,"key":"SMITH"},{"data":"Entrench","floor":25,"key":"SMITH"},{"floor":32,"key":"REST"},{"data":"Entrench","floor":32,"key":"SMITH"},{"data":"Ghostly","floor":44,"key":"SMITH"},{"floor":49,"key":"RECALL"}],"circlet_count":0,"master_deck":["AscendersBane","Strike_R","Strike_R","Strike_R","Strike_R","Strike_R","Defend_R","Defend_R","Defend_R+1","Defend_R+1","Bash","Burning Pact","Perfected Strike+1","Perfected Strike+1","Entrench+1","Entrench+1","infinitespire:FinalStrike","Ghostly+1","Barricade","Entrench+1","Dual Wield+1","Ghostly Armor","Twin Strike","hubris:ReadiedAction+1","True Grit","Battle Trance","Clumsy","Intimidate+1","Disarm","Shrug It Off","Shrug It Off","Burning Pact"],"relics":["Burning Blood","hubris:SlimyHat","hubris:Towel","hubris:Potato","Calipers","Chameleon Ring","conspire:Boomerang","theJungle:WildStrawberry","Ooze Armor","hubris:Icosahedron","infinitespire:Magic Flask","Happy Flower","Cursed Key","MerchantsRug","Simple Rune","hubris:ChampionShield","Potion Belt","Lantern"],"acts_visited":["Exordium","Exordium","TheBeyond","TheEnding"],"potions_floor_usage":[30,36,41,42,50,50,50,54,55,55,55,55],"damage_taken":[{"damage":3,"enemies":"Small Slimes","floor":1,"turns":6},{"damage":6,"enemies":"Cultist","floor":4,"turns":3},{"damage":39,"enemies":"3 Sentries","floor":6,"turns":9},{"damage":20,"enemies":"Gremlin Nob","floor":8,"turns":4},{"damage":0,"enemies":"conspire:RoseBush","floor":10,"turns":5},{"damage":23,"enemies":"Hexaghost","floor":16,"turns":7},{"damage":6,"enemies":"theJungle:MUSHROOMGANG","floor":18,"turns":3},{"damage":19,"enemies":"theJungle:Flameango_and_Byrd","floor":27,"turns":4},{"damage":8,"enemies":"theJungle:2_Phrogs","floor":28,"turns":6},{"damage":19,"enemies":"theJungle:2_Snecko_Cultists","floor":29,"turns":5},{"damage":1,"enemies":"theJungle:SlimyTreeVines","floor":30,"turns":3},{"damage":0,"enemies":"theJungle:Snecko_Cultist_And_Trap","floor":31,"turns":2},{"damage":0,"enemies":"theJungle:FunGuy","floor":33,"turns":11},{"damage":0,"enemies":"3 Shapes","floor":35,"turns":2},{"damage":17,"enemies":"3 Darklings","floor":36,"turns":4},{"damage":0,"enemies":"Maw","floor":37,"turns":4},{"damage":9,"enemies":"Spire Growth","floor":39,"turns":3},{"damage":40,"enemies":"Nemesis","floor":40,"turns":5},{"damage":0,"enemies":"Writhing Mass","floor":41,"turns":3},{"damage":0,"enemies":"Reptomancer","floor":42,"turns":7},{"damage":34,"enemies":"Jaw Worm Horde","floor":46,"turns":4},{"damage":1,"enemies":"3 Darklings","floor":47,"turns":5},{"damage":72,"enemies":"Awakened One","floor":50,"turns":10},{"damage":24,"enemies":"Shield and Spear","floor":54,"turns":6},{"damage":56,"enemies":"The Heart","floor":55,"turns":9}],"seed_played":"1595619755572022482","potions_obtained":[{"floor":6,"key":"GamblersBrew"},{"floor":10,"key":"ElixirPotion"},{"floor":30,"key":"Explosive Potion"},{"floor":37,"key":"Reflective Coating"},{"floor":41,"key":"Adrenaline Potion"},{"floor":42,"key":"Milkshake"},{"floor":45,"key":"EntropicBrew"},{"floor":45,"key":"Venom Potion"},{"floor":52,"key":"GamblersBrew"},{"floor":54,"key":"ColorlessPotion"}],"is_trial":false,"path_per_floor":["M","$","?","M","?","E","R","E","T","M","?","R","T","?","R","B",null,"M","?","AVR","?","$","R","?","R","T","M","E","M","M","M","R","B",null,"M","M","M","$","M","E","M","E","T","R","?","M","M","$","R","B",null,"R","$","E","B"],"character_chosen":"IRONCLAD","items_purchased":["hubris:SlimyHat","Perfected Strike","Entrench","Ghostly Armor","MerchantsRug","Simple Rune","Twin Strike","DistilledChaos","Adrenaline Potion","Shrug It Off","Dexterity Potion"],"campfire_rested":2,"item_purchase_floors":[2,2,22,38,38,38,38,38,48,53,53],"current_hp_per_floor":[75,75,75,75,75,42,42,28,28,34,14,38,38,38,38,21,65,65,58,58,58,58,58,58,58,58,45,43,30,35,41,67,73,84,87,76,82,82,79,45,51,57,57,57,57,29,87,87,87,21,71,71,71,53,0,0],"gold":131,"neow_bonus":"HUNDRED_GOLD","is_daily":false,"chose_seed":false,"campfire_upgraded":6,"win_rate":0.0,"timestamp":1608509980,"path_taken":["M","$","?","M","?","E","R","E","T","?","?","R","?","?","R","BOSS","M","?","AVR","?","$","R","?","R","T","M","E","M","?","M","R","BOSS","M","?","M","$","M","E","M","E","T","R","?","?","M","$","R","BOSS","R","$","E","BOSS"],"items_purchased_type":["Relic","Card","Card","Card","Relic","Relic","Card","Potion","Potion","Card","Potion"],"build_version":"2020-12-13","purchased_purges":0,"victory":false,"max_hp_per_floor":[80,80,80,80,80,80,80,80,80,80,80,80,80,80,80,80,80,80,87,87,87,87,87,87,87,87,87,87,87,87,87,87,87,87,87,87,87,87,87,87,87,87,87,87,87,87,87,87,87,87,87,87,87,87,87,87],"relic_stats":{"Happy Flower":[27],"counters":[25,130],"Cursed Key":1,"obtain_stats":[{"Potion Belt":42,"MerchantsRug":38,"Lantern":54,"Calipers":8,"Happy Flower":28,"hubris:SlimyHat":2,"conspire:Boomerang":13,"infinitespire:Magic Flask":26,"hubris:Towel":3,"Cursed Key":34,"Burning Blood":0,"Chameleon Ring":9,"Busted Crown":17,"hubris:Icosahedron":21,"Ooze Armor":20,"Simple Rune":38,"theJungle:WildStrawberry":19,"hubris:ChampionShield":40,"hubris:Potato":6},{"Potion Belt":20,"MerchantsRug":16,"Lantern":24,"Calipers":4,"Happy Flower":9,"hubris:SlimyHat":1,"conspire:Boomerang":5,"infinitespire:Magic Flask":7,"hubris:Towel":1,"Cursed Key":13,"Burning Blood":0,"Chameleon Ring":4,"Busted Crown":6,"hubris:Icosahedron":7,"Ooze Armor":7,"Simple Rune":16,"theJungle:WildStrawberry":7,"hubris:ChampionShield":18,"hubris:Potato":3},{"Potion Belt":96,"MerchantsRug":78,"Lantern":121,"Calipers":22,"Happy Flower":47,"hubris:SlimyHat":6,"conspire:Boomerang":27,"infinitespire:Magic Flask":37,"hubris:Towel":6,"Cursed Key":68,"Burning Blood":0,"Chameleon Ring":22,"Busted Crown":34,"hubris:Icosahedron":37,"Ooze Armor":37,"Simple Rune":78,"theJungle:WildStrawberry":37,"hubris:ChampionShield":86,"hubris:Potato":18}],"Burning Blood":136},"card_choices":[{"not_picked":["Heavy Blade","Reckless Charge"],"picked":"Burning Pact","floor":1},{"not_picked":["Dual Wield","hubris:ReadiedAction"],"picked":"Perfected Strike","floor":4},{"not_picked":["Sentinel","Dark Embrace","Flex"],"picked":"SKIP","floor":6},{"not_picked":["hubris:ReadiedAction","Abandon"],"picked":"Entrench","floor":8},{"not_picked":["Armaments","Replay:Undeath\u0027s Touch"],"picked":"Entrench","floor":10},{"not_picked":["infinitespire:SevenWalls","ReplayTheSpireMod:Haul"],"picked":"infinitespire:FinalStrike","floor":11},{"not_picked":["Hemogenesis","Demonic Infusion"],"picked":"Barricade","floor":16},{"not_picked":["Iron Wave"],"picked":"SKIP","floor":18},{"not_picked":["Evolve"],"picked":"SKIP","floor":27},{"not_picked":["Havoc"],"picked":"SKIP","floor":28},{"not_picked":[],"picked":"Dual Wield+1","floor":29},{"not_picked":["Reckless Charge+1"],"picked":"SKIP","floor":30},{"not_picked":["conspire:Charge"],"picked":"SKIP","floor":31},{"not_picked":["Flex"],"picked":"SKIP","floor":35},{"not_picked":["Intimidate"],"picked":"SKIP","floor":36},{"not_picked":["ReplayTheSpireMod:LeadingStrike+1"],"picked":"SKIP","floor":37},{"not_picked":["Clash","Headbutt"],"picked":"hubris:ReadiedAction+1","floor":39},{"not_picked":["Replay:Undeath\u0027s Touch","ReplayReversal"],"picked":"True Grit","floor":40},{"not_picked":["Cleave","Dark Embrace","Flex+1"],"picked":"SKIP","floor":41},{"not_picked":["Sword Boomerang","Corruption"],"picked":"Battle Trance","floor":42},{"not_picked":["Heavy Blade","Thunderclap+1"],"picked":"Intimidate+1","floor":46},{"not_picked":["Warcry","Run Through"],"picked":"Disarm","floor":47},{"not_picked":["Pommel Strike","Bloodletting"],"picked":"Burning Pact","floor":54}],"player_experience":903280,"relics_obtained":[{"floor":6,"key":"hubris:Potato"},{"floor":8,"key":"Calipers"},{"floor":9,"key":"Chameleon Ring"},{"floor":13,"key":"conspire:Boomerang"},{"floor":26,"key":"infinitespire:Magic Flask"},{"floor":28,"key":"Happy Flower"},{"floor":40,"key":"hubris:ChampionShield"},{"floor":42,"key":"Potion Belt"},{"floor":54,"key":"Lantern"}],"event_choices":[{"damage_healed":0,"gold_gain":0,"player_choice":"Cursed","damage_taken":0,"max_hp_gain":0,"max_hp_loss":0,"event_name":"Wheel of Change","floor":5,"gold_loss":0,"cards_obtained":["Decay"]},{"damage_healed":0,"gold_gain":0,"player_choice":"Argue","damage_taken":0,"max_hp_gain":0,"max_hp_loss":0,"event_name":"conspire:LoneGhost","floor":14,"gold_loss":0},{"cards_removed":["Decay"],"damage_healed":0,"gold_gain":0,"player_choice":"Purged","damage_taken":0,"max_hp_gain":0,"max_hp_loss":0,"event_name":"Purifier","floor":24,"gold_loss":0},{"damage_healed":0,"gold_gain":0,"player_choice":"Bought 2 Potions","damage_taken":0,"max_hp_gain":0,"max_hp_loss":0,"event_name":"The Woman in Blue","floor":45,"gold_loss":0}],"is_beta":false,"boss_relics":[{"not_picked":["Runic Pyramid","hubris:BlackHole"],"picked":"Busted Crown"},{"not_picked":["Astrolabe","hubris:RunicObelisk"],"picked":"Cursed Key"}],"items_purged_floors":[],"is_endless":false,"potions_floor_spawned":[6,10,27,28,30,37,41,42,47,54],"killed_by":"The Heart","ascension_level":12}}