{"host":"mi0eibewekhugwl1","time":1608549280,"event":{"mods":["AchievementEnabler","BaseMod","Colored Map","Colored Powertips","DeckTracker","Keyboard Shortcuts","Minty Spire (QoL Compilation)","Quick Restart","Rare Cards Sparkle","Relic Stats","StSLib","SuperFastMode","everything is the same but u backflip on backflip"],"gold_per_floor":[115,115,129,129,129,159,170,170,196,209,209,244,257,282,282,357,357,370,295,309,22,22,33,33,53,132,147,147,16,16,16,16,16,16],"floor_reached":33,"playtime":481,"items_purged":["Strike_R"],"score":580,"play_id":"7973c95d-6122-4ba8-a4bf-eeb0854ae1cd","local_time":"20201221201440","is_ascension_mode":true,"campfire_choices":[{"data":"Bash","floor":8,"key":"SMITH"},{"data":"Evolve","floor":15,"key":"SMITH"},{"data":"Pommel Strike","floor":24,"key":"SMITH"},{"data":"Demon Form","floor":28,"key":"SMITH"},{"floor":32,"key":"REST"}],"circlet_count":0,"master_deck":["AscendersBane","Strike_R","Strike_R","Defend_R","Defend_R","Defend_R","Defend_R","Bash+1","Reckless Charge","Clothesline+1","Power Through","Shrug It Off","Pommel Strike+1","Sword Boomerang+1","Body Slam+1","Evolve+1","Demon Form+1","Disarm+1","Immolate+1","Flame Barrier","Fiend Fire+1","Seeing Red","Shrug It Off","Power Through"],"relics":["Burning Blood","NeowsBlessing","Lantern","Paper Frog","Akabeko","Molten Egg 2","Ancient Tea Set","Mark of Pain","Matryoshka","Nilry\u0027s Codex"],"acts_visited":["Exordium","TheCity"],"potions_floor_usage":[12,16,33],"damage_taken":[{"damage":0,"enemies":"2 Louse","floor":1,"turns":1},{"damage":0,"enemies":"Small Slimes","floor":3,"turns":1},{"damage":0,"enemies":"Lagavulin","floor":6,"turns":1},{"damage":0,"enemies":"Cultist","floor":7,"turns":3},{"damage":0,"enemies":"Looter","floor":10,"turns":2},{"damage":6,"enemies":"Gremlin Nob","floor":12,"turns":3},{"damage":2,"enemies":"Exordium Wildlife","floor":13,"turns":3},{"damage":25,"enemies":"Lagavulin","floor":14,"turns":4},{"damage":10,"enemies":"Hexaghost","floor":16,"turns":7},{"damage":26,"enemies":"3 Byrds","floor":18,"turns":6},{"damage":19,"enemies":"Spheric Guardian","floor":20,"turns":4},{"damage":2,"enemies":"Centurion and Healer","floor":23,"turns":3},{"damage":0,"enemies":"Cultist and Chosen","floor":25,"turns":5},{"damage":9,"enemies":"Snake Plant","floor":27,"turns":3},{"damage":72,"enemies":"Automaton","floor":33,"turns":6}],"seed_played":"5414035912728882997","potions_obtained":[{"floor":1,"key":"SteroidPotion"},{"floor":3,"key":"PowerPotion"},{"floor":13,"key":"SmokeBomb"},{"floor":16,"key":"Block Potion"}],"is_trial":false,"path_per_floor":["M","?","M","?","?","E","M","R","T","M","?","E","M","E","R","B",null,"M","?","M","$","?","M","R","M","T","M","R","$","?","?","R","B"],"character_chosen":"IRONCLAD","items_purchased":["Immolate+1","Flame Barrier","Seeing Red","Shrug It Off"],"campfire_rested":1,"item_purchase_floors":[21,21,29,29],"current_hp_per_floor":[74,69,75,75,75,75,75,75,75,75,75,75,75,56,56,52,69,49,49,36,36,36,40,40,46,46,43,43,43,22,22,44,0,0],"gold":16,"neow_bonus":"THREE_ENEMY_KILL","is_daily":false,"chose_seed":false,"campfire_upgraded":4,"win_rate":0.0,"timestamp":1608549280,"path_taken":["M","?","M","?","?","E","M","R","T","?","?","E","M","E","R","BOSS","M","?","M","$","?","M","R","M","T","M","R","$","?","?","R","BOSS"],"items_purchased_type":["Card","Card","Card","Card"],"build_version":"2020-12-13","purchased_purges":1,"victory":false,"max_hp_per_floor":[75,75,75,75,75,75,75,75,75,75,75,75,75,75,75,75,75,75,75,75,75,75,75,75,75,75,75,75,75,75,75,75,75,75],"relic_stats":{"counters":[15,52],"obtain_stats":[{"Lantern":2,"Matryoshka":26,"NeowsBlessing":0,"Nilry\u0027s Codex":30,"Molten Egg 2":12,"Mark of Pain":17,"Ancient Tea Set":14,"Burning Blood":0,"Akabeko":9,"Paper Frog":6},{"Lantern":1,"Matryoshka":13,"NeowsBlessing":0,"Nilry\u0027s Codex":14,"Molten Egg 2":6,"Mark of Pain":9,"Ancient Tea Set":8,"Burning Blood":0,"Akabeko":4,"Paper Frog":3},{"Lantern":1,"Matryoshka":43,"NeowsBlessing":0,"Nilry\u0027s Codex":46,"Molten Egg 2":11,"Mark of Pain":25,"Ancient Tea Set":18,"Burning Blood":0,"Akabeko":6,"Paper Frog":3}],"Burning Blood":62},"card_choices":[{"not_picked":["True Grit","Intimidate"],"picked":"Reckless Charge","floor":1},{"not_picked":["True Grit","Hemokinesis"],"picked":"Clothesline","floor":3},{"not_picked":["Metallicize","Dual Wield"],"picked":"Power Through","floor":6},{"not_picked":["Iron Wave","Armaments"],"picked":"Shrug It Off","floor":7},{"not_picked":["Sword Boomerang","Reckless Charge"],"picked":"Pommel Strike","floor":10},{"not_picked":["Blood for Blood+1","Body Slam+1"],"picked":"Sword Boomerang+1","floor":12},{"not_picked":["Rupture","Anger+1"],"picked":"Body Slam+1","floor":13},{"not_picked":["Shrug It Off","Entrench"],"picked":"Evolve","floor":14},{"not_picked":["Impervious","Reaper+1"],"picked":"Demon Form","floor":16},{"not_picked":["Twin Strike+1","Body Slam+1","Warcry"],"picked":"SKIP","floor":18},{"not_picked":["Perfected Strike+1","Heavy Blade+1"],"picked":"Disarm+1","floor":20},{"not_picked":["Sword Boomerang+1","Headbutt+1","Perfected Strike+1"],"picked":"SKIP","floor":23},{"not_picked":["Warcry","Armaments","Ghostly Armor"],"picked":"SKIP","floor":25},{"not_picked":["Twin Strike+1","Thunderclap+1"],"picked":"Fiend Fire+1","floor":27}],"player_experience":1696431,"relics_obtained":[{"floor":6,"key":"Paper Frog"},{"floor":9,"key":"Akabeko"},{"floor":12,"key":"Molten Egg 2"},{"floor":14,"key":"Ancient Tea Set"},{"floor":26,"key":"Matryoshka"},{"floor":30,"key":"Nilry\u0027s Codex"}],"event_choices":[{"damage_healed":0,"gold_gain":0,"player_choice":"Success","damage_taken":5,"relics_obtained":["Lantern"],"max_hp_gain":0,"max_hp_loss":0,"event_name":"Scrap Ooze","floor":2,"gold_loss":0},{"damage_healed":0,"gold_gain":0,"player_choice":"Grow","damage_taken":0,"max_hp_gain":0,"max_hp_loss":0,"event_name":"Living Wall","floor":4,"gold_loss":0,"cards_upgraded":["Clothesline"]},{"cards_removed":["Strike_R"],"damage_healed":0,"gold_gain":0,"player_choice":"Purged","damage_taken":0,"max_hp_gain":0,"max_hp_loss":0,"event_name":"Purifier","floor":5,"gold_loss":0},{"damage_healed":0,"gold_gain":0,"player_choice":"Ignored","damage_taken":0,"max_hp_gain":0,"max_hp_loss":0,"event_name":"Liars Game","floor":11,"gold_loss":0},{"cards_removed":["Strike_R"],"damage_healed":0,"gold_gain":0,"player_choice":"Gave Gold","damage_taken":0,"max_hp_gain":0,"max_hp_loss":0,"event_name":"Beggar","floor":19,"gold_loss":75},{"damage_healed":0,"gold_gain":0,"player_choice":"Ignored","damage_taken":0,"max_hp_gain":0,"max_hp_loss":0,"event_name":"Vampires","floor":22,"gold_loss":0},{"damage_healed":0,"gold_gain":0,"player_choice":"Obtained Book","damage_taken":21,"max_hp_gain":0,"max_hp_loss":0,"event_name":"Cursed Tome","floor":30,"gold_loss":0},{"damage_healed":0,"gold_gain":0,"player_choice":"Copied","damage_taken":0,"max_hp_gain":0,"max_hp_loss":0,"event_name":"Duplicator","floor":31,"gold_loss":0,"cards_obtained":["Power Through"]}],"is_beta":false,"boss_relics":[{"not_picked":["Runic Cube","Black Blood"],"picked":"Mark of Pain"}],"items_purged_floors":[21],"is_endless":false,"potions_floor_spawned":[1,3,10,13,16],"killed_by":"Automaton","ascension_level":20}}