{"host":"39k968ozul35lb6n","time":1608560649,"event":{"mods":["AchievementEnabler","BaseMod","Colored Map","DeckTracker","Highlight Path","Minty Spire (QoL Compilation)","Permanent Neow","StSLib"],"gold_per_floor":[119,130,55,55,55,55,98,119,119,163,163,113,138,163,163,288,288,306,306,325,325,325],"floor_reached":21,"playtime":666,"items_purged":["Defend_P"],"score":198,"play_id":"de826fc1-2181-4e44-bf8a-9e427f6b686b","local_time":"20201221232409","is_ascension_mode":true,"campfire_choices":[{"floor":6.0,"key":"RECALL"},{"floor":11.0,"key":"REST"},{"floor":15,"key":"REST"}],"circlet_count":0,"master_deck":["Strike_P","Strike_P","Strike_P","Defend_P","Defend_P","Eruption+1","Vigilance","MentalFortress+1"],"relics":["HolyWater","Golden Idol","Frozen Egg 2","Centennial Puzzle","Bird Faced Urn"],"acts_visited":["Exordium","TheCity"],"potions_floor_usage":[16,16],"damage_taken":[{"damage":0.0,"enemies":"Cultist","floor":1.0,"turns":2.0},{"damage":1.0,"enemies":"Jaw Worm","floor":2.0,"turns":4.0},{"damage":41.0,"enemies":"Lagavulin","floor":7.0,"turns":5.0},{"damage":0.0,"enemies":"Small Slimes","floor":8.0,"turns":2.0},{"damage":4.0,"enemies":"Gremlin Nob","floor":10.0,"turns":3.0},{"damage":1,"enemies":"2 Fungi Beasts","floor":13,"turns":2},{"damage":0,"enemies":"Exordium Thugs","floor":14,"turns":3},{"damage":51,"enemies":"Slime Boss","floor":16,"turns":14},{"damage":31,"enemies":"Spheric Guardian","floor":18,"turns":4},{"damage":7,"enemies":"Shell Parasite","floor":20,"turns":4},{"damage":42,"enemies":"Snake Plant","floor":21,"turns":3}],"seed_played":"8047743095797986611","potions_obtained":[{"floor":8.0,"key":"Dexterity Potion"},{"floor":10.0,"key":"SpeedPotion"},{"floor":16,"key":"Strength Potion"},{"floor":20,"key":"AttackPotion"}],"is_trial":false,"path_per_floor":["M","M","$","?","?","R","E","M","T","E","R","?","M","M","R","B",null,"M","?","M","M"],"character_chosen":"WATCHER","items_purchased":[],"campfire_rested":2,"item_purchase_floors":[],"current_hp_per_floor":[72,71,71,53,53,53,12,12,12,8,29,29,28,30,51,2,72,41,41,36,0,0],"gold":325,"neow_bonus":"REMOVE_CARD","is_daily":false,"chose_seed":false,"campfire_upgraded":0,"win_rate":0.0,"timestamp":1608560649,"path_taken":["M","M","$","?","?","R","E","?","T","E","R","?","M","M","R","BOSS","M","?","M","M"],"items_purchased_type":[],"build_version":"2020-12-13","purchased_purges":1,"victory":false,"max_hp_per_floor":[72,72,72,72,72,72,72,72,72,72,72,72,72,72,72,72,72,72,72,72,72,72],"card_choices":[{"not_picked":["Prostrate","Fasting2","CarveReality"],"picked":"SKIP","floor":1.0},{"not_picked":["BowlingBash","Halt","Prostrate"],"picked":"SKIP","floor":2.0},{"not_picked":["Wallop","Omniscience","BattleHymn+1"],"picked":"SKIP","floor":7.0},{"not_picked":["SashWhip","Protect","Consecrate"],"picked":"SKIP","floor":8.0},{"not_picked":["DeceiveReality","FlurryOfBlows","TalkToTheHand"],"picked":"SKIP","floor":10.0},{"not_picked":["FollowUp","Protect"],"picked":"MentalFortress+1","floor":13},{"not_picked":["EmptyFist","Study+1","FlurryOfBlows"],"picked":"SKIP","floor":14},{"not_picked":["ClearTheMind","WreathOfFlame","BowlingBash"],"picked":"SKIP","floor":18},{"not_picked":["EmptyBody","Perseverance","Evaluate+1"],"picked":"SKIP","floor":20}],"player_experience":182031,"relics_obtained":[{"floor":7.0,"key":"Frozen Egg 2"},{"floor":9.0,"key":"Centennial Puzzle"},{"floor":10.0,"key":"Bird Faced Urn"}],"event_choices":[{"damage_healed":0.0,"max_hp_gain":0.0,"max_hp_loss":0.0,"gold_gain":0.0,"event_name":"Golden Idol","player_choice":"Take Damage","floor":4.0,"gold_loss":0.0,"damage_taken":18.0,"relics_obtained":["Golden Idol"]},{"damage_healed":0.0,"max_hp_gain":0.0,"max_hp_loss":0.0,"gold_gain":0.0,"event_name":"Upgrade Shrine","player_choice":"Upgraded","floor":5.0,"gold_loss":0.0,"damage_taken":0.0,"cards_upgraded":["Eruption"]},{"cards_removed":["Strike_P"],"damage_healed":0.0,"max_hp_gain":0.0,"max_hp_loss":0.0,"gold_gain":0.0,"event_name":"The Cleric","player_choice":"Card Removal","floor":12.0,"gold_loss":50.0,"damage_taken":0.0},{"damage_healed":0,"gold_gain":0,"player_choice":"Ignored","damage_taken":0,"max_hp_gain":0,"max_hp_loss":0,"event_name":"Vampires","floor":19,"gold_loss":0}],"is_beta":false,"boss_relics":[{"not_picked":["Busted Crown","Velvet Choker"],"picked":"HolyWater"}],"items_purged_floors":[3],"is_endless":false,"potions_floor_spawned":[8,10,16,20],"killed_by":"Snake Plant","ascension_level":1}}