{"host":"ktoxvvst1mwxww91","time":1608549229,"event":{"mods":["BaseMod","Hermit","Minty Spire (QoL Compilation)","StSLib","The Hierophant","The Mystic","The Necromancer"],"gold_per_floor":[112,112,123,198,123,133,133,160,214,245,262,262,276,290,290,366,366,384,384,299,313,313,313,60,60,85,112,142,154,32,61,73,162,174,202,89,89,100,25,25,54,69,69,69,79,79,79,79,79,79,79],"floor_reached":50,"playtime":1259,"items_purged":["Strike_B","Strike_B","Strike_B"],"score":830,"play_id":"863c1806-9ef1-4fe6-9851-d1c1eaef0ec8","local_time":"20201221121349","is_ascension_mode":true,"campfire_choices":[{"floor":7.0,"key":"RECALL"},{"floor":12.0,"key":"REST"},{"floor":15.0,"key":"REST"},{"floor":23.0,"key":"REST"},{"floor":25.0,"key":"REST"},{"floor":29.0,"key":"REST"},{"floor":32.0,"key":"REST"},{"floor":40.0,"key":"REST"},{"floor":44.0,"key":"REST"},{"floor":47.0,"key":"REST"},{"floor":49.0,"key":"REST"}],"circlet_count":0,"master_deck":["AscendersBane","Defend_B","Defend_B","Defend_B","Defend_B","Zap","Dualcast","Genetic Algorithm","Zap","Meteor Strike","Melter","Lockon","Consume","Ball Lightning","Electrodynamics","Thunder Strike","Stack+1","Biased Cognition","Leap","Stack","Ball Lightning","Steam","Reinforced Body","Parasite","Ball Lightning"],"relics":["Fusion Hammer","Toy Ornithopter","Oddly Smooth Stone","Strawberry","Runic Pyramid","StrikeDummy","Runic Capacitor","Potion Belt","MawBank","Ice Cream","SlaversCollar","Lantern","Incense Burner"],"acts_visited":["Exordium","TheCity","TheBeyond"],"potions_floor_usage":[50],"damage_taken":[{"damage":12.0,"enemies":"Jaw Worm","floor":1.0,"turns":4.0},{"damage":0.0,"enemies":"Cultist","floor":3.0,"turns":4.0},{"damage":0.0,"enemies":"2 Louse","floor":6.0,"turns":3.0},{"damage":8.0,"enemies":"Gremlin Nob","floor":10.0,"turns":3.0},{"damage":7.0,"enemies":"Exordium Wildlife","floor":11.0,"turns":4.0},{"damage":4.0,"enemies":"Red Slaver","floor":13.0,"turns":3.0},{"damage":0.0,"enemies":"2 Fungi Beasts","floor":14.0,"turns":2.0},{"damage":26.0,"enemies":"Slime Boss","floor":16.0,"turns":6.0},{"damage":24.0,"enemies":"2 Thieves","floor":18.0,"turns":4.0},{"damage":29.0,"enemies":"Shell Parasite","floor":21.0,"turns":5.0},{"damage":32.0,"enemies":"Slavers","floor":27.0,"turns":4.0},{"damage":14.0,"enemies":"Centurion and Healer","floor":28.0,"turns":4.0},{"damage":4.0,"enemies":"Snecko","floor":31.0,"turns":5.0},{"damage":43.0,"enemies":"Automaton","floor":33.0,"turns":7.0},{"damage":16.0,"enemies":"3 Shapes","floor":35.0,"turns":3.0},{"damage":7.0,"enemies":"3 Darklings","floor":38.0,"turns":2.0},{"damage":32.0,"enemies":"Giant Head","floor":41.0,"turns":7.0},{"damage":36.0,"enemies":"Writhing Mass","floor":42.0,"turns":6.0},{"damage":22.0,"enemies":"Spire Growth","floor":45.0,"turns":5.0},{"damage":73,"enemies":"Time Eater","floor":50,"turns":10}],"seed_played":"-1600691973228627178","potions_obtained":[{"floor":1.0,"key":"FocusPotion"},{"floor":13.0,"key":"ColorlessPotion"},{"floor":16.0,"key":"ColorlessPotion"},{"floor":18.0,"key":"Block Potion"},{"floor":21.0,"key":"Swift Potion"},{"floor":31.0,"key":"FocusPotion"},{"floor":33.0,"key":"ColorlessPotion"},{"floor":35.0,"key":"PowerPotion"},{"floor":45.0,"key":"DistilledChaos"}],"is_trial":false,"path_per_floor":["M","?","M","?","$","M","R","T","T","E","M","R","M","M","R","B",null,"M","?","?","M","?","R","$","R","T","E","M","R","?","M","R","B",null,"M","$","$","M","$","R","E","M","T","R","M","?","R","?","R","B"],"character_chosen":"DEFECT","items_purchased":["Runic Capacitor","Ball Lightning","Steam"],"campfire_rested":10,"item_purchase_floors":[24,39,39],"current_hp_per_floor":[52,52,52,41,41,41,41,41,41,45,38,61,57,57,78,52,72,53,53,53,24,9,33,33,57,57,35,21,45,45,41,65,22,68,57,57,57,60,60,83,51,15,15,39,17,17,41,73,73,0,0],"gold":79,"neow_bonus":"BOSS_RELIC","is_daily":false,"chose_seed":false,"campfire_upgraded":0,"win_rate":0.0,"timestamp":1608549229,"path_taken":["M","?","?","?","$","M","R","?","T","E","M","R","M","?","R","BOSS","M","?","?","M","?","R","$","R","T","E","M","R","?","M","R","BOSS","M","?","$","M","$","R","E","M","T","R","M","?","R","?","R","BOSS"],"items_purchased_type":["Relic","Card","Card"],"build_version":"2020-12-13","purchased_purges":3,"victory":false,"max_hp_per_floor":[71,71,71,71,71,71,71,71,71,78,78,78,78,78,78,78,78,78,78,78,78,83,83,83,83,83,83,83,83,83,83,83,83,83,83,83,83,83,83,83,83,83,83,83,83,83,83,73,73,73,73],"card_choices":[{"not_picked":["Recycle","Steam"],"picked":"Genetic Algorithm","floor":1.0},{"not_picked":["Blizzard","Stack"],"picked":"Melter","floor":3.0},{"not_picked":["Compile Driver","Hologram"],"picked":"Lockon","floor":6.0},{"not_picked":["Cold Snap","Rebound"],"picked":"Consume","floor":10.0},{"not_picked":["Hologram","Doom and Gloom"],"picked":"Ball Lightning","floor":11.0},{"not_picked":["Beam Cell","Cold Snap"],"picked":"Electrodynamics","floor":13.0},{"not_picked":["Blizzard","Coolheaded","Hello World"],"picked":"SKIP","floor":14.0},{"not_picked":["Seek","Reboot"],"picked":"Thunder Strike","floor":16.0},{"not_picked":["Turbo","Sweeping Beam","Darkness"],"picked":"SKIP","floor":18.0},{"not_picked":["Heatsinks","Cold Snap","Rebound"],"picked":"SKIP","floor":21.0},{"not_picked":["Scrape","Go for the Eyes","Reprogram"],"picked":"SKIP","floor":27.0},{"not_picked":["Hologram","FTL"],"picked":"Stack+1","floor":28.0},{"not_picked":["Lockon","Gash+1","Coolheaded"],"picked":"SKIP","floor":31.0},{"not_picked":["Creative AI","Seek"],"picked":"Biased Cognition","floor":33.0},{"not_picked":["Recycle+1","Capacitor"],"picked":"Leap","floor":35.0},{"not_picked":["Storm","Redo"],"picked":"Stack","floor":38.0},{"not_picked":["Darkness","Barrage"],"picked":"Reinforced Body","floor":41.0},{"not_picked":["Genetic Algorithm","Beam Cell"],"picked":"Ball Lightning","floor":42.0},{"not_picked":["Chill","Lockon","Steam Power"],"picked":"SKIP","floor":45.0}],"player_experience":903703,"relics_obtained":[{"floor":8.0,"key":"Toy Ornithopter"},{"floor":9.0,"key":"Oddly Smooth Stone"},{"floor":10.0,"key":"Strawberry"},{"floor":26.0,"key":"Potion Belt"},{"floor":27.0,"key":"MawBank"},{"floor":41.0,"key":"Lantern"},{"floor":43.0,"key":"Incense Burner"}],"event_choices":[{"damage_healed":0.0,"max_hp_gain":0.0,"max_hp_loss":0.0,"gold_gain":0.0,"event_name":"Match and Keep!","player_choice":"2 cards matched","floor":2.0,"gold_loss":0.0,"damage_taken":0.0,"cards_obtained":["Zap","Meteor Strike"]},{"damage_healed":0.0,"max_hp_gain":0.0,"max_hp_loss":0.0,"gold_gain":75.0,"event_name":"World of Goop","player_choice":"Gather Gold","floor":4.0,"gold_loss":0.0,"damage_taken":11.0},{"cards_removed":["Strike_B"],"damage_healed":0.0,"max_hp_gain":0.0,"max_hp_loss":0.0,"gold_gain":0.0,"event_name":"Back to Basics","player_choice":"Elegance","floor":19.0,"gold_loss":0.0,"damage_taken":0.0},{"damage_healed":0.0,"max_hp_gain":0.0,"max_hp_loss":0.0,"gold_gain":0.0,"event_name":"Addict","player_choice":"Obtained Relic","floor":20.0,"gold_loss":85.0,"damage_taken":0.0,"relics_obtained":["StrikeDummy"]},{"damage_healed":0.0,"max_hp_gain":5.0,"max_hp_loss":0.0,"gold_gain":0.0,"event_name":"Forgotten Altar","player_choice":"Shed Blood","floor":22.0,"gold_loss":0.0,"damage_taken":20.0},{"damage_healed":0.0,"max_hp_gain":0.0,"max_hp_loss":0.0,"gold_gain":0.0,"event_name":"WeMeetAgain","player_choice":"Paid Gold","floor":30.0,"gold_loss":134.0,"damage_taken":0.0,"relics_obtained":["Ice Cream"]},{"damage_healed":0.0,"max_hp_gain":0.0,"max_hp_loss":0.0,"gold_gain":0.0,"event_name":"Mysterious Sphere","player_choice":"Ignored","floor":46.0,"gold_loss":0.0,"damage_taken":0.0},{"damage_healed":73.0,"max_hp_gain":0.0,"max_hp_loss":10.0,"gold_gain":0.0,"event_name":"The Moai Head","player_choice":"Heal","floor":48.0,"gold_loss":0.0,"damage_taken":0.0}],"is_beta":false,"boss_relics":[{"not_picked":["Ectoplasm","Tiny House"],"picked":"Runic Pyramid"},{"not_picked":["Busted Crown","Sozu"],"picked":"SlaversCollar"}],"items_purged_floors":[5,24,36],"is_endless":false,"potions_floor_spawned":[1,13,16,18,21,31,33,35,45],"killed_by":"Time Eater","ascension_level":14}}