{"host":"2461dio7vetlq1z3","time":1608532253,"event":{"mods":["2.2 Compatiblity","AchievementEnabler","BaseMod","Better Third Choice","Hermit","Minty Spire (QoL Compilation)","Relic Stats","Spicy Shops","StSLib","Waifu the Spire"],"gold_per_floor":[159,159,176,61,76,76,106,125,125,125,125,125,50,78,78,180,180,194,194,208,208,60,93,93,119,165,185,200,235,235,235,235,415,415,425,436,436,43,56,82,82,95,95,108,127,154,154,189,189,189,189,189,45,79,79],"floor_reached":56,"playtime":3367,"items_purged":["hermit:Strike_Hermit","Decay","hermit:Ricochet"],"score":1747,"play_id":"162c52a7-c10c-4626-805c-3ac5103c3e68","local_time":"20201221073053","is_ascension_mode":true,"campfire_choices":[{"data":"hermit:NoHoldsBarred","floor":6,"key":"SMITH"},{"data":"hermit:LoneWolf","floor":11,"key":"SMITH"},{"data":"hermit:Maintenance","floor":15,"key":"SMITH"},{"data":"hermit:EternalForm","floor":24,"key":"SMITH"},{"data":"hermit:Determination","floor":30,"key":"SMITH"},{"data":"hermit:FlashPowder","floor":32,"key":"SMITH"},{"data":"hermit:Cheat","floor":41,"key":"SMITH"},{"floor":47,"key":"REST"},{"floor":49,"key":"RECALL"},{"floor":52,"key":"REST"}],"circlet_count":0,"master_deck":["hermit:Strike_Hermit+1","hermit:Strike_Hermit+1","hermit:Defend_Hermit+1","hermit:Defend_Hermit+1","hermit:Defend_Hermit+1","hermit:Defend_Hermit+1","hermit:Snapshot","hermit:Covet","hermit:NoHoldsBarred+1","hermit:FlashPowder+1","hermit:NoHoldsBarred+1","hermit:LoneWolf+1","hermit:Maintenance+1","hermit:Determination+1","hermit:HighNoon","hermit:EternalForm+1","hermit:Quickdraw+1","hermit:Enervate","hermit:Adapt","hermit:LuckOfTheDraw+1","hermit:Gestalt","hermit:Determination","hermit:EyeOfTheStorm+1","hermit:Cheat+1","hermit:FlashPowder+1","hermit:Dive+1","hermit:HoleUp"],"relics":["Tiny House","hermit:RyeStalk","hermit:Horseshoe","TungstenRod","hermit:DentedPlate","Nilry\u0027s Codex","Lee\u0027s Waffle","Akabeko","Lizard Tail","Vajra","PreservedInsect","Cursed Key","Membership Card","Thread and Needle","Omamori","Blood Vial","Kunai","OrangePellets","Toy Ornithopter"],"acts_visited":["Exordium","TheCity","TheBeyond","TheEnding"],"potions_floor_usage":[7,8,14,23,25,33,33,45,45,50,55,55,55],"damage_taken":[{"damage":2,"enemies":"Jaw Worm","floor":1,"turns":2},{"damage":0,"enemies":"2 Louse","floor":3,"turns":2},{"damage":0,"enemies":"Cultist","floor":5,"turns":2},{"damage":23,"enemies":"Lagavulin","floor":7,"turns":4},{"damage":0,"enemies":"Blue Slaver","floor":8,"turns":1},{"damage":1,"enemies":"Gremlin Nob","floor":14,"turns":3},{"damage":15,"enemies":"Slime Boss","floor":16,"turns":5},{"damage":6,"enemies":"Chosen","floor":18,"turns":4},{"damage":0,"enemies":"Shell Parasite","floor":20,"turns":4},{"damage":15,"enemies":"Slavers","floor":23,"turns":5},{"damage":9,"enemies":"Gremlin Leader","floor":25,"turns":7},{"damage":0,"enemies":"Snake Plant","floor":27,"turns":3},{"damage":0,"enemies":"Snecko","floor":28,"turns":4},{"damage":0,"enemies":"Slavers","floor":29,"turns":2},{"damage":17,"enemies":"Automaton","floor":33,"turns":7},{"damage":0,"enemies":"Orb Walker","floor":35,"turns":4},{"damage":10,"enemies":"3 Darklings","floor":36,"turns":3},{"damage":0,"enemies":"Writhing Mass","floor":39,"turns":5},{"damage":12,"enemies":"Nemesis","floor":40,"turns":5},{"damage":21,"enemies":"Jaw Worm Horde","floor":42,"turns":4},{"damage":29,"enemies":"3 Darklings","floor":44,"turns":3},{"damage":0,"enemies":"4 Shapes","floor":45,"turns":5},{"damage":0,"enemies":"Reptomancer","floor":46,"turns":4},{"damage":0,"enemies":"Giant Head","floor":48,"turns":5},{"damage":11,"enemies":"Donu and Deca","floor":50,"turns":10},{"damage":27,"enemies":"Shield and Spear","floor":54,"turns":5},{"damage":81,"enemies":"The Heart","floor":55,"turns":13}],"seed_played":"-938327805828130023","potions_obtained":[{"floor":0,"key":"Strength Potion"},{"floor":1,"key":"Strength Potion"},{"floor":3,"key":"Explosive Potion"},{"floor":7,"key":"EssenceOfSteel"},{"floor":16,"key":"FearPotion"},{"floor":20,"key":"PowerPotion"},{"floor":25,"key":"hermit:Tonic"},{"floor":28,"key":"PowerPotion"},{"floor":36,"key":"PowerPotion"},{"floor":39,"key":"Ancient Potion"},{"floor":40,"key":"CultistPotion"},{"floor":48,"key":"ColorlessPotion"}],"is_trial":false,"path_per_floor":["M","?","M","$","M","R","E","M","T","?","R","?","$","E","R","B",null,"M","?","M","?","$","E","R","E","T","M","M","E","R","?","R","B",null,"M","M","?","$","M","E","R","M","T","M","M","E","R","E","R","B",null,"R","$","E","B",null],"character_chosen":"HERMIT","items_purchased":["hermit:NoHoldsBarred","Lee\u0027s Waffle","Membership Card","hermit:Determination","Thread and Needle","OrangePellets","SpeedPotion","SpeedPotion"],"campfire_rested":2,"item_purchase_floors":[4,22,38,38,38,53,53,53],"current_hp_per_floor":[71,55,55,55,55,55,32,32,32,31,31,31,31,30,30,15,47,41,29,29,29,119,104,104,95,95,95,95,95,95,95,95,78,78,78,68,68,68,68,56,56,35,35,6,6,6,41,43,43,34,34,69,69,44,41],"gold":79,"neow_bonus":"BOSS_RELIC","is_daily":false,"chose_seed":false,"campfire_upgraded":7,"win_rate":0.0,"timestamp":1608532253,"path_taken":["M","?","M","$","M","R","E","M","T","?","R","?","$","E","R","BOSS","M","?","M","?","?","E","R","E","T","?","M","E","R","?","R","BOSS","M","M","?","$","M","E","R","M","T","M","M","E","R","E","R","BOSS","R","$","E","BOSS"],"items_purchased_type":["Card","Relic","Relic","Card","Relic","Relic","Potion","Potion"],"build_version":"2020-12-13","purchased_purges":3,"victory":true,"max_hp_per_floor":[80,80,80,80,80,80,80,80,80,80,80,80,80,80,80,80,112,112,112,112,112,119,119,119,119,119,119,119,119,119,119,119,119,119,119,119,119,119,119,119,119,119,119,119,119,119,119,119,119,119,119,119,119,119,119],"relic_stats":{"Blood Vial":8,"OrangePellets":[10],"Lee\u0027s Waffle":90,"Lizard Tail":59,"counters":[27,121],"PreservedInsect":296,"Kunai":[8],"Cursed Key":1,"obtain_stats":[{"Lee\u0027s Waffle":22,"Tiny House":0,"hermit:DentedPlate":17,"Nilry\u0027s Codex":19,"Vajra":26,"Thread and Needle":38,"PreservedInsect":29,"Omamori":40,"Cursed Key":34,"Akabeko":23,"Blood Vial":46,"hermit:RyeStalk":7,"OrangePellets":53,"Lizard Tail":25,"Membership Card":38,"Kunai":48,"hermit:Horseshoe":9,"hermit:Momento":0,"TungstenRod":14,"Toy Ornithopter":54},{"Lee\u0027s Waffle":9,"Tiny House":0,"hermit:DentedPlate":7,"Nilry\u0027s Codex":8,"Vajra":11,"Thread and Needle":17,"PreservedInsect":14,"Omamori":19,"Cursed Key":15,"Akabeko":10,"Blood Vial":23,"hermit:RyeStalk":4,"OrangePellets":25,"Lizard Tail":11,"Membership Card":17,"Kunai":24,"hermit:Horseshoe":5,"hermit:Momento":0,"TungstenRod":6,"Toy Ornithopter":26},{"Lee\u0027s Waffle":27,"Tiny House":0,"hermit:DentedPlate":19,"Nilry\u0027s Codex":23,"Vajra":39,"Thread and Needle":62,"PreservedInsect":48,"Omamori":72,"Cursed Key":55,"Akabeko":32,"Blood Vial":88,"hermit:RyeStalk":10,"OrangePellets":103,"Lizard Tail":39,"Membership Card":62,"Kunai":93,"hermit:Horseshoe":11,"hermit:Momento":0,"TungstenRod":14,"Toy Ornithopter":108}],"TungstenRod":109,"Toy Ornithopter":15},"card_choices":[{"not_picked":["hermit:Desperado","hermit:Cheat"],"picked":"hermit:Ricochet","floor":0},{"not_picked":["hermit:Grudge","hermit:Maintenance"],"picked":"hermit:NoHoldsBarred","floor":1},{"not_picked":["hermit:Malice","hermit:BodyArmor"],"picked":"hermit:FlashPowder","floor":3},{"not_picked":["hermit:Headshot","hermit:HighCaliber"],"picked":"hermit:LoneWolf","floor":5},{"not_picked":["hermit:Snipe","hermit:FullyLoaded"],"picked":"hermit:Maintenance","floor":7},{"not_picked":["hermit:Spite","hermit:Brawl"],"picked":"hermit:Determination","floor":8},{"not_picked":["hermit:BigShot","hermit:Vantage"],"picked":"hermit:HighNoon","floor":14},{"not_picked":["hermit:FromBeyond","hermit:Reprieve"],"picked":"hermit:EternalForm","floor":16},{"not_picked":["hermit:Headshot","hermit:Coalescence","hermit:Glare"],"picked":"SKIP","floor":18},{"not_picked":["hermit:Coalescence","hermit:Feint","hermit:Snipe+1"],"picked":"SKIP","floor":20},{"not_picked":["hermit:DeadMansHand","hermit:HoleUp"],"picked":"hermit:Quickdraw+1","floor":23},{"not_picked":["hermit:FullyLoaded","hermit:Headshot"],"picked":"hermit:Enervate","floor":25},{"not_picked":["hermit:TakeAim+1","hermit:LowProfile","hermit:Roulette+1"],"picked":"SKIP","floor":27},{"not_picked":["hermit:HoleUp","hermit:Glare+1","hermit:FromBeyond"],"picked":"SKIP","floor":28},{"not_picked":["hermit:Midnight","hermit:Magnum","hermit:BodyArmor"],"picked":"SKIP","floor":29},{"not_picked":["hermit:DeadOrAlive","hermit:FatalDesire"],"picked":"hermit:Adapt","floor":33},{"not_picked":["hermit:Ricochet","hermit:BodyArmor"],"picked":"hermit:LuckOfTheDraw+1","floor":35},{"not_picked":["hermit:Headshot+1","hermit:FullyLoaded+1"],"picked":"hermit:Gestalt","floor":36},{"not_picked":["hermit:LuckOfTheDraw","hermit:Ricochet+1"],"picked":"hermit:EyeOfTheStorm+1","floor":39},{"not_picked":["hermit:Spite+1","hermit:Virtue"],"picked":"hermit:Cheat","floor":40},{"not_picked":["hermit:FullyLoaded","hermit:Misfire","hermit:EyeOfTheStorm"],"picked":"SKIP","floor":42},{"not_picked":["hermit:Malice","hermit:Misfire+1"],"picked":"hermit:FlashPowder+1","floor":44},{"not_picked":["hermit:DeadOrAlive","hermit:GhostlyPresence","hermit:SprayPray+1"],"picked":"SKIP","floor":45},{"not_picked":["hermit:Virtue","hermit:Manifest+1","hermit:Coalescence+1"],"picked":"SKIP","floor":46},{"not_picked":["hermit:Snipe+1","hermit:FullyLoaded"],"picked":"hermit:Dive+1","floor":48},{"not_picked":["hermit:Shortfuse","hermit:Grudge"],"picked":"hermit:HoleUp","floor":54}],"player_experience":806871,"relics_obtained":[{"floor":7,"key":"hermit:RyeStalk"},{"floor":9,"key":"hermit:Horseshoe"},{"floor":14,"key":"TungstenRod"},{"floor":19,"key":"Nilry\u0027s Codex"},{"floor":23,"key":"Akabeko"},{"floor":25,"key":"Lizard Tail"},{"floor":26,"key":"Vajra"},{"floor":29,"key":"PreservedInsect"},{"floor":40,"key":"Omamori"},{"floor":46,"key":"Blood Vial"},{"floor":48,"key":"Kunai"},{"floor":54,"key":"Toy Ornithopter"}],"event_choices":[{"damage_healed":71,"gold_gain":0,"player_choice":"Upgrade","damage_taken":16,"max_hp_gain":0,"max_hp_loss":80,"event_name":"betterThird:BetterShining","floor":2,"gold_loss":0,"cards_upgraded":["hermit:Defend_Hermit","hermit:Defend_Hermit"]},{"cards_removed":["hermit:Strike_Hermit"],"damage_healed":0,"gold_gain":0,"player_choice":"Card Removal","damage_taken":7,"max_hp_gain":0,"max_hp_loss":0,"event_name":"Golden Wing","floor":10,"gold_loss":0},{"damage_healed":0,"gold_gain":0,"player_choice":"Upgraded","damage_taken":0,"max_hp_gain":0,"max_hp_loss":0,"event_name":"Upgrade Shrine","floor":12,"gold_loss":0,"cards_upgraded":["hermit:NoHoldsBarred"]},{"damage_healed":0,"gold_gain":0,"player_choice":"Obtained Book","damage_taken":16,"max_hp_gain":0,"max_hp_loss":0,"event_name":"Cursed Tome","floor":19,"gold_loss":0},{"damage_healed":0,"gold_gain":0,"player_choice":"Simplicity","damage_taken":0,"max_hp_gain":0,"max_hp_loss":3,"event_name":"betterThird:BetterWriting","floor":21,"gold_loss":0},{"damage_healed":0,"gold_gain":0,"player_choice":"Smashed Altar","damage_taken":0,"max_hp_gain":0,"max_hp_loss":0,"event_name":"Forgotten Altar","floor":31,"gold_loss":0,"cards_obtained":["Decay"]},{"damage_healed":0,"gold_gain":0,"player_choice":"Memory 1","damage_taken":0,"max_hp_gain":0,"max_hp_loss":0,"event_name":"SensoryStone","floor":37,"gold_loss":0}],"is_beta":false,"boss_relics":[{"not_picked":["Pandora\u0027s Box","Ectoplasm"],"picked":"hermit:DentedPlate"},{"not_picked":["Busted Crown","Coffee Dripper"],"picked":"Cursed Key"}],"items_purged_floors":[13,38,53],"is_endless":false,"potions_floor_spawned":[1,3,7,16,20,25,28,29,36,39,40,48],"ascension_level":7}}