{"host":"dcj2yvrgcvh5dl2s","time":1608509754,"event":{"mods":["BaseMod","Better Note","Block Reminder","Colored Powertips","DeckTracker","Minty Spire (QoL Compilation)","Quick Restart","Rare Cards Sparkle","Relic Stats","StSLib"],"gold_per_floor":[112,62,80,8,28,53,53,53,53,72,72,84,84,115,115,220,220,232,70,70,70,0,0,28,45,45,71,71,71,71,104,104,209,209,229,42,59,70,89,89,104,136,136,136,136,136,136],"floor_reached":46,"playtime":2737,"items_purged":[],"score":902,"play_id":"e03936d3-abe9-49f6-8d78-4ccc993b172b","local_time":"20201221101554","is_ascension_mode":true,"campfire_choices":[{"floor":11.0,"key":"REST"},{"floor":13.0,"key":"REST"},{"floor":15.0,"key":"REST"},{"floor":23.0,"key":"REST"},{"floor":28.0,"key":"REST"},{"data":"Metamorphosis","floor":30.0,"key":"SMITH"},{"floor":32.0,"key":"REST"},{"floor":40.0,"key":"REST"}],"circlet_count":0,"master_deck":["AscendersBane","Strike_R","Strike_R","Strike_R","Strike_R","Defend_R","Defend_R","Defend_R","Defend_R","Thunderclap","Infernal Blade","Seeing Red","Shrug It Off","Disarm","Intimidate","Limit Break","Intimidate","Metamorphosis+1","Shockwave","Exhume","Disarm+1","Offering","True Grit","Chrysalis","Parasite","Body Slam+1","Sword Boomerang","Blind"],"relics":["Burning Blood","Lizard Tail","Charon\u0027s Ashes","Mercury Hourglass","Black Star","Nilry\u0027s Codex","Happy Flower","Potion Belt","Ginger","Bag of Marbles","Gremlin Horn","Anchor","Singing Bowl","Mark of Pain","Champion Belt","Lantern","Shuriken"],"acts_visited":["Exordium","TheCity","TheBeyond"],"potions_floor_usage":[],"damage_taken":[{"damage":12.0,"enemies":"Small Slimes","floor":1.0,"turns":3.0},{"damage":18.0,"enemies":"Jaw Worm","floor":3.0,"turns":5.0},{"damage":1.0,"enemies":"2 Louse","floor":5.0,"turns":3.0},{"damage":45.0,"enemies":"Lagavulin","floor":6.0,"turns":7.0},{"damage":11.0,"enemies":"Lots of Slimes","floor":10.0,"turns":2.0},{"damage":10.0,"enemies":"Gremlin Gang","floor":12.0,"turns":3.0},{"damage":54.0,"enemies":"Gremlin Nob","floor":14.0,"turns":5.0},{"damage":25.0,"enemies":"Slime Boss","floor":16.0,"turns":10.0},{"damage":26.0,"enemies":"Spheric Guardian","floor":18.0,"turns":6.0},{"damage":28.0,"enemies":"Book of Stabbing","floor":24.0,"turns":4.0},{"damage":14.0,"enemies":"Shell Parasite","floor":25.0,"turns":5.0},{"damage":0.0,"enemies":"Gremlin Leader","floor":27.0,"turns":3.0},{"damage":30.0,"enemies":"Book of Stabbing","floor":31.0,"turns":5.0},{"damage":25.0,"enemies":"Collector","floor":33.0,"turns":8.0},{"damage":4.0,"enemies":"Orb Walker","floor":35.0,"turns":2.0},{"damage":6.0,"enemies":"3 Darklings","floor":37.0,"turns":4.0},{"damage":61.0,"enemies":"Writhing Mass","floor":38.0,"turns":7.0},{"damage":37.0,"enemies":"Jaw Worm Horde","floor":39.0,"turns":4.0},{"damage":60.0,"enemies":"Transient","floor":41.0,"turns":5.0},{"damage":18,"enemies":"Giant Head","floor":42,"turns":7},{"damage":24,"enemies":"Nemesis","floor":46,"turns":2}],"seed_played":"3926254890853841475","potions_obtained":[{"floor":5.0,"key":"BlessingOfTheForge"},{"floor":6.0,"key":"HeartOfIron"},{"floor":12.0,"key":"CultistPotion"},{"floor":24.0,"key":"PowerPotion"},{"floor":31.0,"key":"Block Potion"},{"floor":37.0,"key":"HeartOfIron"},{"floor":42,"key":"AttackPotion"}],"is_trial":false,"path_per_floor":["M","?","M","$","M","E","?","$","T","M","R","M","R","E","R","B",null,"M","$","?","?","$","R","E","M","T","E","R","?","R","E","R","B",null,"M","$","M","M","M","R","M","E","T","?","?","E"],"character_chosen":"IRONCLAD","items_purchased":["Infernal Blade","Metamorphosis","Shockwave","Chrysalis"],"campfire_rested":7,"item_purchase_floors":[4,19,22,36],"current_hp_per_floor":[74,74,62,62,67,28,21,21,21,16,42,38,64,16,42,23,72,52,52,52,36,36,62,40,32,32,38,64,64,64,40,66,47,78,80,80,82,27,47,74,22,10,10,10,10,0,0],"gold":136,"neow_bonus":"TEN_PERCENT_HP_BONUS","is_daily":false,"chose_seed":false,"campfire_upgraded":1,"win_rate":0.0,"timestamp":1608509754,"path_taken":["M","?","M","$","M","E","?","?","T","?","R","M","R","E","R","BOSS","M","$","?","?","$","R","E","M","T","E","R","?","R","E","R","BOSS","M","$","M","?","M","R","?","E","T","?","?","E"],"items_purchased_type":["Card","Card","Card","Card"],"build_version":"2020-12-13","purchased_purges":0,"victory":false,"max_hp_per_floor":[88,88,88,88,88,88,88,88,88,88,88,88,88,88,88,88,88,88,88,88,88,88,88,88,88,88,88,88,88,88,88,88,88,88,88,88,90,90,92,92,94,94,94,94,94,94,94],"relic_stats":{"Happy Flower":[17],"Gremlin Horn":[8,8],"Singing Bowl":6,"counters":[21,100],"Charon\u0027s Ashes":[564],"Ginger":[13],"Burning Blood":120,"Mercury Hourglass":[228],"Lizard Tail":45,"Shuriken":[1],"Black Star":4,"Champion Belt":[2],"obtain_stats":[{"Potion Belt":24,"Lantern":42,"Happy Flower":24,"Gremlin Horn":27,"Singing Bowl":31,"Nilry\u0027s Codex":21,"Charon\u0027s Ashes":9,"Ginger":26,"Burning Blood":0,"Mercury Hourglass":14,"Lizard Tail":6,"Anchor":31,"Shuriken":43,"Mark of Pain":34,"Black Star":17,"Bag of Marbles":27,"Champion Belt":42},{"Potion Belt":10,"Lantern":20,"Happy Flower":10,"Gremlin Horn":12,"Singing Bowl":13,"Nilry\u0027s Codex":9,"Charon\u0027s Ashes":4,"Ginger":11,"Burning Blood":0,"Mercury Hourglass":7,"Lizard Tail":4,"Anchor":13,"Shuriken":20,"Mark of Pain":14,"Black Star":8,"Bag of Marbles":12,"Champion Belt":20},{"Potion Belt":48,"Lantern":98,"Happy Flower":48,"Gremlin Horn":56,"Singing Bowl":61,"Nilry\u0027s Codex":44,"Charon\u0027s Ashes":18,"Ginger":53,"Burning Blood":0,"Mercury Hourglass":28,"Lizard Tail":18,"Anchor":61,"Shuriken":98,"Mark of Pain":69,"Black Star":38,"Bag of Marbles":56,"Champion Belt":98}]},"card_choices":[{"not_picked":["Armaments","Iron Wave"],"picked":"Thunderclap","floor":1.0},{"not_picked":["Hemokinesis","Iron Wave"],"picked":"Inflame","floor":3.0},{"not_picked":["Havoc","Twin Strike"],"picked":"Seeing Red","floor":5.0},{"not_picked":["Twin Strike","Clothesline","Entrench"],"picked":"SKIP","floor":6.0},{"not_picked":["Twin Strike","Clothesline","Entrench"],"picked":"SKIP","floor":6.0},{"not_picked":["Headbutt","Dropkick"],"picked":"Shrug It Off","floor":10.0},{"not_picked":["Iron Wave","Body Slam"],"picked":"Disarm","floor":12.0},{"not_picked":["Entrench","Seeing Red"],"picked":"Intimidate","floor":14.0},{"not_picked":["Fiend Fire","Exhume"],"picked":"Limit Break","floor":16.0},{"not_picked":["Anger","Thunderclap"],"picked":"Intimidate","floor":18.0},{"not_picked":["Iron Wave","Entrench","Perfected Strike"],"picked":"SKIP","floor":24.0},{"not_picked":["Anger","Twin Strike","Ghostly Armor"],"picked":"SKIP","floor":25.0},{"not_picked":["Juggernaut","Havoc"],"picked":"Exhume","floor":27.0},{"not_picked":["Warcry","Second Wind+1"],"picked":"Disarm+1","floor":31.0},{"not_picked":["Bludgeon","Feed"],"picked":"Offering","floor":33.0},{"not_picked":["Headbutt","Perfected Strike"],"picked":"True Grit","floor":35.0},{"not_picked":["Cleave","Shockwave","Armaments+1"],"picked":"Singing Bowl","floor":37.0},{"not_picked":["Perfected Strike","Clothesline"],"picked":"Body Slam+1","floor":38.0},{"not_picked":["True Grit","Headbutt","Infernal Blade"],"picked":"Singing Bowl","floor":39.0},{"not_picked":["Warcry+1","Intimidate","Seeing Red"],"picked":"Singing Bowl","floor":41.0},{"not_picked":["Warcry","Bloodletting"],"picked":"Sword Boomerang","floor":42},{"not_picked":["Deep Breath","Impatience"],"picked":"Blind","floor":44}],"player_experience":1992872,"relics_obtained":[{"floor":6.0,"key":"Lizard Tail"},{"floor":9.0,"key":"Charon\u0027s Ashes"},{"floor":14.0,"key":"Mercury Hourglass"},{"floor":21.0,"key":"Nilry\u0027s Codex"},{"floor":24.0,"key":"Happy Flower"},{"floor":24.0,"key":"Potion Belt"},{"floor":26.0,"key":"Ginger"},{"floor":27.0,"key":"Bag of Marbles"},{"floor":27.0,"key":"Gremlin Horn"},{"floor":31.0,"key":"Anchor"},{"floor":31.0,"key":"Singing Bowl"},{"floor":42,"key":"Champion Belt"},{"floor":42,"key":"Lantern"},{"floor":43,"key":"Shuriken"}],"event_choices":[{"cards_removed":["Strike_R"],"damage_healed":0.0,"max_hp_gain":0.0,"max_hp_loss":0.0,"gold_gain":0.0,"event_name":"The Cleric","player_choice":"Card Removal","floor":2.0,"gold_loss":50.0,"damage_taken":0.0},{"cards_removed":["Bash"],"damage_healed":0.0,"max_hp_gain":0.0,"max_hp_loss":0.0,"gold_gain":0.0,"event_name":"Golden Wing","player_choice":"Card Removal","floor":7.0,"gold_loss":0.0,"damage_taken":7.0},{"damage_healed":0.0,"max_hp_gain":0.0,"max_hp_loss":0.0,"gold_gain":0.0,"event_name":"The Mausoleum","player_choice":"Ignored","floor":20.0,"gold_loss":0.0,"damage_taken":0.0},{"damage_healed":0.0,"max_hp_gain":0.0,"max_hp_loss":0.0,"gold_gain":0.0,"event_name":"Cursed Tome","player_choice":"Obtained Book","floor":21.0,"gold_loss":0.0,"damage_taken":16.0},{"damage_healed":0.0,"max_hp_gain":0.0,"max_hp_loss":0.0,"gold_gain":0.0,"event_name":"FaceTrader","player_choice":"Leave","floor":29.0,"gold_loss":0.0,"damage_taken":0.0},{"damage_healed":0,"gold_gain":0,"player_choice":"Memory 1","damage_taken":0,"max_hp_gain":0,"max_hp_loss":0,"event_name":"SensoryStone","floor":44,"gold_loss":0},{"cards_removed":["Inflame"],"damage_healed":0,"gold_gain":0,"player_choice":"Removed Power","damage_taken":0,"max_hp_gain":0,"max_hp_loss":0,"event_name":"Falling","floor":45,"gold_loss":0}],"is_beta":false,"boss_relics":[{"not_picked":["Calling Bell","SlaversCollar"],"picked":"Black Star"},{"not_picked":["Tiny House","Runic Dome"],"picked":"Mark of Pain"}],"items_purged_floors":[],"is_endless":false,"potions_floor_spawned":[5,6,12,16,24,31,37,42],"killed_by":"Nemesis","ascension_level":12}}