{"host":"i1ibt4vxe0effuru","time":1608569111,"event":{"mods":["AchievementEnabler","BaseMod","Card Forge","Challenge The Spire","Downfall","Friendly Minions","Jorbs\u0027s Wanderer Trilogy","Marisa????????","Minty Spire (QoL Compilation)","Quick Restart","READ ME - Guardian Mod","READ ME - Snecko Mod","Replay The Spire","Shop Mod","StSLib","The Animator","The Bug Knight","The Cursed","The Disciple","The Servant 0.9.4"],"gold_per_floor":[121,121,157,182,182,182,215,215,241,259,273,128,128,159,159,284,284,303,322,337,351,365,365,365],"floor_reached":23,"playtime":2771,"items_purged":["animator:Strike"],"score":222,"play_id":"58971379-be9b-4b47-9a75-00f651f4e61e","local_time":"20201222024511","is_ascension_mode":false,"campfire_choices":[{"data":"animator:Aqua","floor":6,"key":"SMITH"},{"floor":8,"key":"REST"},{"data":"animator:Arpeggio","floor":15,"key":"SMITH"}],"circlet_count":0,"master_deck":["animator:Strike_Konosuba","animator:Defend_Konosuba","animator:Strike","animator:Defend","animator:Defend","animator:Defend","animator:Kazuma","animator:Aqua+1","animator:Verdia","animator:Benimaru","animator:Kazuma","animator:YunYun","animator:Tatsumaki","animator:ElricAlphonse","animator:Arpeggio+1","animator:Darkness","animator:Saitama","animator:Darkness","animator:YaoHaDucy","animator:Bozes","animator:MumenRider"],"relics":["animator:LivingPicture","animator:TheMissingPiece","Hammer of Thor","Seething Fire","Anvil of the Gods","Golden Idol","Onion Ring","HollowMod:PaleOreRelic","animator:HolyGrailRelic"],"acts_visited":["Exordium","TheCity"],"potions_floor_usage":[],"damage_taken":[{"damage":0,"enemies":"Jaw Worm","floor":1,"turns":9},{"damage":0,"enemies":"2 Louse","floor":3,"turns":4},{"damage":0,"enemies":"Cultist","floor":4,"turns":5},{"damage":27,"enemies":"3 Sentries","floor":7,"turns":11},{"damage":0,"enemies":"Exordium Thugs","floor":10,"turns":3},{"damage":2,"enemies":"2 Fungi Beasts","floor":11,"turns":2},{"damage":9,"enemies":"Large Slime","floor":14,"turns":4},{"damage":6,"enemies":"Slime Boss","floor":16,"turns":7},{"damage":29,"enemies":"2 Thieves","floor":18,"turns":4},{"damage":25,"enemies":"Shell Parasite","floor":19,"turns":7},{"damage":6,"enemies":"Centurion and Healer","floor":20,"turns":4},{"damage":12,"enemies":"Cultist and Chosen","floor":21,"turns":6},{"damage":6,"enemies":"Snecko","floor":22,"turns":5},{"damage":32,"enemies":"Book of Stabbing","floor":23,"turns":4}],"seed_played":"4143090123560092038","potions_obtained":[{"floor":10,"key":"Fire Potion"},{"floor":14,"key":"Fire Potion"},{"floor":16,"key":"PowerPotion"}],"is_trial":false,"path_per_floor":["M","?","M","M","?","R","E","R","T","M","M","$","$","M","R","B",null,"M","M","M","M","M","E"],"character_chosen":"THE_ANIMATOR","items_purchased":["animator:Arpeggio"],"campfire_rested":1,"item_purchase_floors":[12],"current_hp_per_floor":[72,54,56,58,51,51,28,49,49,52,53,53,53,47,47,44,81,57,37,36,29,28,0,0],"gold":365,"neow_bonus":"TEN_PERCENT_HP_BONUS","is_daily":false,"chose_seed":false,"campfire_upgraded":2,"win_rate":0.0,"timestamp":1608569111,"path_taken":["M","?","M","M","?","R","E","R","T","M","M","?","$","M","R","BOSS","M","M","?","M","M","E"],"items_purchased_type":["Card"],"build_version":"2020-12-13","purchased_purges":1,"victory":false,"max_hp_per_floor":[72,72,72,72,72,72,73,73,73,73,73,73,73,73,73,73,81,83,85,87,89,91,91,91],"card_choices":[{"not_picked":["animator:Tyuule","animator:WinryRockbell"],"picked":"animator:Verdia","floor":1},{"not_picked":["animator:Kuribayashi","animator:MumenRider"],"picked":"animator:Benimaru","floor":3},{"not_picked":["animator:SilverFang","animator:MetalKnight"],"picked":"animator:Kazuma","floor":4},{"not_picked":["animator:Verdia","animator:Mitsurugi"],"picked":"animator:YunYun","floor":7},{"not_picked":["animator:Shion","animator:MetalKnight"],"picked":"animator:Tatsumaki","floor":10},{"not_picked":["animator:Millim","animator:Verdia"],"picked":"animator:ElricAlphonse","floor":11},{"not_picked":["animator:Sonic","animator:Vesta"],"picked":"animator:Darkness","floor":14},{"not_picked":["animator:Shizu","animator:Father"],"picked":"animator:Saitama","floor":16},{"not_picked":["animator:Verdia","animator:Kazuma"],"picked":"animator:Darkness","floor":18},{"not_picked":["animator:Chris","animator:YunYun"],"picked":"animator:YaoHaDucy","floor":19},{"not_picked":["animator:GazelDwargon+1","animator:Shion","animator:Tatsumaki"],"picked":"SKIP","floor":20},{"not_picked":["animator:YaoHaDucy","animator:Viivi"],"picked":"animator:Bozes","floor":21},{"not_picked":["animator:Tatsumaki","animator:Sonic"],"picked":"animator:MumenRider","floor":22}],"player_experience":125322,"relics_obtained":[{"floor":7,"key":"Onion Ring"},{"floor":9,"key":"HollowMod:PaleOreRelic"}],"event_choices":[{"damage_healed":0,"gold_gain":0,"player_choice":"Take Damage","damage_taken":18,"relics_obtained":["Golden Idol"],"max_hp_gain":0,"max_hp_loss":0,"event_name":"Golden Idol","floor":2,"gold_loss":0},{"cards_removed":["animator:Strike"],"damage_healed":0,"gold_gain":0,"player_choice":"Card Removal","damage_taken":7,"max_hp_gain":0,"max_hp_loss":0,"event_name":"Golden Wing","floor":5,"gold_loss":0}],"is_beta":false,"boss_relics":[{"not_picked":["Ring of Chaos","Honey Jar"],"picked":"animator:HolyGrailRelic"}],"items_purged_floors":[12],"is_endless":false,"potions_floor_spawned":[10,14,16,22],"killed_by":"Book of Stabbing","ascension_level":0}}