{"host":"5ezk7t18wcb10u1o","time":1608525430,"event":{"mods":["BaseMod","Bestiary","Colored Powertips","Minty Spire (QoL Compilation)","Relic Sorter"],"gold_per_floor":[110,125,140,158,169,169,182,198,198,198,225,300,330,349,349,427,427,385,385,310,330,330,330,357,357,357,368,368,368],"floor_reached":28,"playtime":1703,"items_purged":["Strike_B"],"score":504,"play_id":"614f97e1-334e-449d-80c3-6bf24eb816a0","local_time":"20201221043710","is_ascension_mode":true,"campfire_choices":[{"floor":6.0,"key":"REST"},{"data":"Steam","floor":10.0,"key":"SMITH"},{"floor":15.0,"key":"REST"},{"data":"Auto Shields","floor":23.0,"key":"SMITH"},{"data":"Zap","floor":25.0,"key":"SMITH"}],"circlet_count":0,"master_deck":["AscendersBane","Strike_B","Strike_B","Strike_B","Defend_B","Defend_B","Defend_B","Zap+1","Dualcast","Leap","Auto Shields+1","Steam+1","Melter","Steam","Sweeping Beam","Seek","Compile Driver+1","Cold Snap+1","Cold Snap+1","Sweeping Beam+1","Gash+1","Compile Driver+1"],"relics":["Cracked Core","Cables","Molten Egg 2","Akabeko","SlaversCollar","Toy Ornithopter","FossilizedHelix"],"acts_visited":["Exordium","TheCity"],"potions_floor_usage":[],"damage_taken":[{"damage":1.0,"enemies":"2 Louse","floor":1.0,"turns":3.0},{"damage":6.0,"enemies":"Cultist","floor":2.0,"turns":3.0},{"damage":1.0,"enemies":"Jaw Worm","floor":3.0,"turns":4.0},{"damage":9.0,"enemies":"3 Louse","floor":4.0,"turns":5.0},{"damage":13.0,"enemies":"Blue Slaver","floor":5.0,"turns":3.0},{"damage":0.0,"enemies":"2 Fungi Beasts","floor":7.0,"turns":2.0},{"damage":4.0,"enemies":"Gremlin Gang","floor":8.0,"turns":6.0},{"damage":24.0,"enemies":"Gremlin Nob","floor":11.0,"turns":4.0},{"damage":7.0,"enemies":"Lagavulin","floor":13.0,"turns":5.0},{"damage":6.0,"enemies":"Exordium Wildlife","floor":14.0,"turns":5.0},{"damage":18.0,"enemies":"Slime Boss","floor":16.0,"turns":9.0},{"damage":15.0,"enemies":"2 Thieves","floor":18.0,"turns":5.0},{"damage":13.0,"enemies":"3 Byrds","floor":21.0,"turns":6.0},{"damage":33.0,"enemies":"Gremlin Leader","floor":24.0,"turns":6.0},{"damage":40.0,"enemies":"Centurion and Healer","floor":27.0,"turns":9.0},{"damage":29,"enemies":"Book of Stabbing","floor":28,"turns":4}],"seed_played":"-7239239602358374128","potions_obtained":[{"floor":3.0,"key":"AttackPotion"},{"floor":5.0,"key":"FearPotion"},{"floor":7.0,"key":"LiquidBronze"},{"floor":8.0,"key":"Explosive Potion"},{"floor":13.0,"key":"Fruit Juice"},{"floor":14.0,"key":"CultistPotion"},{"floor":16.0,"key":"Fruit Juice"},{"floor":24.0,"key":"GamblersBrew"}],"is_trial":false,"path_per_floor":["M","M","M","M","M","R","M","M","T","R","E","?","E","M","R","B",null,"M","?","$","M","?","R","E","R","T","M","E"],"character_chosen":"DEFECT","items_purchased":[],"campfire_rested":2,"item_purchase_floors":[],"current_hp_per_floor":[63,57,56,47,34,55,55,51,51,51,27,16,14,8,30,17,65,50,50,50,37,91,91,58,58,58,23,0,0],"gold":368,"neow_bonus":"REMOVE_CARD","is_daily":false,"chose_seed":false,"campfire_upgraded":3,"win_rate":0.0,"timestamp":1608525430,"path_taken":["M","M","M","M","M","R","M","M","T","R","E","?","E","M","R","BOSS","M","?","$","M","?","R","E","R","T","?","E"],"items_purchased_type":[],"build_version":"2020-12-13","purchased_purges":1,"victory":false,"max_hp_per_floor":[71,71,71,71,71,71,71,71,71,71,71,71,76,76,76,81,81,81,81,81,81,91,91,91,91,91,91,91,91],"card_choices":[{"not_picked":["Ball Lightning","Glacier"],"picked":"Leap","floor":1.0},{"not_picked":["White Noise","Heatsinks"],"picked":"Auto Shields","floor":2.0},{"not_picked":["Heatsinks","Hologram"],"picked":"Steam","floor":3.0},{"not_picked":["Redo","Ball Lightning"],"picked":"Melter","floor":4.0},{"not_picked":["Chaos","Barrage"],"picked":"Steam","floor":5.0},{"not_picked":["Barrage","Fusion","Turbo"],"picked":"SKIP","floor":7.0},{"not_picked":["Coolheaded","Hologram"],"picked":"Sweeping Beam","floor":8.0},{"not_picked":["Recycle","Gash+1"],"picked":"Seek","floor":11.0},{"not_picked":["Undo","Scrape+1"],"picked":"Compile Driver+1","floor":13.0},{"not_picked":["Skim","Turbo"],"picked":"Cold Snap+1","floor":14.0},{"not_picked":["Amplify","Machine Learning"],"picked":"Seek","floor":16.0},{"not_picked":["Stack","Hologram+1"],"picked":"Cold Snap+1","floor":18.0},{"not_picked":["Blizzard+1","Compile Driver+1"],"picked":"Sweeping Beam+1","floor":21.0},{"not_picked":["FTL+1","Capacitor"],"picked":"Gash+1","floor":24.0},{"not_picked":["Steam Power","Capacitor"],"picked":"Compile Driver+1","floor":27.0}],"player_experience":1052546,"relics_obtained":[{"floor":9.0,"key":"Cables"},{"floor":11.0,"key":"Molten Egg 2"},{"floor":13.0,"key":"Akabeko"},{"floor":24.0,"key":"Toy Ornithopter"},{"floor":26.0,"key":"FossilizedHelix"}],"event_choices":[{"damage_healed":0.0,"max_hp_gain":0.0,"max_hp_loss":0.0,"gold_gain":75.0,"event_name":"World of Goop","player_choice":"Gather Gold","floor":12.0,"gold_loss":0.0,"damage_taken":11.0},{"damage_healed":0.0,"max_hp_gain":0.0,"max_hp_loss":0.0,"gold_gain":0.0,"event_name":"Cursed Tome","player_choice":"Ignored","floor":19.0,"gold_loss":0.0,"damage_taken":0.0},{"cards_removed":["Seek"],"damage_healed":44.0,"max_hp_gain":10.0,"max_hp_loss":0.0,"gold_gain":0.0,"event_name":"Bonfire Elementals","player_choice":"Offered Rare","floor":22.0,"gold_loss":0.0,"damage_taken":0.0}],"is_beta":false,"boss_relics":[{"not_picked":["Calling Bell","Ectoplasm"],"picked":"SlaversCollar"}],"items_purged_floors":[20],"is_endless":false,"potions_floor_spawned":[3,5,7,8,13,14,16,24],"killed_by":"Book of Stabbing","ascension_level":18}}