{"host":"0luxfixkkfk9wck3","time":1608533724,"event":{"mods":["BaseMod","Downfall","Highlight Path","Minty Spire (QoL Compilation)","StSLib"],"gold_per_floor":[99,99,99,99,99,133,212,15,15,42,54,74,74,87,101,197,197,122,82,96,96,129,141,141,167,178,178,65,165,395,413,427,522,522,447,459,514,524,1523,712,794,461,494,494,35,35,35,45,60,60],"floor_reached":51,"playtime":4717,"items_purged":["Regret","Guardian:Strike_Guardian","Normality","Normality"],"score":896,"play_id":"e9a1903d-a633-4a23-be36-feef8a2ad7af","local_time":"20201221005524","is_ascension_mode":false,"campfire_choices":[{"data":"Guardian:TwinSlam","floor":1,"key":"SMITH"},{"data":"Guardian:Defend_Guardian","floor":3,"key":"SMITH"},{"data":"Guardian:RollAttack","floor":9,"key":"SMITH"},{"data":"Guardian:BaubleBeam","floor":18,"key":"SMITH"},{"floor":27,"key":"RECALL"},{"floor":35,"key":"REST"},{"floor":44,"key":"REST"}],"circlet_count":0,"master_deck":["Guardian:Strike_Guardian","Guardian:Strike_Guardian","Guardian:Defend_Guardian+1","Guardian:Defend_Guardian+1","Guardian:Defend_Guardian","Guardian:Defend_Guardian+1","Guardian:CurlUp+1","Guardian:TwinSlam+1","Guardian:RollAttack+1","Guardian:PolyBeam+1","Guardian:BronzeOrb","Guardian:BaubleBeam+1","Guardian:ShieldCharger","Guardian:SpikerProtocol","Guardian:Recover","Guardian:Incinerate+1","Guardian:Reroute+1","Guardian:ChargeUp","Guardian:Gem_Green","Guardian:Gem_Red","Guardian:Gem_Crimson","Guardian:Incinerate","Secret Weapon"],"relics":["Guardian:ModeShifter","downfall:HeartsMalice","Ancient Tea Set","Strawberry","InkBottle","Bronze Scales","Eternal Feather","Busted Crown","downfall:HeartBlessingGreen","Du-Vu Doll","Gremlin Horn","Centennial Puzzle","Fusion Hammer","downfall:HeartBlessingRed","Guardian:SackOfGems","Thread and Needle","Whetstone","Sundial","Molten Egg 2","Vajra","Akabeko"],"acts_visited":["Exordium","TheCity","TheBeyond"],"potions_floor_usage":[22,33,50,50,50],"damage_taken":[{"damage":0,"enemies":"Cultist","floor":4,"turns":1},{"damage":0,"enemies":"Gremlin Nob","floor":6,"turns":1},{"damage":0,"enemies":"downfall:FleeingMerchant","floor":8,"turns":1},{"damage":12,"enemies":"3 Sentries","floor":10,"turns":5},{"damage":0,"enemies":"2 Louse","floor":11,"turns":2},{"damage":0,"enemies":"Jaw Worm","floor":12,"turns":2},{"damage":0,"enemies":"3 Louse","floor":14,"turns":3},{"damage":5,"enemies":"2 Fungi Beasts","floor":15,"turns":3},{"damage":21,"enemies":"downfall:Ironclad","floor":16,"turns":9},{"damage":0,"enemies":"downfall:FleeingMerchant","floor":19,"turns":4},{"damage":2,"enemies":"3 Byrds","floor":20,"turns":5},{"damage":0,"enemies":"Gremlin Leader","floor":22,"turns":7},{"damage":0,"enemies":"Chosen","floor":23,"turns":3},{"damage":24,"enemies":"Slavers","floor":25,"turns":4},{"damage":0,"enemies":"3 Cultists","floor":26,"turns":3},{"damage":7,"enemies":"downfall:FleeingMerchant","floor":28,"turns":4},{"damage":11,"enemies":"downfall:FleeingMerchant","floor":30,"turns":4},{"damage":0,"enemies":"Snake Plant","floor":31,"turns":3},{"damage":4,"enemies":"Sentry and Sphere","floor":32,"turns":4},{"damage":0,"enemies":"downfall:Silent","floor":33,"turns":6},{"damage":0,"enemies":"Orb Walker","floor":36,"turns":2},{"damage":2,"enemies":"2 Orb Walkers","floor":37,"turns":3},{"damage":0,"enemies":"3 Darklings","floor":38,"turns":3},{"damage":46,"enemies":"Reptomancer","floor":43,"turns":8},{"damage":0,"enemies":"Spire Growth","floor":48,"turns":3},{"damage":0,"enemies":"Jaw Worm Horde","floor":49,"turns":3},{"damage":0,"enemies":"downfall:Watcher","floor":50,"turns":4}],"seed_played":"-1829354622819291476","potions_obtained":[{"floor":11,"key":"BlessingOfTheForge"},{"floor":14,"key":"hexamod:EctoCoolerPotion"},{"floor":15,"key":"Regen Potion"},{"floor":16,"key":"Swift Potion"},{"floor":23,"key":"PowerPotion"},{"floor":25,"key":"DistilledChaos"},{"floor":38,"key":"Fire Potion"}],"is_trial":false,"path_per_floor":["R","T","R","M","?","E","T","$","R","E","M","M","?","M","M","B",null,"R","$","M","?","E","M","T","E","M","R","$","?","$","M","M","B",null,"R","M","?","M","?","$","T","?","E","R","$","$","?","M","M","B",null],"character_chosen":"GUARDIAN","items_purchased":["Guardian:BronzeOrb","Guardian:Gem_Cyan","Guardian:Recover","Guardian:Reroute","SpeedPotion","SteroidPotion","Thread and Needle","Whetstone","Secret Weapon","Vajra","Akabeko"],"campfire_rested":2,"item_purchase_floors":[8,8,19,28,28,40,40,40,40,45,45],"current_hp_per_floor":[80,80,80,80,80,87,87,87,87,75,75,75,75,75,70,49,87,87,87,85,85,85,85,85,61,61,70,63,63,52,52,48,48,87,87,87,85,85,85,85,85,98,52,96,96,96,96,96,96,96],"gold":60,"neow_bonus":"THREE_ENEMY_KILL","is_daily":false,"chose_seed":false,"campfire_upgraded":4,"win_rate":0.0,"timestamp":1608533724,"path_taken":["R","?","R","M","?","E","T","?","R","E","M","M","?","M","M","BOSS","R","$","M","?","E","M","T","E","M","R","$","?","$","M","M","BOSS","R","M","?","M","?","$","T","?","E","R","$","$","?","M","M","BOSS"],"items_purchased_type":["Card","Card","Card","Card","Potion","Potion","Relic","Relic","Card","Relic","Relic"],"build_version":"2020-12-13","purchased_purges":4,"victory":true,"max_hp_per_floor":[80,80,80,80,80,87,87,87,87,87,87,87,87,87,87,87,87,87,87,87,87,87,87,87,87,87,87,87,87,87,87,87,87,87,87,87,87,87,87,87,87,98,98,98,98,98,98,98,98,98],"card_choices":[{"not_picked":["Guardian:Clone","Guardian:ShieldSpikes"],"picked":"Guardian:RollAttack","floor":4},{"not_picked":["Guardian:PrismaticBeam","Guardian:CrystalBeam"],"picked":"Guardian:PolyBeam","floor":6},{"not_picked":["Guardian:RollAttack","Guardian:Clone"],"picked":"Guardian:Gem_Green","floor":8},{"not_picked":["Guardian:Gem_Green","Guardian:HyperBeam_Guardian"],"picked":"Guardian:BaubleBeam","floor":10},{"not_picked":["Guardian:Emergency","Guardian:Clone"],"picked":"Guardian:ShieldCharger","floor":11},{"not_picked":["Guardian:Suspension","Guardian:WalkerClaw"],"picked":"Guardian:Gem_White","floor":12},{"not_picked":["Guardian:Harden","Guardian:TemporalShield"],"picked":"Guardian:Gem_White","floor":14},{"not_picked":["Guardian:Gem_Lightblue","Guardian:ChargeCore"],"picked":"Guardian:SpikerProtocol","floor":15},{"not_picked":["Guardian:HyperBeam_Guardian","Guardian:SphericShield"],"picked":"Guardian:Gem_Synthetic","floor":16},{"not_picked":["Guardian:BronzeArmor"],"picked":"SKIP","floor":19},{"not_picked":[],"picked":"Guardian:Incinerate+1","floor":20},{"not_picked":["Guardian:RollAttack"],"picked":"SKIP","floor":22},{"not_picked":[],"picked":"Guardian:Gem_Blue","floor":23},{"not_picked":[],"picked":"Guardian:Gem_Lightblue","floor":25},{"not_picked":["Guardian:ShieldSpikes"],"picked":"SKIP","floor":26},{"not_picked":["Guardian:ShieldCharger"],"picked":"SKIP","floor":28},{"not_picked":[],"picked":"Guardian:ChargeUp","floor":30},{"not_picked":["Guardian:PiercingHide"],"picked":"SKIP","floor":31},{"not_picked":["Guardian:Recover+1"],"picked":"SKIP","floor":32},{"not_picked":["Guardian:ShieldCharger"],"picked":"SKIP","floor":36},{"not_picked":[],"picked":"Guardian:Incinerate","floor":38},{"not_picked":["Guardian:VentSteam+1"],"picked":"SKIP","floor":43},{"not_picked":["Guardian:Suspension+1"],"picked":"SKIP","floor":48},{"not_picked":["Guardian:Recover+1"],"picked":"SKIP","floor":49}],"player_experience":10472437,"relics_obtained":[{"floor":2,"key":"Ancient Tea Set"},{"floor":6,"key":"Strawberry"},{"floor":7,"key":"InkBottle"},{"floor":10,"key":"Bronze Scales"},{"floor":22,"key":"Du-Vu Doll"},{"floor":24,"key":"Gremlin Horn"},{"floor":25,"key":"Centennial Puzzle"},{"floor":37,"key":"Guardian:SackOfGems"},{"floor":41,"key":"Sundial"},{"floor":43,"key":"Molten Egg 2"}],"event_choices":[{"damage_healed":0,"gold_gain":0,"player_choice":"Fight","damage_taken":0,"max_hp_gain":0,"max_hp_loss":0,"event_name":"Mysterious Sphere","floor":37,"gold_loss":0},{"cards_removed":["Guardian:Gem_Fragmented"],"damage_healed":0,"gold_gain":0,"player_choice":"Removed Skill","damage_taken":0,"max_hp_gain":0,"max_hp_loss":0,"event_name":"Falling","floor":47,"gold_loss":0}],"is_beta":false,"boss_relics":[{"not_picked":["Runic Dome","Pandora\u0027s Box"],"picked":"Busted Crown"},{"not_picked":["Runic Pyramid","SlaversCollar"],"picked":"Fusion Hammer"}],"items_purged_floors":[8,30,40,45],"is_endless":false,"potions_floor_spawned":[11,14,15,16,20,23,25,38,48,49],"ascension_level":0}}