{"host":"clf2hd4adhiiw0zf","time":1612157328,"event":{"mods":["AchievementEnabler","BaseMod","Beaked The Cultist","Bestiary","Dark Map","Downfall","Gremlin Mod","Hermit","Jorbs\u0027s Wanderer Trilogy","Marisa????????","Minty Spire (QoL Compilation)","Shop Mod","StSLib","The Cursed","The Servant 0.9.4","Wide Potions"],"gold_per_floor":[99,99,99,199,199,233,285,326,26,53,73,73,100,100,130,248,248,248,276,301,301,321,321,407,435,463,472,472,58,58,153,183,295,295,295,311,333,362,462,35,78,78,78,78],"floor_reached":42,"language":"ENG","playtime":1653,"items_purged":[],"score":704,"play_id":"ddc2cf3c-59db-409c-95c8-26b9f5cb1ce1","local_time":"20210131222848","is_ascension_mode":true,"campfire_choices":[{"floor":1.0,"key":"RECALL"},{"data":"hexamod:VolcanoVisage","floor":9.0,"key":"SMITH"},{"data":"hexamod:UnleashSpirits","floor":12.0,"key":"SMITH"},{"data":"hexamod:GhostOfSpirePresent","floor":18.0,"key":"SMITH"},{"floor":28.0,"key":"REST"},{"floor":30.0,"key":"REST"},{"data":"hexamod:HexaLevel","floor":35.0,"key":"SMITH"}],"circlet_count":0,"master_deck":["hexamod:Strike","hexamod:Strike","hexamod:Strike","hexamod:Strike","hexamod:Defend","hexamod:Defend","hexamod:Defend","hexamod:Defend+1","hexamod:Sear","hexamod:Float","hexamod:SpectersWail","hexamod:VolcanoVisage+1","hexamod:UnleashSpirits+1","stsjorbsmod:Procrastination","stsjorbsmod:Procrastination","hexamod:SecondSeal","hexamod:HeatCrush","hexamod:ApocalypticArmor","hexamod:GhostShield","hexamod:FastForward","hexamod:NightmareStrike","hexamod:PowerFromBeyond","hexamod:GhostOfSpirePresent+1","hexamod:AdvancingGuard+1","TheCursedMod:Dregs","stsjorbsmod:Procrastination","hexamod:ShieldOfDarkness","hexamod:FastForward","RitualDagger+1","hexamod:HexaLevel+1","Shame","Injury","hexamod:EtherealExpedition+1","hexamod:ParanormalForm","hexamod:GhostflameBarrier+1","Apotheosis+1","Writhe","Shame"],"relics":["hexamod:SpiritBrand","downfall:HeartsMalice","downfall:ExtraCursedKey","Unceasing Top","CeramicFish","downfall:HeartBlessingRed","downfall:HeartBlessingGreen","downfall:HeartBlessingBlue","Busted Crown","Ornamental Fan","Toxic Egg 2","Kunai","hexamod:IceCube","downfall:GremlinWheel","MealTicket","Boot"],"acts_visited":["Exordium","TheCity","TheBeyond"],"potions_floor_usage":[42],"damage_taken":[{"damage":0.0,"enemies":"Cultist","floor":2.0,"turns":1.0},{"damage":0.0,"enemies":"3 Sentries","floor":6.0,"turns":1.0},{"damage":0.0,"enemies":"Gremlin Nob","floor":8.0,"turns":1.0},{"damage":2.0,"enemies":"2 Louse","floor":11.0,"turns":3.0},{"damage":0.0,"enemies":"Small Slimes","floor":13.0,"turns":2.0},{"damage":4.0,"enemies":"Blue Slaver","floor":15.0,"turns":3.0},{"damage":2.0,"enemies":"WA_ARCHETYPE_RETAIN","floor":16.0,"turns":5.0},{"damage":20.0,"enemies":"Spheric Guardian","floor":19.0,"turns":6.0},{"damage":17.0,"enemies":"Shell Parasite","floor":20.0,"turns":5.0},{"damage":26.0,"enemies":"Centurion and Healer","floor":22.0,"turns":6.0},{"damage":3.0,"enemies":"Snake Plant","floor":25.0,"turns":3.0},{"damage":0.0,"enemies":"Chosen and Byrds","floor":26.0,"turns":3.0},{"damage":5.0,"enemies":"downfall:FleeingMerchant","floor":29.0,"turns":5.0},{"damage":31.0,"enemies":"Sentry and Sphere","floor":32.0,"turns":6.0},{"damage":0.0,"enemies":"DF_ARCHETYPE_CLAW","floor":33.0,"turns":8.0},{"damage":0.0,"enemies":"Orb Walker","floor":36.0,"turns":3.0},{"damage":30.0,"enemies":"3 Darklings","floor":37.0,"turns":6.0},{"damage":10.0,"enemies":"Jaw Worm Horde","floor":38.0,"turns":4.0},{"damage":13.0,"enemies":"Jaw Worm Horde","floor":39.0,"turns":4.0},{"damage":0.0,"enemies":"downfall:FleeingMerchant","floor":40.0,"turns":4.0},{"damage":40,"enemies":"Giant Head","floor":42,"turns":7}],"seed_played":"5980222506885502170","potions_obtained":[{"floor":8.0,"key":"AttackPotion"},{"floor":11.0,"key":"Swift Potion"},{"floor":14.0,"key":"LiquidBronze"},{"floor":16.0,"key":"champ:CounterPotion"},{"floor":19.0,"key":"Swift Potion"},{"floor":26.0,"key":"ColorlessPotion"},{"floor":27.0,"key":"CultistPotion"},{"floor":32.0,"key":"EntropicBrew"},{"floor":37.0,"key":"DistilledChaos"}],"is_trial":false,"path_per_floor":["R","M","?","?","?","E","T","E","R","?","M","R","M","?","M","B",null,"R","M","M","?","M","?","T","M","M","?","R","$","R","T","M","B",null,"R","M","M","M","?","$","T","E"],"character_chosen":"THE_SPIRIT","items_purchased":["Toxic Egg 2","hexamod:HexaLevel","MealTicket","hexamod:InfernoChargePotion","Apotheosis+1"],"campfire_rested":2,"item_purchase_floors":[29,29,40,40,40],"current_hp_per_floor":[70,70,70,70,70,70,70,70,80,80,78,78,78,78,74,72,80,80,60,43,35,9,9,9,6,6,6,30,25,49,49,18,18,80,80,80,50,40,27,27,27,0,0,0],"gold":78,"neow_bonus":"THREE_ENEMY_KILL","is_daily":false,"chose_seed":false,"campfire_upgraded":4,"win_rate":0.0,"timestamp":1612157328,"path_taken":["R","M","?","?","?","E","T","E","R","?","M","R","?","?","M","BOSS","R","M","?","?","?","?","T","M","M","?","R","$","R","?","M","BOSS","R","M","M","M","?","$","T","E"],"items_purchased_type":["Relic","Card","Relic","Potion","Card"],"build_version":"2020-12-22","purchased_purges":0,"victory":false,"max_hp_per_floor":[70,70,70,70,70,70,70,70,80,80,80,80,80,80,80,80,80,80,80,80,80,80,80,80,80,80,80,80,80,80,80,80,80,80,80,80,80,80,80,80,80,80,80,80],"card_choices":[{"not_picked":["hexamod:PowerFromBeyond","hexamod:ChargedBarrage"],"picked":"hexamod:SpectersWail","floor":2.0},{"not_picked":["hexamod:EtherealExpedition","hexamod:GhostLash"],"picked":"hexamod:UnleashSpirits","floor":6.0},{"not_picked":["hexamod:PhantomFireball","hexamod:ExtraCrispy"],"picked":"hexamod:SecondSeal","floor":8.0},{"not_picked":["hexamod:SuperheatedStrike","hexamod:GhostOfSpirePast"],"picked":"hexamod:FastForward","floor":11.0},{"not_picked":["hexamod:NightmareGuise","hexamod:SoulSteal"],"picked":"hexamod:NightmareStrike","floor":13.0},{"not_picked":["hexamod:BurningTouch","hexamod:SpectralAdrenaline"],"picked":"hexamod:PowerFromBeyond","floor":15.0},{"not_picked":["hexamod:Toasty","hexamod:TimeWarp"],"picked":"hexamod:GhostOfSpirePresent","floor":16.0},{"not_picked":[],"picked":"hexamod:AdvancingGuard+1","floor":19.0},{"not_picked":["hexamod:PhantomCloak"],"picked":"SKIP","floor":20.0},{"not_picked":["hexamod:GhostOfSpirePast"],"picked":"SKIP","floor":22.0},{"not_picked":[],"picked":"hexamod:ShieldOfDarkness","floor":25.0},{"not_picked":[],"picked":"hexamod:FastForward","floor":26.0},{"not_picked":["hexamod:SuperheatedStrike"],"picked":"SKIP","floor":29.0},{"not_picked":[],"picked":"hexamod:EtherealExpedition+1","floor":32.0},{"not_picked":[],"picked":"hexamod:ParanormalForm","floor":33.0},{"not_picked":["hexamod:GhostLash"],"picked":"SKIP","floor":36.0},{"not_picked":["hexamod:BacktrackSmack"],"picked":"SKIP","floor":37.0},{"not_picked":[],"picked":"hexamod:GhostflameBarrier+1","floor":38.0},{"not_picked":["hexamod:GhostShield+1"],"picked":"SKIP","floor":40.0}],"player_experience":161791,"relics_obtained":[{"floor":6.0,"key":"Unceasing Top"},{"floor":8.0,"key":"CeramicFish"},{"floor":24.0,"key":"Ornamental Fan"},{"floor":31.0,"key":"Kunai"},{"floor":39.0,"key":"downfall:GremlinWheel"},{"floor":41.0,"key":"Boot"}],"event_choices":[{"cards_removed":["Normality"],"damage_healed":0.0,"max_hp_gain":0.0,"max_hp_loss":0.0,"gold_gain":0.0,"event_name":"The Cleric","player_choice":"Card Removal","floor":5.0,"gold_loss":0.0,"damage_taken":0.0},{"damage_healed":0.0,"max_hp_gain":0.0,"max_hp_loss":0.0,"gold_gain":0.0,"event_name":"Lab","player_choice":"Got Potions","floor":14.0,"gold_loss":0.0,"damage_taken":0.0},{"damage_healed":0.0,"max_hp_gain":0.0,"max_hp_loss":0.0,"gold_gain":0.0,"event_name":"Vampires","player_choice":"Ignored","floor":23.0,"gold_loss":0.0,"damage_taken":0.0}],"is_beta":false,"boss_relics":[{"not_picked":["Tiny House","Velvet Choker"],"picked":"Busted Crown"},{"not_picked":["bronze:MakeshiftBattery","Fusion Hammer"],"picked":"hexamod:IceCube"}],"items_purged_floors":[],"is_endless":false,"potions_floor_spawned":[8,11,15,16,19,20,26,32,37],"killed_by":"Giant Head","ascension_level":2}}