{"host":"04hh9gplt9wkfmr1","time":1612209320,"event":{"mods":["AchievementEnabler","BaseMod","Colored Map","KOR Keyword Fix","Minty Spire (QoL Compilation)","Rare Cards Sparkle","SuperFastMode"],"gold_per_floor":[115,135,152,152,167,167,193,193,244,255,255,269,295,309,309,386,386,397,413,338,338,338],"floor_reached":21,"language":"KOR","playtime":683,"items_purged":[],"score":318,"play_id":"888a931a-412e-4696-866b-928e200cc194","local_time":"20210202045520","is_ascension_mode":true,"campfire_choices":[{"floor":6.0,"key":"REST"},{"data":"Well Laid Plans","floor":8.0,"key":"SMITH"},{"data":"Infinite Blades","floor":11.0,"key":"SMITH"},{"floor":15.0,"key":"REST"}],"circlet_count":0,"master_deck":["AscendersBane","Strike_G","Strike_G","Strike_G","Strike_G","Defend_G","Defend_G","Defend_G","Defend_G","Defend_G","Survivor","Neutralize","Choke+1","PiercingWail","Well Laid Plans+1","Infinite Blades+1","Backflip","Night Terror","PiercingWail","PiercingWail+1"],"relics":["Ring of the Snake","HornCleat","Ancient Tea Set","PreservedInsect","Black Star"],"acts_visited":["Exordium","TheCity"],"potions_floor_usage":[],"damage_taken":[{"damage":1.0,"enemies":"2 Louse","floor":1.0,"turns":5.0},{"damage":10.0,"enemies":"Jaw Worm","floor":2.0,"turns":5.0},{"damage":3.0,"enemies":"Small Slimes","floor":3.0,"turns":4.0},{"damage":5.0,"enemies":"3 Louse","floor":5.0,"turns":4.0},{"damage":39.0,"enemies":"3 Sentries","floor":7.0,"turns":15.0},{"damage":3.0,"enemies":"2 Fungi Beasts","floor":10.0,"turns":4.0},{"damage":11.0,"enemies":"Exordium Thugs","floor":12.0,"turns":6.0},{"damage":2.0,"enemies":"Gremlin Nob","floor":13.0,"turns":3.0},{"damage":6.0,"enemies":"Looter","floor":14.0,"turns":4.0},{"damage":34.0,"enemies":"Slime Boss","floor":16.0,"turns":7.0},{"damage":12.0,"enemies":"3 Byrds","floor":18.0,"turns":8.0},{"damage":34.0,"enemies":"2 Thieves","floor":19.0,"turns":5.0},{"damage":15,"enemies":"3 Cultists","floor":21,"turns":4}],"seed_played":"3047118425464570794","potions_obtained":[{"floor":1.0,"key":"BlessingOfTheForge"},{"floor":2.0,"key":"ColorlessPotion"},{"floor":12.0,"key":"Explosive Potion"},{"floor":14.0,"key":"CultistPotion"},{"floor":16.0,"key":"EssenceOfSteel"}],"is_trial":false,"path_per_floor":["M","M","M","?","M","R","E","R","T","M","R","M","E","M","R","B",null,"M","M","?","M"],"character_chosen":"THE_SILENT","items_purchased":[],"campfire_rested":2,"item_purchase_floors":[],"current_hp_per_floor":[69,59,56,56,51,74,35,35,35,32,32,21,19,13,36,2,58,46,12,12,0,0],"gold":338,"neow_bonus":"TEN_PERCENT_HP_BONUS","is_daily":false,"chose_seed":false,"campfire_upgraded":2,"win_rate":0.0,"timestamp":1612209320,"path_taken":["M","M","M","?","M","R","E","R","T","M","R","M","E","M","R","BOSS","M","M","?","M"],"items_purchased_type":[],"build_version":"2020-12-22","purchased_purges":0,"victory":false,"max_hp_per_floor":[77,77,77,77,77,77,77,77,77,77,77,77,77,77,77,77,77,77,77,77,77,77],"card_choices":[{"not_picked":["Predator","Poisoned Stab"],"picked":"Choke","floor":1.0},{"not_picked":["Dagger Throw","Slice","Concentrate"],"picked":"SKIP","floor":2.0},{"not_picked":["Deadly Poison","Quick Slash","Sucker Punch"],"picked":"SKIP","floor":3.0},{"not_picked":["Caltrops","Acrobatics"],"picked":"PiercingWail","floor":5.0},{"not_picked":["Prepared","Backflip"],"picked":"Well Laid Plans","floor":7.0},{"not_picked":["Endless Agony","Cloak And Dagger"],"picked":"Infinite Blades","floor":10.0},{"not_picked":["Caltrops","Calculated Gamble","Deflect"],"picked":"SKIP","floor":12.0},{"not_picked":["Poisoned Stab","Underhanded Strike","Bane"],"picked":"SKIP","floor":13.0},{"not_picked":["Heel Hook","Endless Agony"],"picked":"Backflip","floor":14.0},{"not_picked":["Corpse Explosion","Malaise"],"picked":"Night Terror","floor":16.0},{"not_picked":["Flying Knee","Outmaneuver"],"picked":"PiercingWail","floor":18.0},{"not_picked":["Poisoned Stab","Leg Sweep"],"picked":"PiercingWail+1","floor":19.0}],"player_experience":118654,"relics_obtained":[{"floor":7.0,"key":"HornCleat"},{"floor":9.0,"key":"Ancient Tea Set"},{"floor":13.0,"key":"PreservedInsect"}],"event_choices":[{"damage_healed":0.0,"max_hp_gain":0.0,"max_hp_loss":0.0,"gold_gain":0.0,"event_name":"Living Wall","player_choice":"Grow","floor":4.0,"gold_loss":0.0,"damage_taken":0.0,"cards_upgraded":["Choke"]},{"cards_removed":["Strike_G"],"damage_healed":0.0,"max_hp_gain":0.0,"max_hp_loss":0.0,"gold_gain":0.0,"event_name":"Beggar","player_choice":"Gave Gold","floor":20.0,"gold_loss":75.0,"damage_taken":0.0}],"is_beta":false,"boss_relics":[{"not_picked":["Tiny House","Fusion Hammer"],"picked":"Black Star"}],"items_purged_floors":[],"is_endless":false,"potions_floor_spawned":[1,2,12,14,16],"killed_by":"3 Cultists","ascension_level":13}}