{"host":"q9sqrn60n8lvmavn","time":1612220636,"event":{"mods":["AchievementEnabler","AlwaysNeverKeys","BaseMod","Better Third Choice","Better Vampires","Block Reminder","Colored Powertips","Curses Come First","DNKmod","Friendly Minions","Minty Spire (QoL Compilation)","Permanent Neow","Relic Filter Mod","StSLib","Weighted Paths"],"gold_per_floor":[1011,1011,1011,1011,499,499,526,526,552,586,606,638,638,288,288,384,384,399,324,334,334,346,373,248,248,248,282,282,282],"floor_reached":28,"language":"ENG","playtime":1246,"items_purged":["Strike_P","Eruption","Strike_P"],"score":409,"play_id":"41049778-d9d5-41b0-b897-eaaa1bc72db0","local_time":"20210201150356","is_ascension_mode":true,"campfire_choices":[{"data":"PathToVictory","floor":6.0,"key":"SMITH"},{"data":"EmptyMind","floor":8.0,"key":"SMITH"},{"data":"Vigilance","floor":13.0,"key":"SMITH"},{"floor":15.0,"key":"REST"},{"floor":25,"key":"REST"}],"circlet_count":0,"master_deck":["Defend_P+1","Defend_P","Defend_P","Vigilance+1","Madness+1","PathToVictory+1","EmptyMind+1","Study+1","DevaForm+1","Adaptation+1"],"relics":["PureWater","Frozen Egg 2","War Paint","Strange Spoon","PreservedInsect","Dream Catcher","Tiny Chest","Molten Egg 2","Pantograph","Black Star","Ancient Tea Set","MealTicket","TeardropLocket","Regal Pillow","The Courier"],"acts_visited":["Exordium","TheCity"],"potions_floor_usage":[23,28],"damage_taken":[{"damage":0.0,"enemies":"Cultist","floor":1.0,"turns":4.0},{"damage":7.0,"enemies":"Lagavulin","floor":7.0,"turns":7.0},{"damage":16.0,"enemies":"3 Sentries","floor":10.0,"turns":7.0},{"damage":0.0,"enemies":"2 Louse","floor":11.0,"turns":2.0},{"damage":35.0,"enemies":"Lagavulin","floor":12.0,"turns":3.0},{"damage":13.0,"enemies":"Hexaghost","floor":16.0,"turns":8.0},{"damage":14.0,"enemies":"3 Byrds","floor":18.0,"turns":5.0},{"damage":1.0,"enemies":"Shell Parasite","floor":20.0,"turns":3.0},{"damage":11,"enemies":"Snake Plant","floor":22,"turns":4},{"damage":50,"enemies":"Gremlin Leader","floor":23,"turns":4},{"damage":0,"enemies":"Book of Stabbing","floor":27,"turns":3},{"damage":75,"enemies":"Cultist and Chosen","floor":28,"turns":9}],"seed_played":"2313019131288042820","potions_obtained":[{"floor":7.0,"key":"FearPotion"},{"floor":11.0,"key":"GamblersBrew"},{"floor":12.0,"key":"Dexterity Potion"},{"floor":20.0,"key":"SkillPotion"},{"floor":22,"key":"DuplicationPotion"}],"is_trial":false,"path_per_floor":["M","T","?","?","$","R","E","R","T","E","M","E","R","$","R","B",null,"M","?","M","?","M","E","$","R","T","E","M"],"character_chosen":"WATCHER","items_purchased":["Madness","PathToVictory","War Paint","Strange Spoon","Pantograph"],"campfire_rested":2,"item_purchase_floors":[5,5,5,5,14],"current_hp_per_floor":[90,90,90,95,95,95,88,88,88,72,72,37,37,37,65,77,91,77,77,76,76,65,15,30,58,58,58,0,0],"gold":282,"neow_bonus":"THREE_RARE_CARDS","is_daily":false,"chose_seed":false,"campfire_upgraded":3,"win_rate":0.0,"timestamp":1612220636,"path_taken":["M","?","?","?","$","R","E","R","T","E","M","E","R","$","R","BOSS","M","?","M","?","M","E","$","R","T","E","?"],"items_purchased_type":["Card","Card","Relic","Relic","Relic"],"build_version":"2020-12-22","purchased_purges":3,"victory":false,"max_hp_per_floor":[90,90,90,95,95,95,95,95,95,95,95,95,95,95,95,95,95,95,95,95,95,95,95,95,95,95,95,95,95],"card_choices":[{"not_picked":["Crescendo","EmptyBody","ReachHeaven"],"picked":"SKIP","floor":1.0},{"not_picked":["BowlingBash","SandsOfTime"],"picked":"EmptyMind","floor":7.0},{"not_picked":["CrushJoints","Alpha","Evaluate"],"picked":"SKIP","floor":10.0},{"not_picked":["Consecrate","FlyingSleeves"],"picked":"Study+1","floor":11.0},{"not_picked":["Perseverance","Collect","Protect"],"picked":"SKIP","floor":12.0},{"not_picked":["ConjureBlade","LessonLearned+1"],"picked":"DevaForm+1","floor":16.0},{"not_picked":["Tantrum+1","Conclude+1","Evaluate"],"picked":"SKIP","floor":18.0},{"not_picked":["WindmillStrike+1","Meditate","ClearTheMind"],"picked":"SKIP","floor":20.0},{"not_picked":["Halt+1","Tantrum+1","EmptyFist+1"],"picked":"SKIP","floor":22},{"not_picked":["Wish","SashWhip+1","EmptyBody"],"picked":"SKIP","floor":23},{"not_picked":["Collect","Wallop+1","CrushJoints+1"],"picked":"SKIP","floor":27}],"player_experience":189443,"relics_obtained":[{"floor":2.0,"key":"Frozen Egg 2"},{"floor":7.0,"key":"PreservedInsect"},{"floor":9.0,"key":"Dream Catcher"},{"floor":10.0,"key":"Tiny Chest"},{"floor":12.0,"key":"Molten Egg 2"},{"floor":23,"key":"Ancient Tea Set"},{"floor":23,"key":"MealTicket"},{"floor":26,"key":"TeardropLocket"},{"floor":27,"key":"Regal Pillow"},{"floor":27,"key":"The Courier"}],"event_choices":[{"cards_removed":["Defend_P"],"damage_healed":0.0,"max_hp_gain":0.0,"max_hp_loss":0.0,"gold_gain":0.0,"event_name":"Living Wall","player_choice":"Forget","floor":3.0,"gold_loss":0.0,"damage_taken":0.0},{"damage_healed":0.0,"max_hp_gain":5.0,"max_hp_loss":0.0,"gold_gain":0.0,"event_name":"Big Fish","player_choice":"Donut","floor":4.0,"gold_loss":0.0,"damage_taken":0.0},{"cards_removed":["Strike_P"],"damage_healed":0.0,"max_hp_gain":0.0,"max_hp_loss":0.0,"gold_gain":0.0,"event_name":"Beggar","player_choice":"Gave Gold","floor":19.0,"gold_loss":75.0,"damage_taken":0.0},{"damage_healed":0.0,"max_hp_gain":0.0,"max_hp_loss":0.0,"gold_gain":0.0,"cards_transformed":["Strike_P"],"event_name":"Transmorgrifier","player_choice":"Transformed","floor":21.0,"gold_loss":0.0,"damage_taken":0.0,"cards_obtained":["Adaptation"]}],"is_beta":false,"boss_relics":[{"not_picked":["Velvet Choker","Runic Dome"],"picked":"Black Star"}],"items_purged_floors":[5,14,24],"is_endless":false,"potions_floor_spawned":[7,11,12,20,22],"killed_by":"Cultist and Chosen","ascension_level":6}}