{"host":"kntpungskobv1jqb","time":1612161866,"event":{"mods":["BaseMod","Minty Spire (QoL Compilation)","Replay The Spire","StSLib","SuperFastMode"],"gold_per_floor":[114,114,114,39,39,67,67,87,87,87,67,84,94,109,109,185,185,155,155,155,155],"floor_reached":20,"language":"ZHS","playtime":756,"items_purged":["Regret"],"score":335,"play_id":"428637a8-d9d2-40be-b16e-e827cd96550e","local_time":"20210201144426","is_ascension_mode":true,"campfire_choices":[{"floor":7,"key":"REST"},{"floor":15,"key":"REST"}],"circlet_count":0,"master_deck":["AscendersBane","Strike_B","Strike_B","Strike_B","Strike_B","Defend_B","Defend_B","Defend_B","Defend_B","Zap","ReplayTheSpireMod:Restless Dread","Mayhem+1","Conserve Battery","Meteor Strike+1","ReplayTheSpireMod:Calculation Training","Loop","Genetic Algorithm","White Noise","Echo Form","Static Discharge"],"relics":["Cracked Core","Blood Vial","FaceOfCleric","Unceasing Top","Replay:Towering Pillar of Hats","Inserter"],"acts_visited":["Exordium","TheCity"],"potions_floor_usage":[16],"damage_taken":[{"damage":7,"enemies":"Jaw Worm","floor":1,"turns":4},{"damage":39,"enemies":"Gremlin Nob","floor":6,"turns":4},{"damage":7,"enemies":"Small Slimes","floor":8,"turns":3},{"damage":0,"enemies":"Cultist","floor":12,"turns":4},{"damage":7,"enemies":"2 Fungi Beasts","floor":13,"turns":4},{"damage":15,"enemies":"Large Slime","floor":14,"turns":6},{"damage":44,"enemies":"Slime Boss","floor":16,"turns":11},{"damage":48,"enemies":"2 Thieves","floor":18,"turns":4},{"damage":22,"enemies":"Spheric Guardian","floor":20,"turns":4}],"seed_played":"2559048420118780868","potions_obtained":[{"floor":11,"key":"FearPotion"},{"floor":13,"key":"LifebloodPotion"},{"floor":16,"key":"FearPotion"}],"is_trial":false,"path_per_floor":["M","?","?","$","?","E","R","M","T","?","?","M","M","M","R","B",null,"M","?","M"],"character_chosen":"DEFECT","items_purchased":[],"campfire_rested":2,"item_purchase_floors":[],"current_hp_per_floor":[57,57,57,57,57,21,42,38,38,38,38,41,37,25,47,6,59,14,14,0,0],"gold":155,"neow_bonus":"RANDOM_COLORLESS_2","is_daily":false,"chose_seed":false,"campfire_upgraded":0,"win_rate":0.0,"timestamp":1612161866,"path_taken":["M","?","?","$","?","E","R","?","T","?","?","M","?","M","R","BOSS","M","?","?"],"items_purchased_type":[],"build_version":"2020-12-22","purchased_purges":1,"victory":false,"max_hp_per_floor":[71,71,71,71,71,72,72,73,73,73,73,74,75,76,76,77,77,78,78,78,78],"card_choices":[{"not_picked":["Magnetism","ReplayTheSpireMod:Necrogeddon"],"picked":"Mayhem","floor":0},{"not_picked":["Barrage","Leap"],"picked":"Conserve Battery","floor":1},{"not_picked":["Stack","ReplaySort","Auto Shields"],"picked":"SKIP","floor":6},{"not_picked":["Compile Driver","Chill"],"picked":"ReplayTheSpireMod:Calculation Training","floor":8},{"not_picked":["Skim","Auto Shields"],"picked":"Loop","floor":12},{"not_picked":["Streamline","Panic Button"],"picked":"Genetic Algorithm","floor":13},{"not_picked":["Recycle","Lockon"],"picked":"White Noise","floor":14},{"not_picked":["Buffer","Fission"],"picked":"Echo Form","floor":16},{"not_picked":["BasicCrystalCard","Streamline+1"],"picked":"Static Discharge","floor":18}],"player_experience":526942,"relics_obtained":[{"floor":6,"key":"Unceasing Top"},{"floor":9,"key":"Replay:Towering Pillar of Hats"}],"event_choices":[{"damage_healed":0,"gold_gain":0,"player_choice":"Box","damage_taken":0,"relics_obtained":["Blood Vial"],"max_hp_gain":0,"max_hp_loss":0,"event_name":"Big Fish","floor":3,"gold_loss":0,"cards_obtained":["Regret"]},{"damage_healed":0,"gold_gain":0,"player_choice":"Trade","damage_taken":0,"relics_obtained":["FaceOfCleric"],"max_hp_gain":0,"max_hp_loss":0,"event_name":"FaceTrader","floor":5,"gold_loss":0},{"damage_healed":0,"gold_gain":0,"player_choice":"Grow","damage_taken":0,"max_hp_gain":0,"max_hp_loss":0,"event_name":"Living Wall","floor":10,"gold_loss":0,"cards_upgraded":["Mayhem"]},{"damage_healed":0,"gold_gain":0,"player_choice":"Bought 1 Potion","damage_taken":0,"max_hp_gain":0,"max_hp_loss":0,"event_name":"The Woman in Blue","floor":11,"gold_loss":0},{"damage_healed":0,"gold_gain":0,"player_choice":"0 cards matched","damage_taken":0,"max_hp_gain":0,"max_hp_loss":0,"event_name":"Match and Keep!","floor":19,"gold_loss":0,"cards_obtained":[]}],"is_beta":false,"boss_relics":[{"not_picked":["Astrolabe","Painkiller Herb"],"picked":"Inserter"}],"items_purged_floors":[4],"is_endless":false,"potions_floor_spawned":[13,16,18],"killed_by":"Spheric Guardian","ascension_level":19}}