{"host":"l2dnabsh5e0fsksb","time":1612146489,"event":{"mods":["2.2 Compatiblity","BaseMod","Downfall","Minty Spire (QoL Compilation)","Quick Restart","StSLib"],"gold_per_floor":[99,99,99,99,99,99,124,157,176,76,97,110,126,155,167,167,167,167],"floor_reached":16,"language":"ENG","playtime":670,"items_purged":[],"score":213,"play_id":"e2e0c0ac-5729-438e-933b-f3df20c10ccc","local_time":"20210201125809","is_ascension_mode":true,"campfire_choices":[{"floor":1,"key":"RECALL"},{"data":"bronze:Overload","floor":10,"key":"SMITH"}],"circlet_count":0,"master_deck":["AscendersBane","bronze:Strike+1","bronze:Strike+1","bronze:Strike","bronze:Strike+1","bronze:Defend","bronze:Defend","bronze:Defend","bronze:Defend","bronze:Replicate","bronze:BuggyMess","bronze:Constructor","bronze:Overload+1","downfall:Malfunctioning","bronze:Constructor","bronze:Repair","bronze:Virus","bronze:DelayedSlice","bronze:WhirlingStrike","bronze:Repulsor","bronze:InfiniteBeams"],"relics":["bronze:BronzeCore","downfall:HeartsMalice","Mummified Hand","Oddly Smooth Stone","Turnip","downfall:HeartBlessingRed","Odd Mushroom","FossilizedHelix"],"acts_visited":["Exordium"],"potions_floor_usage":[16,16],"damage_taken":[{"damage":0,"enemies":"Cultist","floor":2,"turns":1},{"damage":0,"enemies":"Jaw Worm","floor":5,"turns":1},{"damage":0,"enemies":"Lagavulin","floor":8,"turns":1},{"damage":6,"enemies":"Small Slimes","floor":9,"turns":4},{"damage":9,"enemies":"The Mushroom Lair","floor":11,"turns":6},{"damage":6,"enemies":"2 Fungi Beasts","floor":12,"turns":5},{"damage":10,"enemies":"Blue Slaver","floor":13,"turns":5},{"damage":10,"enemies":"3 Sentries","floor":14,"turns":4},{"damage":0,"enemies":"Large Slime","floor":15,"turns":5},{"damage":59,"enemies":"SI_SHIV_ARCHETYPE","floor":16,"turns":7}],"seed_played":"1272522385593215799","potions_obtained":[{"floor":8,"key":"BlessingOfTheForge"},{"floor":13,"key":"Block Potion"},{"floor":15,"key":"SteroidPotion"}],"is_trial":false,"path_per_floor":["R","M","T","?","M","?","T","E","M","R","?","M","M","E","M","B"],"character_chosen":"THE_AUTOMATON","items_purchased":[],"campfire_rested":0,"item_purchase_floors":[],"current_hp_per_floor":[63,63,63,63,63,63,63,63,57,57,55,49,46,43,50,0,0,0],"gold":167,"neow_bonus":"THREE_ENEMY_KILL","is_daily":false,"chose_seed":false,"campfire_upgraded":1,"win_rate":0.0,"timestamp":1612146489,"path_taken":["R","M","?","?","M","?","T","E","M","R","?","M","M","E","M","BOSS"],"items_purchased_type":[],"build_version":"2020-12-22","purchased_purges":0,"victory":false,"max_hp_per_floor":[70,70,70,70,70,70,70,70,70,70,70,70,70,70,70,70,70,70],"card_choices":[{"not_picked":["bronze:Overheat","bronze:Philosophize"],"picked":"bronze:BuggyMess","floor":2},{"not_picked":["bronze:ForLoop","bronze:Overheat"],"picked":"bronze:Overload","floor":5},{"not_picked":["bronze:Return","bronze:Invalidate"],"picked":"bronze:Constructor","floor":8},{"not_picked":["bronze:DelayedGuard","bronze:BugBarrage"],"picked":"bronze:Repair","floor":9},{"not_picked":["bronze:Overload","bronze:Invalidate"],"picked":"bronze:Virus","floor":11},{"not_picked":["bronze:BuggyMess","bronze:Invalidate"],"picked":"bronze:DelayedSlice","floor":12},{"not_picked":["bronze:Shield","bronze:Frontload"],"picked":"bronze:WhirlingStrike","floor":13},{"not_picked":["bronze:WildBeam","bronze:Shield"],"picked":"bronze:Repulsor","floor":14},{"not_picked":["bronze:Shell","bronze:DarkDash"],"picked":"bronze:InfiniteBeams","floor":15}],"player_experience":1884487,"relics_obtained":[{"floor":3,"key":"Mummified Hand"},{"floor":7,"key":"Oddly Smooth Stone"},{"floor":8,"key":"Turnip"},{"floor":11,"key":"Odd Mushroom"},{"floor":14,"key":"FossilizedHelix"}],"event_choices":[{"damage_healed":0,"gold_gain":0,"player_choice":"Fought Mushrooms","damage_taken":0,"max_hp_gain":0,"max_hp_loss":0,"event_name":"Mushrooms","floor":11,"gold_loss":0}],"is_beta":false,"boss_relics":[],"items_purged_floors":[],"is_endless":false,"potions_floor_spawned":[8,13,14,15],"killed_by":"SI_SHIV_ARCHETYPE","ascension_level":12}}