{"host":"bxd97rc2ofc6op20","time":1612160320,"event":{"mods":["BaseMod","Colored Map","Colored Powertips","Googly Eyes","Highlight Path","Minty Spire (QoL Compilation)","Quick Restart","Rare Cards Sparkle"],"gold_per_floor":[12,23,35,35,46,46,74,74,124,136,167,182,182,182,182,284,284,297,308,308,321,321,321],"floor_reached":22,"language":"ENG","playtime":2155,"items_purged":[],"score":238,"play_id":"c3a39642-65ec-46f5-996f-c5e2e345b5fa","local_time":"20210131221840","is_ascension_mode":true,"campfire_choices":[{"data":"Cold Snap","floor":6.0,"key":"SMITH"},{"floor":8.0,"key":"REST"},{"data":"Multi-Cast","floor":13.0,"key":"SMITH"},{"data":"Machine Learning","floor":15.0,"key":"SMITH"}],"circlet_count":0,"master_deck":["Strike_B","Strike_B","Strike_B","Defend_B","Defend_B","Defend_B","Defend_B","Zap","Dualcast","Multi-Cast+1","Coolheaded","Genetic Algorithm","White Noise","Static Discharge+1","Cold Snap+1","FTL","Leap","Machine Learning+1","Doom and Gloom","Buffer","Beam Cell+1","BootSequence","Redo"],"relics":["FrozenCore","Sundial","Blood Vial","Vajra"],"acts_visited":["Exordium","TheCity"],"potions_floor_usage":[21,21],"damage_taken":[{"damage":2.0,"enemies":"Jaw Worm","floor":1.0,"turns":3.0},{"damage":3.0,"enemies":"Cultist","floor":2.0,"turns":5.0},{"damage":5.0,"enemies":"2 Louse","floor":3.0,"turns":3.0},{"damage":5.0,"enemies":"Large Slime","floor":5.0,"turns":8.0},{"damage":25.0,"enemies":"Gremlin Nob","floor":7.0,"turns":4.0},{"damage":5.0,"enemies":"Blue Slaver","floor":10.0,"turns":5.0},{"damage":19.0,"enemies":"3 Sentries","floor":11.0,"turns":9.0},{"damage":7.0,"enemies":"Lots of Slimes","floor":12.0,"turns":4.0},{"damage":15.0,"enemies":"The Guardian","floor":16.0,"turns":9.0},{"damage":28.0,"enemies":"2 Thieves","floor":18.0,"turns":3.0},{"damage":3.0,"enemies":"Shell Parasite","floor":19.0,"turns":7.0},{"damage":11,"enemies":"Sentry and Sphere","floor":21,"turns":6},{"damage":52,"enemies":"Cultist and Chosen","floor":22,"turns":9}],"seed_played":"-5764324212099960160","potions_obtained":[{"floor":2.0,"key":"AttackPotion"},{"floor":7.0,"key":"SteroidPotion"},{"floor":10.0,"key":"Block Potion"},{"floor":11.0,"key":"SneckoOil"},{"floor":18.0,"key":"DistilledChaos"},{"floor":19.0,"key":"LiquidBronze"},{"floor":20.0,"key":"FocusPotion"},{"floor":20.0,"key":"PotionOfCapacity"}],"is_trial":false,"path_per_floor":["M","M","M","?","M","R","E","R","T","M","E","M","R","?","R","B",null,"M","M","?","M","M"],"character_chosen":"DEFECT","items_purchased":[],"campfire_rested":1,"item_purchase_floors":[],"current_hp_per_floor":[73,70,65,65,60,60,35,57,57,54,37,32,32,32,32,19,75,47,46,46,37,0,0],"gold":321,"neow_bonus":"THREE_RARE_CARDS","is_daily":false,"chose_seed":false,"campfire_upgraded":3,"win_rate":0.0,"timestamp":1612160320,"path_taken":["M","M","M","?","M","R","E","R","T","M","E","?","R","?","R","BOSS","M","M","?","M","M"],"items_purchased_type":[],"build_version":"2020-12-22","purchased_purges":0,"victory":false,"max_hp_per_floor":[75,75,75,75,75,75,75,75,75,75,75,75,75,75,75,75,75,75,75,75,75,75,75],"card_choices":[{"not_picked":["Creative AI","Seek"],"picked":"Multi-Cast","floor":0.0},{"not_picked":["Rebound","Beam Cell"],"picked":"Coolheaded","floor":1.0},{"not_picked":["Sunder","Coolheaded"],"picked":"Genetic Algorithm","floor":2.0},{"not_picked":["Undo","Hologram"],"picked":"White Noise","floor":3.0},{"not_picked":["Compile Driver","Force Field"],"picked":"Cold Snap","floor":5.0},{"not_picked":["Leap","Recycle"],"picked":"FTL","floor":7.0},{"not_picked":["Hologram","Rebound"],"picked":"Leap","floor":10.0},{"not_picked":["FTL","Seek"],"picked":"Machine Learning","floor":11.0},{"not_picked":["Hologram","Leap"],"picked":"Doom and Gloom","floor":12.0},{"not_picked":["Hyperbeam","Core Surge"],"picked":"Buffer","floor":16.0},{"not_picked":["Turbo+1","Cold Snap"],"picked":"Beam Cell+1","floor":18.0},{"not_picked":["Beam Cell","Recycle"],"picked":"BootSequence","floor":19.0},{"not_picked":["Coolheaded+1","Ball Lightning"],"picked":"Redo","floor":21}],"player_experience":428403,"relics_obtained":[{"floor":7.0,"key":"Sundial"},{"floor":9.0,"key":"Blood Vial"},{"floor":11.0,"key":"Vajra"}],"event_choices":[{"damage_healed":0.0,"max_hp_gain":0.0,"max_hp_loss":0.0,"gold_gain":0.0,"cards_transformed":["Strike_B"],"event_name":"Transmorgrifier","player_choice":"Transformed","floor":4.0,"gold_loss":0.0,"damage_taken":0.0,"cards_obtained":["Static Discharge"]},{"damage_healed":0.0,"max_hp_gain":0.0,"max_hp_loss":0.0,"gold_gain":0.0,"event_name":"Upgrade Shrine","player_choice":"Upgraded","floor":14.0,"gold_loss":0.0,"damage_taken":0.0,"cards_upgraded":["Static Discharge"]},{"damage_healed":0.0,"max_hp_gain":0.0,"max_hp_loss":0.0,"gold_gain":0.0,"event_name":"Lab","player_choice":"Got Potions","floor":20.0,"gold_loss":0.0,"damage_taken":0.0}],"is_beta":false,"boss_relics":[{"not_picked":["Astrolabe","Pandora\u0027s Box"],"picked":"FrozenCore"}],"items_purged_floors":[],"is_endless":false,"potions_floor_spawned":[2,7,10,11,18,19],"killed_by":"Cultist and Chosen","ascension_level":4}}