{"host":"5raohst9sk3kvp5v","time":1612153609,"event":{"mods":["BaseMod","Colored Powertips","Highlight Path","Minty Spire (QoL Compilation)","Quick Restart","Relic Stats","StSLib"],"gold_per_floor":[14,34,50,70,70,104,116,41,89,116,266,284,284,209,209,209,209],"floor_reached":16,"language":"ENG","playtime":358,"items_purged":["Strike_R"],"score":218,"play_id":"ae77bff8-fd83-4b58-b99b-ef1a660041e8","local_time":"20210131222649","is_ascension_mode":true,"campfire_choices":[{"data":"Immolate","floor":13.0,"key":"SMITH"},{"data":"True Grit","floor":15.0,"key":"SMITH"}],"circlet_count":0,"master_deck":["AscendersBane","Strike_R","Strike_R","Strike_R","Strike_R","Defend_R","Defend_R","Defend_R","Defend_R","Bash","Immolate+1","Cleave","True Grit","True Grit","True Grit+1","Juggernaut","Ghostly Armor"],"relics":["Burning Blood","Self Forming Clay","Pear"],"acts_visited":["Exordium"],"potions_floor_usage":[],"damage_taken":[{"damage":0.0,"enemies":"Jaw Worm","floor":1.0,"turns":3.0},{"damage":11.0,"enemies":"Small Slimes","floor":2.0,"turns":3.0},{"damage":10.0,"enemies":"2 Louse","floor":3.0,"turns":3.0},{"damage":0.0,"enemies":"Lots of Slimes","floor":4.0,"turns":1.0},{"damage":8.0,"enemies":"3 Sentries","floor":6.0,"turns":4.0},{"damage":0.0,"enemies":"Exordium Wildlife","floor":7.0,"turns":1.0},{"damage":59.0,"enemies":"Lagavulin","floor":10.0,"turns":9.0},{"damage":0.0,"enemies":"Gremlin Gang","floor":12.0,"turns":1.0},{"damage":0,"enemies":"Hexaghost","floor":16,"turns":1}],"seed_played":"5985287057372254496","potions_obtained":[{"floor":1.0,"key":"SteroidPotion"},{"floor":3.0,"key":"Strength Potion"}],"is_trial":false,"path_per_floor":["M","M","M","M","$","E","M","$","T","E","?","M","R","?","R","B"],"character_chosen":"IRONCLAD","items_purchased":[],"campfire_rested":0,"item_purchase_floors":[],"current_hp_per_floor":[74,69,65,71,71,69,75,75,75,32,32,38,38,38,38,38,38],"gold":209,"neow_bonus":"THREE_RARE_CARDS","is_daily":false,"chose_seed":false,"campfire_upgraded":2,"win_rate":0.0,"timestamp":1612153609,"path_taken":["M","M","M","M","$","E","M","$","T","E","?","M","R","?","R","BOSS"],"items_purchased_type":[],"build_version":"2020-12-22","purchased_purges":1,"victory":false,"max_hp_per_floor":[75,75,75,75,75,75,75,75,75,85,85,85,85,85,85,85,85],"relic_stats":{"counters":[9,26],"Self Forming Clay":[15],"obtain_stats":[{"Pear":10,"Self Forming Clay":6,"Burning Blood":0},{"Pear":7,"Self Forming Clay":5,"Burning Blood":0},{"Pear":24,"Self Forming Clay":14,"Burning Blood":0}],"Burning Blood":48},"card_choices":[{"not_picked":["Impervious","Offering"],"picked":"Immolate","floor":0.0},{"not_picked":["Rampage","Armaments"],"picked":"Cleave","floor":1.0},{"not_picked":["Cleave","Armaments"],"picked":"True Grit","floor":2.0},{"not_picked":["Armaments","Heavy Blade","Dual Wield"],"picked":"SKIP","floor":3.0},{"not_picked":["Rampage","Body Slam"],"picked":"True Grit","floor":4.0},{"not_picked":["Pommel Strike","Cleave"],"picked":"True Grit","floor":6.0},{"not_picked":["Heavy Blade","Flex","Reckless Charge"],"picked":"SKIP","floor":7.0},{"not_picked":["Hemokinesis","Cleave"],"picked":"Juggernaut","floor":10.0},{"not_picked":["Heavy Blade","Shockwave"],"picked":"Ghostly Armor","floor":12.0}],"player_experience":1715789,"relics_obtained":[{"floor":6.0,"key":"Self Forming Clay"},{"floor":10.0,"key":"Pear"}],"event_choices":[{"damage_healed":0.0,"max_hp_gain":0.0,"max_hp_loss":0.0,"gold_gain":150.0,"event_name":"Liars Game","player_choice":"AGREE","floor":11.0,"gold_loss":0.0,"damage_taken":0.0,"cards_obtained":["Doubt"]},{"cards_removed":["Doubt"],"damage_healed":0.0,"max_hp_gain":0.0,"max_hp_loss":0.0,"gold_gain":0.0,"event_name":"The Cleric","player_choice":"Card Removal","floor":14.0,"gold_loss":75.0,"damage_taken":0.0}],"is_beta":false,"boss_relics":[],"items_purged_floors":[8],"is_endless":false,"potions_floor_spawned":[1,3],"killed_by":"Hexaghost","ascension_level":19}}