{"host":"i6cyhi9fkpzvr6lb","time":1612176289,"event":{"mods":["Act Like it!","Arknights","BaseMod","Better Skull","Gensokyo","Marisa£®ÏF”Í°°ƒß¿Ì…≥£©","Minty Spire (QoL Compilation)","Reimu£®≤©¿ˆ¡È√Œ£©","Remilia£®¿Ÿ√◊¿Ú—«£©","StSLib","The Servant 0.9.4","Thieving Mod","Youmu£®ªÍ∆«—˝√Œ£©","Yuyuko"],"gold_per_floor":[109,109,30,42,73,73,73,73,73,399,399,449,461,461,461,559,559,794,794,794,845,62,128,128,166,166,150,100,0,0,38,38,170,170,204,204,235,264,25,25,88,88,88,88,88,88,133,133,133,133],"floor_reached":51,"language":"ZHS","playtime":1810,"items_purged":[],"score":882,"play_id":"a3d8633c-eca4-40ce-a28b-66ff115018a3","local_time":"20210201184449","daily_mods":["SealedDeck","Specialized"],"is_ascension_mode":false,"campfire_choices":[{"data":"AbsoluteMagnitude","floor":6.0,"key":"SMITH"},{"data":"BlazeAway","floor":8.0,"key":"SMITH"},{"floor":11.0,"key":"REST"},{"floor":15.0,"key":"REST"},{"floor":24.0,"key":"REST"},{"floor":32.0,"key":"REST"},{"floor":40.0,"key":"REST"},{"floor":44.0,"key":"REST"},{"floor":49,"key":"REST"}],"circlet_count":0,"master_deck":["MachineGunSpark+1","MachineGunSpark+1","MachineGunSpark","MachineGunSpark","MachineGunSpark+1","MilkyWay","BlazeAway+1","6A+1","6A","6A","PowerUp","PowerUp+1","PowerUp+1","PowerUp","UnstableBomb+1","WitchOfGreed+1","GalacticHalo","TreasureHunter","UnstableBomb","Dramatic Entrance","PropBag+1","PulseMagic","EventHorizon","Singularity","EnergyFlow","CollectingQuirk","PropBag","StarBarrage","6A+1","ChargingUp","StarBarrage+1","Gensokyo:LockedMedkit","Gensokyo:DepletedGenerator","EnergyFlow","6A+1"],"relics":["MiniHakkero","Happy Flower","Bag of Marbles","Tiny Chest","Juzu Bracelet","Gensokyo:OccultBall","RampagingMagicTools","Gensokyo:ConquerorOfFear","Ancient Tea Set","TentaclePot:ReiMu","Prayer Wheel","CeramicFish","War Paint","StoneCalendar","Art of War","SimpleLauncher","Lantern","Letter Opener","Akabeko","Gensokyo:TheCrow"],"acts_visited":["Exordium","Gensokyo:Gensokyo","Gensokyo:Gensokyoer"],"potions_floor_usage":[50,50,50],"damage_taken":[{"damage":0.0,"enemies":"Gensokyo:3_Fairies","floor":1.0,"turns":3.0},{"damage":0.0,"enemies":"Gensokyo:Python","floor":4.0,"turns":2.0},{"damage":10.0,"enemies":"Gensokyo:Gryphon","floor":5.0,"turns":3.0},{"damage":18.0,"enemies":"Gensokyo:Aya","floor":12.0,"turns":3.0},{"damage":0.0,"enemies":"Gensokyo:Python_and_Kodama","floor":13.0,"turns":1.0},{"damage":49.0,"enemies":"Gensokyo:Reimu","floor":16.0,"turns":7.0},{"damage":5.0,"enemies":"Gensokyo:2_Gloops","floor":18.0,"turns":3.0},{"damage":1.0,"enemies":"Gensokyo:Reisen","floor":23.0,"turns":3.0},{"damage":0.0,"enemies":"Gensokyo:Chomper","floor":25.0,"turns":1.0},{"damage":21.0,"enemies":"Gensokyo:Slime_Group","floor":31.0,"turns":2.0},{"damage":49.0,"enemies":"Gensokyo:Eternal_Rivals","floor":33.0,"turns":6.0},{"damage":11.0,"enemies":"Gensokyo:3_Bats","floor":35.0,"turns":2.0},{"damage":10.0,"enemies":"Gensokyo:3_Boulders","floor":37.0,"turns":1.0},{"damage":39.0,"enemies":"Gensokyo:Sharpion","floor":38.0,"turns":5.0},{"damage":23.0,"enemies":"Gensokyo:Rafflesia","floor":41.0,"turns":5.0},{"damage":72.0,"enemies":"Gensokyo:Rafflesia","floor":46.0,"turns":2.0},{"damage":0,"enemies":"Gensokyo:Yuyuko","floor":50,"turns":1}],"seed_played":"-8258888023362147839","potions_obtained":[{"floor":4.0,"key":"ZuzhouPotion:ReiMu"},{"floor":5.0,"key":"Energy Potion"},{"floor":5.0,"key":"ColorlessPotion"},{"floor":18.0,"key":"LiquidMemories"},{"floor":18.0,"key":"Swift Potion"},{"floor":23.0,"key":"BlessingOfTheForge"},{"floor":33.0,"key":"BottledSpark"},{"floor":33.0,"key":"EssenceOfSteel"},{"floor":38.0,"key":"Swift Potion"},{"floor":41.0,"key":"GrandPatriotsElixir:ReiMu"}],"is_trial":true,"path_per_floor":["M","?","COS","M","M","R","?","R","T","?","R","E","M","?","R","B",null,"M","?","?","T","$","E","R","M","T","?","?","?","$","M","R","B",null,"M","T","M","M","COS","R","M","?","T","R","?","?","T","?","R","B",null],"character_chosen":"MARISA","items_purchased":["Block Potion","Block Potion","TentaclePot:ReiMu","Prayer Wheel","CeramicFish","Dramatic Entrance"],"campfire_rested":7,"item_purchase_floors":[22,22,22,22,22,22],"current_hp_per_floor":[75,75,75,75,65,65,65,65,65,26,48,30,30,30,52,3,75,70,24,24,24,24,23,45,45,45,55,62,62,62,41,65,16,82,71,71,61,34,34,58,35,35,35,59,44,44,44,44,68,68],"gold":133,"neow_bonus":"","is_daily":false,"chose_seed":false,"campfire_upgraded":2,"win_rate":0.0,"timestamp":1612176289,"path_taken":["M","?","COS","M","M","R","?","R","T","?","R","E","M","?","R","BOSS","M","?","?","?","$","E","R","M","T","?","?","?","$","M","R","BOSS","M","?","M","M","COS","R","M","?","T","R","?","?","?","?","R","BOSS"],"items_purchased_type":["Potion","Potion","Relic","Relic","Relic","Card"],"build_version":"2020-12-22","purchased_purges":0,"victory":true,"max_hp_per_floor":[75,75,75,75,75,75,75,75,75,75,75,75,75,75,75,75,75,75,75,75,75,75,75,75,75,75,75,82,82,82,82,82,82,82,82,82,82,82,82,82,82,82,82,82,82,82,82,82,82,82],"card_choices":[{"not_picked":["PowerUp","EventHorizon"],"picked":"UnstableBomb","floor":1.0},{"not_picked":["Orbital","WitchLeyline"],"picked":"WitchOfGreed","floor":4.0},{"not_picked":["StarDustReverie","EscapeVelocity"],"picked":"AbsoluteMagnitude","floor":5.0},{"not_picked":["ShootingEcho","GalacticHalo","ShootTheMoon"],"picked":"SKIP","floor":5.0},{"not_picked":["EscapeVelocity","FairyDestructionRay","BlazingStar"],"picked":"SKIP","floor":12.0},{"not_picked":["SuperPerseids","ShootingEcho"],"picked":"GalacticHalo","floor":13.0},{"not_picked":["BlazingStar","StarDustReverie"],"picked":"TreasureHunter","floor":16.0},{"not_picked":["Acceleration+1","GalacticHalo"],"picked":"UnstableBomb","floor":18.0},{"not_picked":["NonDirectionalLaser+1","UnstableBomb+1"],"picked":"PropBag+1","floor":23.0},{"not_picked":["ChargeUpSpray+1","WitchLeyline"],"picked":"PulseMagic","floor":25.0},{"not_picked":["DoubleSpark","SprinkleStarSeal+1"],"picked":"EventHorizon","floor":25.0},{"not_picked":["DC","GrandCross"],"picked":"Singularity","floor":31.0},{"not_picked":["SprinkleStarSeal","IllusionStar"],"picked":"EnergyFlow","floor":31.0},{"not_picked":["CasketOfStar","JA"],"picked":"CollectingQuirk","floor":33.0},{"not_picked":["6A","PowerUp"],"picked":"PropBag","floor":35.0},{"not_picked":["WitchLeyline","MysteriousBeam"],"picked":"StarBarrage","floor":35.0},{"not_picked":["BlazeAway","Orbital"],"picked":"6A+1","floor":37.0},{"not_picked":["ChargeUpSpray+1","DarkMatter"],"picked":"ChargingUp","floor":37.0},{"not_picked":["GalacticHalo+1","IllusionStar"],"picked":"StarBarrage+1","floor":38.0},{"not_picked":["GrandCross+1","RefractionSpark","DC"],"picked":"SKIP","floor":38.0},{"not_picked":["MysteriousBeam+1","LuminesStrike+1"],"picked":"EnergyFlow","floor":41.0},{"not_picked":["DoubleSpark+1","UnstableBomb+1"],"picked":"6A+1","floor":41.0}],"player_experience":194792,"relics_obtained":[{"floor":9.0,"key":"Bag of Marbles"},{"floor":12.0,"key":"Juzu Bracelet"},{"floor":16.0,"key":"Gensokyo:OccultBall"},{"floor":21.0,"key":"Ancient Tea Set"},{"floor":23.0,"key":"Gensokyo:ConquerorOfFear"},{"floor":23.0,"key":"War Paint"},{"floor":26.0,"key":"StoneCalendar"},{"floor":33.0,"key":"Gensokyo:OccultBall"},{"floor":36.0,"key":"Art of War"},{"floor":38.0,"key":"Gensokyo:OccultBall"},{"floor":43.0,"key":"Letter Opener"},{"floor":47.0,"key":"Akabeko"}],"event_choices":[{"damage_healed":0.0,"max_hp_gain":0.0,"max_hp_loss":0.0,"gold_gain":326.0,"event_name":"betterSkull:BetterSkull","player_choice":"RE GO GO GO ","floor":10.0,"gold_loss":0.0,"damage_taken":44.0,"cards_upgraded":[],"relics_obtained":["Tiny Chest"]},{"damage_healed":0.0,"max_hp_gain":0.0,"max_hp_loss":0.0,"gold_gain":0.0,"event_name":"betterSkull:BetterSkull","player_choice":"UP UP UP ","floor":19.0,"gold_loss":0.0,"damage_taken":52.0,"cards_upgraded":["UnstableBomb","MachineGunSpark","MachineGunSpark"],"relics_obtained":[]},{"damage_healed":0.0,"max_hp_gain":0.0,"max_hp_loss":0.0,"gold_gain":0.0,"event_name":"betterSkull:BetterSkull","player_choice":"UP ","floor":45.0,"gold_loss":0.0,"damage_taken":17.0,"cards_upgraded":["6A"],"relics_obtained":[]}],"is_beta":false,"boss_relics":[{"not_picked":["BewitchedHakkero","Ectoplasm"],"picked":"RampagingMagicTools"},{"not_picked":["Coffee Dripper","Sozu","Velvet Choker"]}],"items_purged_floors":[],"is_endless":false,"potions_floor_spawned":[4,5,18,33,38,41],"ascension_level":0}}