{"host":"59wnhi65kiwmnpg4","time":1612191460,"event":{"mods":["2.2 Compatiblity","AchievementEnabler","BaseMod","BetterRewards","Colored Map","Custom Start","Disable Question Mark Monsters","Highlight Path","Minty Spire (QoL Compilation)","Permanent Neow","Relic Sorter","Relic Stats"],"gold_per_floor":[114,114,124,143,195,195,235,235,235,277,299,299,299,19,19,102,129,157,166,178,56,56,56,84,125,125,168,189,214,239,32,32,112,121,145,157,100,122,122,122],"floor_reached":39,"language":"ENG","playtime":3308,"items_purged":["Decay"],"score":987,"play_id":"5e4ae693-ba2c-4d3c-bee6-bb28e47a97d2","local_time":"20210201145740","daily_mods":["Draft"],"is_ascension_mode":true,"campfire_choices":[{"data":"Setup","floor":6.0,"key":"SMITH"},{"data":"Footwork","floor":8.0,"key":"SMITH"},{"data":"Crippling Poison","floor":13.0,"key":"SMITH"},{"data":"Accuracy","floor":15.0,"key":"SMITH"},{"data":"Cloak And Dagger","floor":23.0,"key":"SMITH"},{"floor":32,"key":"REST"}],"circlet_count":0,"master_deck":["AscendersBane","Blade Dance","Setup+1","Well Laid Plans","Footwork+1","PiercingWail","Crippling Poison+1","Acrobatics","Blur","Blade Dance","Deflect","Tactician+1","Cloak And Dagger+1","PiercingWail","Blur","Deflect","Corpse Explosion","Bullet Time","Cloak And Dagger+1","Accuracy+1","Die Die Die","Malaise+1","Skewer+1","PiercingWail+1","Prepared","Dash","Cloak And Dagger","Prepared","Riddle With Holes","Crippling Poison+1","Reflex","Accuracy","Envenom","CurseOfTheBell","Flechettes","Catalyst","Catalyst"],"relics":["Ring of the Snake","CeramicFish","Snake Skull","Ornamental Fan","Regal Pillow","Letter Opener","HandDrill","Astrolabe","War Paint","Du-Vu Doll","Bottled Flame","Membership Card","Calling Bell","MealTicket","HornCleat","Turnip"],"acts_visited":["Exordium","TheCity","TheBeyond"],"potions_floor_usage":[29,30,33,38],"damage_taken":[{"damage":0.0,"enemies":"2 Louse","floor":1.0,"turns":3.0},{"damage":0.0,"enemies":"Cultist","floor":3.0,"turns":4.0},{"damage":1.0,"enemies":"Small Slimes","floor":4.0,"turns":3.0},{"damage":2.0,"enemies":"Lagavulin","floor":7.0,"turns":5.0},{"damage":35.0,"enemies":"Gremlin Nob","floor":10.0,"turns":4.0},{"damage":0.0,"enemies":"Exordium Thugs","floor":11.0,"turns":3.0},{"damage":0.0,"enemies":"Hexaghost","floor":16.0,"turns":7.0},{"damage":4.0,"enemies":"Shell Parasite","floor":18.0,"turns":5.0},{"damage":0.0,"enemies":"3 Byrds","floor":20.0,"turns":2.0},{"damage":5.0,"enemies":"Centurion and Healer","floor":24.0,"turns":3.0},{"damage":6.0,"enemies":"Book of Stabbing","floor":25.0,"turns":6.0},{"damage":3.0,"enemies":"Gremlin Leader","floor":27.0,"turns":7.0},{"damage":10,"enemies":"Sentry and Sphere","floor":28,"turns":6},{"damage":0,"enemies":"Cultist and Chosen","floor":29,"turns":6},{"damage":15,"enemies":"Chosen and Byrds","floor":30,"turns":5},{"damage":32,"enemies":"Champ","floor":33,"turns":13},{"damage":18,"enemies":"3 Darklings","floor":35,"turns":5},{"damage":3,"enemies":"3 Shapes","floor":36,"turns":5},{"damage":5,"enemies":"Sphere and 2 Shapes","floor":38,"turns":3},{"damage":43,"enemies":"Transient","floor":39,"turns":3}],"seed_played":"3613374923308975462","potions_obtained":[{"floor":1.0,"key":"Swift Potion"},{"floor":2.0,"key":"SkillPotion"},{"floor":2.0,"key":"Fire Potion"},{"floor":10.0,"key":"Swift Potion"},{"floor":20.0,"key":"Fire Potion"},{"floor":30,"key":"GamblersBrew"},{"floor":38,"key":"Dexterity Potion"}],"is_trial":true,"path_per_floor":["M","?","M","M","T","R","E","R","T","E","M","?","R","$","R","B",null,"M","?","M","$","?","R","M","E","T","E","M","M","M","$","R","B",null,"M","M","$","M","M"],"character_chosen":"THE_SILENT","items_purchased":["HandDrill","Accuracy","EssenceOfSteel","Underhanded Strike","Membership Card","Accuracy","Catalyst","SkillPotion"],"campfire_rested":1,"item_purchase_floors":[14,14,14,21,31,31,37,37],"current_hp_per_floor":[59,59,59,58,58,58,56,56,56,21,21,21,21,21,21,21,55,51,51,51,51,51,51,46,40,40,37,27,27,12,12,46,14,53,35,32,47,42,0,0],"gold":122,"neow_bonus":"","is_daily":false,"chose_seed":false,"campfire_upgraded":5,"win_rate":0.0,"timestamp":1612191460,"path_taken":["M","?","M","?","?","R","E","R","T","E","M","?","R","$","R","BOSS","M","?","M","$","?","R","M","E","T","E","?","M","M","$","R","BOSS","M","M","$","M","M"],"items_purchased_type":["Relic","Card","Potion","Card","Relic","Card","Card","Potion"],"build_version":"2020-12-22","purchased_purges":1,"victory":false,"max_hp_per_floor":[66,66,66,66,66,66,66,66,66,66,66,66,66,66,66,66,66,66,66,66,66,66,66,66,66,66,66,66,66,66,66,66,66,66,66,66,66,66,66,66],"relic_stats":{"Regal Pillow":15,"counters":[20,98],"CeramicFish":207,"Astrolabe":["Malaise","Skewer","PiercingWail"],"Snake Skull":[45],"Letter Opener":[291],"War Paint":["Cloak And Dagger","Tactician"],"Ornamental Fan":[148],"MealTicket":15,"Turnip":[5],"HandDrill":[30],"obtain_stats":[{"Regal Pillow":10,"CeramicFish":5,"Astrolabe":17,"Snake Skull":7,"Letter Opener":12,"War Paint":25,"Du-Vu Doll":26,"Calling Bell":34,"Bottled Flame":27,"HornCleat":34,"Ornamental Fan":9,"MealTicket":34,"Turnip":34,"HandDrill":14,"Membership Card":31,"Ring of the Snake":0},{"Regal Pillow":5,"CeramicFish":3,"Astrolabe":7,"Snake Skull":4,"Letter Opener":6,"War Paint":11,"Du-Vu Doll":11,"Calling Bell":16,"Bottled Flame":12,"HornCleat":16,"Ornamental Fan":4,"MealTicket":16,"Turnip":16,"HandDrill":6,"Membership Card":15,"Ring of the Snake":0},{"Regal Pillow":19,"CeramicFish":10,"Astrolabe":29,"Snake Skull":15,"Letter Opener":22,"War Paint":45,"Du-Vu Doll":45,"Calling Bell":82,"Bottled Flame":52,"HornCleat":82,"Ornamental Fan":15,"MealTicket":82,"Turnip":82,"HandDrill":22,"Membership Card":69,"Ring of the Snake":0}],"Ring of the Snake":[40]},"card_choices":[{"not_picked":["Sucker Punch","Acrobatics"],"picked":"Blade Dance","floor":0.0},{"not_picked":["Flying Knee","Concentrate"],"picked":"Setup","floor":0.0},{"not_picked":["PiercingWail","Acrobatics"],"picked":"Well Laid Plans","floor":0.0},{"not_picked":["Acrobatics","Deadly Poison"],"picked":"Footwork","floor":0.0},{"not_picked":["Backflip","Poisoned Stab"],"picked":"Backstab","floor":0.0},{"not_picked":["Deadly Poison","Backstab"],"picked":"PiercingWail","floor":0.0},{"not_picked":["Outmaneuver","Flechettes"],"picked":"Dagger Spray","floor":0.0},{"not_picked":["Choke","Outmaneuver"],"picked":"Quick Slash","floor":0.0},{"not_picked":["Acrobatics","Poisoned Stab"],"picked":"Crippling Poison","floor":0.0},{"not_picked":["Bane","Slice"],"picked":"Acrobatics","floor":0.0},{"not_picked":["Deadly Poison","Concentrate"],"picked":"Blur","floor":0.0},{"not_picked":["Underhanded Strike","Slice"],"picked":"Blade Dance","floor":0.0},{"not_picked":["Eviscerate","Infinite Blades"],"picked":"Deflect","floor":0.0},{"not_picked":["Outmaneuver","Masterful Stab"],"picked":"Tactician","floor":0.0},{"not_picked":["Bane","Quick Slash"],"picked":"Cloak And Dagger","floor":0.0},{"not_picked":["Quick Slash","Underhanded Strike"],"picked":"PiercingWail","floor":1.0},{"not_picked":["Outmaneuver","Dagger Spray"],"picked":"Blur","floor":3.0},{"not_picked":["Eviscerate","Predator"],"picked":"Deflect","floor":4.0},{"not_picked":["Escape Plan","Dagger Throw"],"picked":"Corpse Explosion","floor":7.0},{"not_picked":["Escape Plan","Dash"],"picked":"Bullet Time","floor":10.0},{"not_picked":["Deadly Poison","Slice"],"picked":"Cloak And Dagger","floor":11.0},{"not_picked":["Grand Finale","Corpse Explosion"],"picked":"Die Die Die","floor":16.0},{"not_picked":["PiercingWail+1","Dagger Throw"],"picked":"Prepared","floor":18.0},{"not_picked":["Backflip","Flying Knee","Malaise"],"picked":"SKIP","floor":20.0},{"not_picked":["Tactician","Underhanded Strike"],"picked":"Dash","floor":24.0},{"not_picked":["Outmaneuver","Dodge and Roll"],"picked":"Cloak And Dagger","floor":25.0},{"not_picked":["Dodge and Roll","Flying Knee"],"picked":"Prepared","floor":27.0},{"not_picked":["Dodge and Roll+1","Infinite Blades"],"picked":"Riddle With Holes","floor":28},{"not_picked":["Choke+1","Deflect"],"picked":"Crippling Poison+1","floor":29},{"not_picked":["Setup","Outmaneuver"],"picked":"Reflex","floor":30},{"not_picked":["Corpse Explosion","Die Die Die"],"picked":"Envenom","floor":33},{"not_picked":["Bane","Dagger Spray"],"picked":"Flechettes","floor":35},{"not_picked":["Deadly Poison","Poisoned Stab","Flechettes+1"],"picked":"SKIP","floor":36},{"not_picked":["Poisoned Stab","Underhanded Strike+1"],"picked":"Catalyst","floor":38}],"player_experience":870189,"relics_obtained":[{"floor":5.0,"key":"CeramicFish"},{"floor":7.0,"key":"Snake Skull"},{"floor":9.0,"key":"Ornamental Fan"},{"floor":10.0,"key":"Regal Pillow"},{"floor":25.0,"key":"War Paint"},{"floor":26.0,"key":"Du-Vu Doll"},{"floor":27.0,"key":"Bottled Flame"},{"floor":34,"key":"MealTicket"},{"floor":34,"key":"HornCleat"},{"floor":34,"key":"Turnip"}],"event_choices":[{"damage_healed":0.0,"max_hp_gain":0.0,"max_hp_loss":0.0,"gold_gain":0.0,"event_name":"Lab","player_choice":"Got Potions","floor":2.0,"gold_loss":0.0,"damage_taken":0.0},{"damage_healed":0.0,"max_hp_gain":0.0,"max_hp_loss":0.0,"gold_gain":0.0,"event_name":"Dead Adventurer","player_choice":"Searched \u00271\u0027 times","floor":12.0,"gold_loss":0.0,"damage_taken":0.0,"relics_obtained":["Letter Opener"]},{"damage_healed":0.0,"max_hp_gain":0.0,"max_hp_loss":0.0,"gold_gain":0.0,"event_name":"Forgotten Altar","player_choice":"Smashed Altar","floor":19.0,"gold_loss":0.0,"damage_taken":0.0,"cards_obtained":["Decay"]},{"cards_removed":["Underhanded Strike"],"damage_healed":0.0,"max_hp_gain":0.0,"max_hp_loss":0.0,"gold_gain":0.0,"event_name":"Purifier","player_choice":"Purged","floor":22.0,"gold_loss":0.0,"damage_taken":0.0}],"is_beta":false,"boss_relics":[{"not_picked":["Fusion Hammer","Black Star"],"picked":"Astrolabe"},{"not_picked":["SacredBark","SlaversCollar"],"picked":"Calling Bell"}],"items_purged_floors":[21],"is_endless":false,"potions_floor_spawned":[1,3,10,20,27,30,38],"killed_by":"Transient","ascension_level":20}}