{"host":"gf8hyl7jhl0is674","time":1612162625,"event":{"mods":["2.2 Compatiblity","Act Like it!","Aspiration","BaseMod","CapriCore","Chen","Colored Map","Gensokyo","Koishi","Marisa????????","Minty Spire (QoL Compilation)","Onozuka Komachi Mod","Permanent Neow","Reimu??????","StSLib","The Administrix","The Blue Laboratory","The Immortal","The Jungle","The Servant 0.9.4","Waifu the Spire","Yakumo Yukari mod"],"gold_per_floor":[113,33,33,45,60,60,95,95,95,20,20,40,56,71,71,175,175,194,37,0,18,18,18,18,18],"floor_reached":24,"language":"ENG","playtime":1040,"items_purged":["Strike_B"],"score":196,"play_id":"39700b0e-e5cd-4101-a5b1-4d8049a8728c","local_time":"20210131235705","is_ascension_mode":false,"campfire_choices":[{"data":"Zap","floor":6,"key":"SMITH"},{"floor":8,"key":"REST"},{"data":"Dualcast","floor":11,"key":"SMITH"},{"floor":15,"key":"RECALL"},{"data":"Heatsinks","floor":23,"key":"SMITH"}],"circlet_count":0,"master_deck":["Zap+1","Dualcast+1","aspiration:Polymerization","Loop","Melter","Capacitor","Lockon","Leap","Machine Learning","Beam Cell","Compile Driver","Chill","Amplify","Self Repair","Cold Snap+1","Auto Shields","Heatsinks+1","Capacitor"],"relics":["Cracked Core","Lizard Tail","War Paint","Pandora\u0027s Box","Medical Kit"],"acts_visited":["Exordium","TheCity"],"potions_floor_usage":[7],"damage_taken":[{"damage":0,"enemies":"2 Louse","floor":1,"turns":2},{"damage":1,"enemies":"Cultist","floor":4,"turns":3},{"damage":1,"enemies":"Jaw Worm","floor":5,"turns":5},{"damage":62,"enemies":"3 Sentries","floor":7,"turns":12},{"damage":14,"enemies":"Exordium Wildlife","floor":12,"turns":4},{"damage":5,"enemies":"2 Fungi Beasts","floor":13,"turns":3},{"damage":4,"enemies":"Large Slime","floor":14,"turns":6},{"damage":15,"enemies":"Hexaghost","floor":16,"turns":8},{"damage":25,"enemies":"3 Byrds","floor":18,"turns":5},{"damage":24,"enemies":"Spheric Guardian","floor":21,"turns":4},{"damage":39,"enemies":"Snake Plant","floor":24,"turns":5}],"seed_played":"212805201798898594","potions_obtained":[{"floor":1,"key":"EssenceOfSteel"},{"floor":12,"key":"blueLaboratory:PhilterOfMotion"},{"floor":21,"key":"Fire Potion"}],"is_trial":false,"path_per_floor":["M","$","?","M","M","R","E","R","T","$","R","M","M","M","R","B",null,"M","$","?","M","?","R","M"],"character_chosen":"DEFECT","items_purchased":["Loop","Medical Kit"],"campfire_rested":1,"item_purchase_floors":[2,19],"current_hp_per_floor":[68,68,68,67,66,66,4,24,24,24,24,10,5,1,1,24,68,50,50,50,33,33,33,0,0],"gold":18,"neow_bonus":"ONE_RARE_RELIC","is_daily":false,"chose_seed":false,"campfire_upgraded":3,"win_rate":0.0,"timestamp":1612162625,"path_taken":["M","$","?","M","M","R","E","R","T","$","R","M","M","M","R","BOSS","M","$","?","M","?","R","M"],"items_purchased_type":["Card","Relic"],"build_version":"2020-12-22","purchased_purges":1,"victory":false,"max_hp_per_floor":[68,68,68,68,68,68,68,68,68,68,68,68,68,68,68,68,68,68,68,68,68,68,68,68,68],"card_choices":[{"not_picked":["Tempest","FTL"],"picked":"aspiration:Polymerization","floor":1},{"not_picked":["Coolheaded","Loop"],"picked":"Melter","floor":4},{"not_picked":["Barrage","Hologram"],"picked":"Capacitor","floor":5},{"not_picked":["Redo","Turbo"],"picked":"Lockon","floor":7},{"not_picked":["Amplify","Hologram","Turbo"],"picked":"SKIP","floor":12},{"not_picked":["Redo","Sweeping Beam"],"picked":"Leap","floor":13},{"not_picked":["Redo","FTL"],"picked":"Lockon","floor":14},{"not_picked":["Echo Form","Reboot"],"picked":"Machine Learning","floor":16},{"not_picked":["Self Repair","Doom and Gloom"],"picked":"Cold Snap+1","floor":18},{"not_picked":["Chaos","Beam Cell+1"],"picked":"Auto Shields","floor":21}],"player_experience":383803,"relics_obtained":[{"floor":7,"key":"War Paint"}],"event_choices":[{"cards_removed":["Strike_B"],"damage_healed":0,"gold_gain":0,"player_choice":"Purged","damage_taken":0,"max_hp_gain":0,"max_hp_loss":0,"event_name":"Purifier","floor":3,"gold_loss":0},{"damage_healed":0,"gold_gain":0,"player_choice":"Paid Fearfully","damage_taken":0,"max_hp_gain":0,"max_hp_loss":0,"event_name":"Masked Bandits","floor":20,"gold_loss":37},{"damage_healed":0,"gold_gain":0,"cards_transformed":["Reprogram","Lockon"],"player_choice":"Became Test Subject","damage_taken":0,"max_hp_gain":0,"max_hp_loss":0,"event_name":"Drug Dealer","floor":22,"gold_loss":0,"cards_obtained":["Heatsinks","Capacitor"]}],"is_beta":false,"boss_relics":[{"not_picked":["Empty Cage","aspiration:FutureDiary"],"picked":"Pandora\u0027s Box"}],"items_purged_floors":[10],"is_endless":false,"potions_floor_spawned":[1,12,21],"killed_by":"Snake Plant","ascension_level":0}}