{"host":"04hh9gplt9wkfmr1","time":1612168522,"event":{"mods":["AchievementEnabler","BaseMod","Colored Map","KOR Keyword Fix","Minty Spire (QoL Compilation)","Rare Cards Sparkle","SuperFastMode"],"gold_per_floor":[116,134,146,163,182,215,228,228,228,228,228,241,241,261,261,359,359,372,372,39,39,39,39,39,39,39,53,68,68,98,114,114,212,212,225,236,236,236,254,254,269,114,114,129,129,129,148,148,148,148],"floor_reached":51,"language":"KOR","playtime":1669,"items_purged":["Shame"],"score":1014,"play_id":"7631541b-8c12-49c3-9481-7af66353b756","local_time":"20210201173522","is_ascension_mode":true,"campfire_choices":[{"data":"Barricade","floor":8.0,"key":"SMITH"},{"data":"Entrench","floor":11.0,"key":"SMITH"},{"data":"Limit Break","floor":13.0,"key":"SMITH"},{"data":"Berserk","floor":15.0,"key":"SMITH"},{"data":"Entrench","floor":23.0,"key":"SMITH"},{"data":"Offering","floor":25.0,"key":"SMITH"},{"floor":29.0,"key":"REST"},{"data":"Demon Form","floor":32.0,"key":"SMITH"},{"floor":40.0,"key":"REST"},{"floor":46.0,"key":"REST"},{"floor":49,"key":"REST"}],"circlet_count":0,"master_deck":["Bash","Bludgeon+1","Barricade+1","Body Slam","Evolve","Metallicize","Shrug It Off","Entrench+1","Limit Break+1","Berserk+1","Feed","Offering+1","Entrench","Battle Trance","Fiend Fire","Double Tap","Headbutt","Body Slam","J.A.X.","Entrench+1","Headbutt+1","Demon Form+1","Juggernaut","Power Through+1","Armaments+1","Madness","Madness","Offering+1","Metallicize","Inflame","Flame Barrier","Bloodletting"],"relics":["Burning Blood","Orichalcum","Pen Nib","Pandora\u0027s Box","Matryoshka","Darkstone Periapt","Bronze Scales","HornCleat","Omamori","Calling Bell","Potion Belt","Molten Egg 2","Gambling Chip","Regal Pillow","Happy Flower"],"acts_visited":["Exordium","TheCity","TheBeyond"],"potions_floor_usage":[50,50],"damage_taken":[{"damage":1.0,"enemies":"Cultist","floor":1.0,"turns":3.0},{"damage":0.0,"enemies":"2 Louse","floor":2.0,"turns":3.0},{"damage":6.0,"enemies":"Small Slimes","floor":3.0,"turns":2.0},{"damage":11.0,"enemies":"2 Fungi Beasts","floor":4.0,"turns":4.0},{"damage":7.0,"enemies":"3 Louse","floor":5.0,"turns":4.0},{"damage":26.0,"enemies":"3 Sentries","floor":6.0,"turns":7.0},{"damage":6.0,"enemies":"Looter","floor":7.0,"turns":2.0},{"damage":10.0,"enemies":"Exordium Thugs","floor":12.0,"turns":7.0},{"damage":4.0,"enemies":"Red Slaver","floor":14.0,"turns":6.0},{"damage":31.0,"enemies":"The Guardian","floor":16.0,"turns":10.0},{"damage":18.0,"enemies":"Chosen","floor":18.0,"turns":3.0},{"damage":6.0,"enemies":"Slavers","floor":24.0,"turns":1.0},{"damage":12.0,"enemies":"3 Byrds","floor":27.0,"turns":4.0},{"damage":9.0,"enemies":"Sentry and Sphere","floor":28.0,"turns":5.0},{"damage":12.0,"enemies":"Gremlin Leader","floor":30.0,"turns":6.0},{"damage":12.0,"enemies":"Snake Plant","floor":31.0,"turns":4.0},{"damage":19.0,"enemies":"Collector","floor":33.0,"turns":9.0},{"damage":18.0,"enemies":"3 Shapes","floor":35.0,"turns":4.0},{"damage":23.0,"enemies":"Orb Walker","floor":36.0,"turns":4.0},{"damage":9.0,"enemies":"Spire Growth","floor":39.0,"turns":7.0},{"damage":12.0,"enemies":"3 Darklings","floor":41.0,"turns":4.0},{"damage":31.0,"enemies":"4 Shapes","floor":44.0,"turns":5.0},{"damage":0.0,"enemies":"Nemesis","floor":45.0,"turns":1.0},{"damage":15.0,"enemies":"Writhing Mass","floor":47.0,"turns":6.0},{"damage":15,"enemies":"Time Eater","floor":50,"turns":5}],"seed_played":"-8908912930027748581","potions_obtained":[{"floor":1.0,"key":"SkillPotion"},{"floor":3.0,"key":"PowerPotion"},{"floor":4.0,"key":"PowerPotion"},{"floor":7.0,"key":"ColorlessPotion"},{"floor":12.0,"key":"Energy Potion"},{"floor":18.0,"key":"SmokeBomb"},{"floor":30.0,"key":"SmokeBomb"},{"floor":35.0,"key":"Ancient Potion"},{"floor":36.0,"key":"FearPotion"},{"floor":41.0,"key":"SteroidPotion"},{"floor":44.0,"key":"AttackPotion"}],"is_trial":false,"path_per_floor":["M","M","M","M","M","E","M","R","T","?","R","M","R","M","R","B",null,"M","?","$","?","?","R","E","R","T","M","M","R","E","M","R","B",null,"M","M","?","?","M","R","M","$","T","M","E","R","M","?","R","B",null],"character_chosen":"IRONCLAD","items_purchased":["Entrench","Matryoshka","Metallicize"],"campfire_rested":4,"item_purchase_floors":[20,20,42],"current_hp_per_floor":[72,72,72,67,66,46,46,46,46,46,46,42,42,44,44,19,59,47,47,47,53,53,53,53,53,53,47,44,67,61,55,55,42,69,60,43,33,33,30,54,48,48,48,23,29,68,59,59,81,72],"gold":148,"neow_bonus":"TRANSFORM_TWO_CARDS","is_daily":false,"chose_seed":false,"campfire_upgraded":7,"win_rate":0.0,"timestamp":1612168522,"path_taken":["M","M","M","M","M","E","M","R","T","?","R","?","R","M","R","BOSS","M","?","$","?","?","R","E","R","T","M","M","R","E","M","R","BOSS","M","M","?","?","?","R","M","?","T","M","E","R","M","?","R","BOSS"],"items_purchased_type":["Card","Relic","Card"],"build_version":"2020-12-22","purchased_purges":1,"victory":true,"max_hp_per_floor":[72,72,72,72,72,72,72,72,72,72,72,72,72,72,72,72,72,72,72,72,78,78,78,78,78,78,78,78,78,78,78,78,78,78,81,81,81,81,81,81,81,81,81,81,81,81,81,81,81,81],"card_choices":[{"not_picked":["Havoc","Rage"],"picked":"Body Slam","floor":1.0},{"not_picked":["Clothesline","Headbutt"],"picked":"Evolve","floor":2.0},{"not_picked":["Body Slam","Sentinel"],"picked":"Metallicize","floor":3.0},{"not_picked":["Feel No Pain","Headbutt"],"picked":"Shrug It Off","floor":4.0},{"not_picked":["True Grit","Iron Wave","Thunderclap"],"picked":"SKIP","floor":5.0},{"not_picked":["Wild Strike","Armaments"],"picked":"Entrench","floor":6.0},{"not_picked":["Blood for Blood","Spot Weakness"],"picked":"Limit Break","floor":7.0},{"not_picked":["Pommel Strike","Blood for Blood","Cleave"],"picked":"SKIP","floor":12.0},{"not_picked":["Thunderclap","Pommel Strike"],"picked":"Berserk","floor":14.0},{"not_picked":["Brutality","Berserk"],"picked":"Feed","floor":16.0},{"not_picked":["Heavy Blade","Sword Boomerang"],"picked":"Body Slam","floor":18.0},{"not_picked":["Evolve","Clothesline+1","Headbutt"],"picked":"SKIP","floor":27.0},{"not_picked":["Clothesline","Rupture+1"],"picked":"Headbutt+1","floor":28.0},{"not_picked":["Dual Wield","Hemokinesis+1"],"picked":"Demon Form","floor":30.0},{"not_picked":["Rampage","Heavy Blade","Combust"],"picked":"SKIP","floor":31.0},{"not_picked":["Berserk","Double Tap"],"picked":"Juggernaut","floor":33.0},{"not_picked":["Feel No Pain+1","Thunderclap+1"],"picked":"Power Through+1","floor":35.0},{"not_picked":["Intimidate","Cleave+1"],"picked":"Armaments+1","floor":36.0},{"not_picked":["Perfected Strike+1","Headbutt+1","Pommel Strike+1"],"picked":"SKIP","floor":39.0},{"not_picked":["Cleave+1","Dark Embrace","Clothesline+1"],"picked":"SKIP","floor":41.0},{"not_picked":["Flex","Rage+1"],"picked":"Inflame","floor":44.0},{"not_picked":["Evolve+1","Wild Strike+1"],"picked":"Flame Barrier","floor":47.0}],"player_experience":115936,"relics_obtained":[{"floor":6.0,"key":"Orichalcum"},{"floor":9.0,"key":"Pen Nib"},{"floor":26.0,"key":"Bronze Scales"},{"floor":26.0,"key":"HornCleat"},{"floor":30.0,"key":"Omamori"},{"floor":34.0,"key":"Potion Belt"},{"floor":34.0,"key":"Molten Egg 2"},{"floor":34.0,"key":"Gambling Chip"},{"floor":43.0,"key":"Regal Pillow"},{"floor":43.0,"key":"Happy Flower"}],"event_choices":[{"damage_healed":0.0,"max_hp_gain":0.0,"max_hp_loss":0.0,"gold_gain":0.0,"event_name":"Upgrade Shrine","player_choice":"Upgraded","floor":10.0,"gold_loss":0.0,"damage_taken":0.0,"cards_upgraded":["Bludgeon"]},{"damage_healed":0.0,"max_hp_gain":0.0,"max_hp_loss":0.0,"gold_gain":0.0,"event_name":"Drug Dealer","player_choice":"Obtain J.A.X.","floor":19.0,"gold_loss":0.0,"damage_taken":0.0,"cards_obtained":["J.A.X."]},{"damage_healed":0.0,"max_hp_gain":0.0,"max_hp_loss":0.0,"gold_gain":0.0,"event_name":"Addict","player_choice":"Stole Relic","floor":21.0,"gold_loss":0.0,"damage_taken":0.0,"relics_obtained":["Darkstone Periapt"],"cards_obtained":["Shame"]},{"damage_healed":0.0,"max_hp_gain":0.0,"max_hp_loss":0.0,"gold_gain":0.0,"event_name":"Vampires","player_choice":"Ignored","floor":22.0,"gold_loss":0.0,"damage_taken":0.0},{"damage_healed":0.0,"max_hp_gain":0.0,"max_hp_loss":0.0,"gold_gain":0.0,"event_name":"Winding Halls","player_choice":"Embrace Madness","floor":37.0,"gold_loss":0.0,"damage_taken":10.0,"cards_obtained":["Madness","Madness"]},{"damage_healed":0.0,"max_hp_gain":0.0,"max_hp_loss":0.0,"gold_gain":0.0,"event_name":"Duplicator","player_choice":"Copied","floor":38.0,"gold_loss":0.0,"damage_taken":0.0,"cards_obtained":["Offering"]},{"damage_healed":0,"gold_gain":0,"cards_transformed":["Intimidate"],"player_choice":"Transformed","damage_taken":0,"max_hp_gain":0,"max_hp_loss":0,"event_name":"Transmorgrifier","floor":48,"gold_loss":0,"cards_obtained":["Bloodletting"]}],"is_beta":false,"boss_relics":[{"not_picked":["Empty Cage","Fusion Hammer"],"picked":"Pandora\u0027s Box"},{"not_picked":["Runic Cube","Runic Pyramid"],"picked":"Calling Bell"}],"items_purged_floors":[42],"is_endless":false,"potions_floor_spawned":[1,3,4,7,12,18,30,35,36,41,44],"ascension_level":5}}