{"host":"aw6ta4ll26ap9lu8","time":1612157129,"event":{"mods":["AchievementEnabler","AlwaysNeverKeys","BaseMod","Bestiary","Block Reminder","Colored Map","Colored Powertips","Dark Map","DeckTracker","Highlight Path","Minty Spire (QoL Compilation)","Permanent Neow","Quick Restart","Relic Stats","StSLib"],"gold_per_floor":[116,116,191,191,203,203,266,316,316,45,45,45,370,403,403,403,403],"floor_reached":16,"language":"ENG","playtime":417,"items_purged":["Strike_P"],"score":149,"play_id":"df2b066a-b0c8-45b8-a2b8-7fef26b02659","local_time":"20210201002529","is_ascension_mode":true,"campfire_choices":[{"data":"Eruption","floor":6.0,"key":"SMITH"},{"data":"FlyingSleeves","floor":12.0,"key":"SMITH"},{"data":"DevaForm","floor":15.0,"key":"SMITH"}],"circlet_count":0,"master_deck":["AscendersBane","Strike_P","Strike_P","Strike_P","Defend_P","Defend_P","Defend_P","Defend_P","Eruption+1","Vigilance","Master of Strategy+1","FlyingSleeves+1","FearNoEvil","Protect","Regret","DevaForm+1"],"relics":["PureWater","Gremlin Horn","SsserpentHead","Juzu Bracelet","Molten Egg 2","MealTicket"],"acts_visited":["Exordium"],"potions_floor_usage":[],"damage_taken":[{"damage":0.0,"enemies":"2 Louse","floor":1.0,"turns":3.0},{"damage":0.0,"enemies":"Cultist","floor":5.0,"turns":2.0},{"damage":11.0,"enemies":"Small Slimes","floor":7.0,"turns":2.0},{"damage":8.0,"enemies":"3 Sentries","floor":14.0,"turns":8.0},{"damage":23,"enemies":"Slime Boss","floor":16,"turns":4}],"seed_played":"-2744410641320261975","potions_obtained":[{"floor":5.0,"key":"BlessingOfTheForge"},{"floor":14.0,"key":"BottledMiracle"}],"is_trial":false,"path_per_floor":["M","?","?","?","M","R","M","?","T","$","$","R","?","E","R","B"],"character_chosen":"WATCHER","items_purchased":["Molten Egg 2"],"campfire_rested":0,"item_purchase_floors":[10],"current_hp_per_floor":[47,44,33,33,33,33,22,22,22,22,22,22,22,14,14,0,0],"gold":403,"neow_bonus":"RANDOM_COLORLESS_2","is_daily":false,"chose_seed":false,"campfire_upgraded":3,"win_rate":0.0,"timestamp":1612157129,"path_taken":["M","?","?","?","M","R","?","?","T","?","$","R","?","E","R","BOSS"],"items_purchased_type":["Relic"],"build_version":"2020-12-22","purchased_purges":1,"victory":false,"max_hp_per_floor":[72,72,72,72,72,72,72,72,72,72,72,72,72,72,72,72,72],"relic_stats":{"SsserpentHead":200,"Gremlin Horn":[3,3],"counters":[5,19],"MealTicket":0,"Juzu Bracelet":0,"obtain_stats":[{"SsserpentHead":4,"Gremlin Horn":2,"Molten Egg 2":10,"MealTicket":14,"Juzu Bracelet":9,"PureWater":0},{"SsserpentHead":1,"Gremlin Horn":1,"Molten Egg 2":3,"MealTicket":4,"Juzu Bracelet":3,"PureWater":0},{"SsserpentHead":3,"Gremlin Horn":3,"Molten Egg 2":7,"MealTicket":15,"Juzu Bracelet":7,"PureWater":0}]},"card_choices":[{"not_picked":["Apotheosis","Transmutation"],"picked":"Master of Strategy","floor":0.0},{"not_picked":["Evaluate","CarveReality"],"picked":"FlyingSleeves","floor":1.0},{"not_picked":["Wallop","SandsOfTime"],"picked":"FearNoEvil","floor":5.0},{"not_picked":["ForeignInfluence","PathToVictory"],"picked":"Protect","floor":7.0},{"not_picked":["SashWhip+1","ThirdEye"],"picked":"DevaForm","floor":14.0}],"player_experience":629550,"relics_obtained":[{"floor":9.0,"key":"Juzu Bracelet"},{"floor":14.0,"key":"MealTicket"}],"event_choices":[{"damage_healed":0.0,"max_hp_gain":0.0,"max_hp_loss":0.0,"gold_gain":0.0,"event_name":"Scrap Ooze","player_choice":"Success","floor":2.0,"gold_loss":0.0,"damage_taken":3.0,"relics_obtained":["Gremlin Horn"]},{"damage_healed":0.0,"max_hp_gain":0.0,"max_hp_loss":0.0,"gold_gain":75.0,"event_name":"World of Goop","player_choice":"Gather Gold","floor":3.0,"gold_loss":0.0,"damage_taken":11.0},{"damage_healed":0.0,"max_hp_gain":0.0,"max_hp_loss":0.0,"gold_gain":0.0,"event_name":"FaceTrader","player_choice":"Trade","floor":4.0,"gold_loss":0.0,"damage_taken":0.0,"relics_obtained":["SsserpentHead"]},{"damage_healed":0.0,"max_hp_gain":0.0,"max_hp_loss":0.0,"gold_gain":0.0,"event_name":"Accursed Blacksmith","player_choice":"Forge","floor":8.0,"gold_loss":0.0,"damage_taken":0.0,"cards_upgraded":["Master of Strategy"]},{"damage_healed":0.0,"max_hp_gain":0.0,"max_hp_loss":0.0,"gold_gain":275.0,"event_name":"Golden Shrine","player_choice":"Desecrate","floor":13.0,"gold_loss":0.0,"damage_taken":0.0,"cards_obtained":["Regret"]}],"is_beta":false,"boss_relics":[],"items_purged_floors":[10],"is_endless":false,"potions_floor_spawned":[5,14],"killed_by":"Slime Boss","ascension_level":11}}