{"host":"sian7qp8a9pc9xwd","time":1612221546,"event":{"mods":["BaseMod","Minty Spire (QoL Compilation)","StSLib","SuperFastMode"],"gold_per_floor":[114,114,114,124,143,143,161,161,184,184,198,215,56,56,56,56,56],"floor_reached":16,"language":"ENG","playtime":465,"items_purged":[],"score":143,"play_id":"22eaa604-e73b-49f0-ab1e-e65b70eb446d","local_time":"20210201181906","is_ascension_mode":true,"campfire_choices":[{"data":"Uppercut","floor":6.0,"key":"SMITH"},{"data":"Limit Break","floor":8.0,"key":"SMITH"},{"data":"Heavy Blade","floor":10.0,"key":"SMITH"},{"data":"Inflame","floor":15.0,"key":"SMITH"}],"circlet_count":0,"master_deck":["AscendersBane","Strike_R","Strike_R+1","Strike_R","Strike_R","Defend_R+1","Defend_R","Defend_R","Bash","Uppercut+1","Limit Break+1","Seeing Red","Heavy Blade+1","Inflame+1","Offering"],"relics":["Burning Blood","Dream Catcher"],"acts_visited":["Exordium"],"potions_floor_usage":[16],"damage_taken":[{"damage":10.0,"enemies":"Jaw Worm","floor":1.0,"turns":3.0},{"damage":10.0,"enemies":"2 Louse","floor":4.0,"turns":2.0},{"damage":10.0,"enemies":"Small Slimes","floor":5.0,"turns":3.0},{"damage":6.0,"enemies":"Looter","floor":7.0,"turns":3.0},{"damage":20.0,"enemies":"Large Slime","floor":11.0,"turns":6.0},{"damage":0.0,"enemies":"Gremlin Gang","floor":12.0,"turns":2.0},{"damage":29,"enemies":"The Guardian","floor":16,"turns":5}],"seed_played":"2117258256410327585","potions_obtained":[{"floor":5.0,"key":"AttackPotion"},{"floor":12.0,"key":"ColorlessPotion"}],"is_trial":false,"path_per_floor":["M","?","?","M","M","R","M","R","T","R","M","M","$","?","R","B"],"character_chosen":"IRONCLAD","items_purchased":["Offering"],"campfire_rested":0,"item_purchase_floors":[13],"current_hp_per_floor":[68,52,57,53,49,49,49,49,49,49,35,41,41,34,34,5,5],"gold":56,"neow_bonus":"TRANSFORM_TWO_CARDS","is_daily":false,"chose_seed":false,"campfire_upgraded":4,"win_rate":0.0,"timestamp":1612221546,"path_taken":["M","?","?","M","M","R","M","R","T","R","M","M","?","?","R","BOSS"],"items_purchased_type":["Card"],"build_version":"2020-12-22","purchased_purges":0,"victory":false,"max_hp_per_floor":[80,80,85,85,85,85,85,85,85,85,85,85,85,85,85,85,85],"card_choices":[{"not_picked":["Pommel Strike","Clash","Sentinel"],"picked":"SKIP","floor":1.0},{"not_picked":["Perfected Strike","Clash"],"picked":"Seeing Red","floor":4.0},{"not_picked":["Havoc","Twin Strike"],"picked":"Heavy Blade","floor":5.0},{"not_picked":["Anger","Rupture","Armaments"],"picked":"SKIP","floor":7.0},{"not_picked":["Thunderclap","Second Wind"],"picked":"Inflame","floor":11.0},{"not_picked":["Perfected Strike","Fire Breathing","Thunderclap"],"picked":"SKIP","floor":12.0}],"player_experience":862872,"relics_obtained":[{"floor":9.0,"key":"Dream Catcher"}],"event_choices":[{"damage_healed":0.0,"max_hp_gain":0.0,"max_hp_loss":0.0,"gold_gain":0.0,"event_name":"Shining Light","player_choice":"Entered Light","floor":2.0,"gold_loss":0.0,"damage_taken":16.0,"cards_upgraded":["Strike_R","Defend_R"]},{"damage_healed":0.0,"max_hp_gain":5.0,"max_hp_loss":0.0,"gold_gain":0.0,"event_name":"Big Fish","player_choice":"Donut","floor":3.0,"gold_loss":0.0,"damage_taken":0.0},{"cards_removed":["Regret"],"damage_healed":0.0,"max_hp_gain":0.0,"max_hp_loss":0.0,"gold_gain":0.0,"event_name":"Golden Wing","player_choice":"Card Removal","floor":14.0,"gold_loss":0.0,"damage_taken":7.0}],"is_beta":false,"boss_relics":[],"items_purged_floors":[],"is_endless":false,"potions_floor_spawned":[5,12],"killed_by":"The Guardian","ascension_level":11}}