{"host":"nx6t4q2fc0vdue7l","time":1612198004,"event":{"mods":["2.2 Compatiblity","BaseMod","Minty Spire (QoL Compilation)"],"gold_per_floor":[119,131,131,52,227,253,253,269,269,297,310,343,343,360,360,465,465,480,480,182,182,192,192,223,223,223,223,251,261,293,392,392,495,495,513,528,250,263,263,290,290,318,365,365,382,382,398,410,410,410],"floor_reached":51,"language":"ENG","playtime":2136,"items_purged":["Strike_B","Doubt"],"score":1055,"play_id":"414615db-01bd-40e1-8a67-62eb86d5ebc8","local_time":"20210201174644","is_ascension_mode":true,"campfire_choices":[{"data":"Zap","floor":7,"key":"SMITH"},{"data":"White Noise","floor":15,"key":"SMITH"},{"floor":23,"key":"RECALL"},{"floor":27,"key":"REST"},{"floor":32,"key":"REST"},{"floor":41,"key":"REST"},{"data":"Apotheosis+1","floor":44,"key":"PURGE"},{"data":"Self Repair+1","floor":49,"key":"PURGE"}],"circlet_count":0,"master_deck":["Strike_B+1","Strike_B+1","Defend_B+1","Defend_B+1","Defend_B+1","Defend_B+1","Zap+1","Dualcast+1","Coolheaded+1","Beam Cell+1","Defragment+1","White Noise+1","Sweeping Beam+1","Leap+1","Buffer+1","Defragment+1","Defragment+1","Heatsinks+1","Skim+1","BootSequence+1","Loop+1","Buffer+1","Loop+1","Hologram+1","Machine Learning","Defragment","Steam+1","Redo"],"relics":["Cracked Core","NeowsBlessing","White Beast Statue","Mummified Hand","Shuriken","Symbiotic Virus","Blue Candle","Cables","Fusion Hammer","PreservedInsect","Orichalcum","Omamori","FossilizedHelix","Bag of Marbles","Nuclear Battery","Mark of the Bloom","War Paint","Peace Pipe","Oddly Smooth Stone"],"acts_visited":["Exordium","TheCity","TheBeyond"],"potions_floor_usage":[10,24,24,33,35,48,50,50,50],"damage_taken":[{"damage":0,"enemies":"Jaw Worm","floor":1,"turns":1},{"damage":0,"enemies":"2 Louse","floor":2,"turns":1},{"damage":0,"enemies":"Gremlin Nob","floor":6,"turns":1},{"damage":8,"enemies":"Small Slimes","floor":8,"turns":2},{"damage":15,"enemies":"Lagavulin","floor":10,"turns":7},{"damage":0,"enemies":"Blue Slaver","floor":11,"turns":2},{"damage":18,"enemies":"3 Sentries","floor":12,"turns":6},{"damage":9,"enemies":"Exordium Thugs","floor":14,"turns":3},{"damage":28,"enemies":"Hexaghost","floor":16,"turns":7},{"damage":21,"enemies":"3 Byrds","floor":18,"turns":4},{"damage":4,"enemies":"Spheric Guardian","floor":22,"turns":4},{"damage":55,"enemies":"Gremlin Leader","floor":24,"turns":9},{"damage":16,"enemies":"Slavers","floor":28,"turns":5},{"damage":0,"enemies":"Snake Plant","floor":29,"turns":3},{"damage":0,"enemies":"Book of Stabbing","floor":30,"turns":3},{"damage":21,"enemies":"Collector","floor":33,"turns":10},{"damage":21,"enemies":"3 Darklings","floor":35,"turns":5},{"damage":0,"enemies":"3 Shapes","floor":36,"turns":3},{"damage":0,"enemies":"Sphere and 2 Shapes","floor":38,"turns":7},{"damage":0,"enemies":"Nemesis","floor":40,"turns":5},{"damage":0,"enemies":"Giant Head","floor":42,"turns":7},{"damage":0,"enemies":"3 Darklings","floor":45,"turns":4},{"damage":0,"enemies":"Spire Growth","floor":47,"turns":5},{"damage":0,"enemies":"Sphere and 2 Shapes","floor":48,"turns":4},{"damage":0,"enemies":"Donu and Deca","floor":50,"turns":7}],"seed_played":"-2115611347899914600","potions_obtained":[{"floor":6,"key":"SteroidPotion"},{"floor":8,"key":"PowerPotion"},{"floor":10,"key":"EssenceOfDarkness"},{"floor":11,"key":"Ancient Potion"},{"floor":12,"key":"PotionOfCapacity"},{"floor":16,"key":"SkillPotion"},{"floor":24,"key":"SpeedPotion"},{"floor":28,"key":"FearPotion"},{"floor":29,"key":"Block Potion"},{"floor":33,"key":"GamblersBrew"},{"floor":35,"key":"PowerPotion"},{"floor":38,"key":"Fruit Juice"},{"floor":48,"key":"EssenceOfDarkness"}],"is_trial":false,"path_per_floor":["M","M","?","$","?","E","R","M","T","E","M","E","T","M","R","B",null,"M","?","$","?","M","R","E","?","T","R","E","M","E","?","R","B",null,"M","M","$","M","?","E","R","E","T","R","M","?","M","M","R","B",null],"character_chosen":"DEFECT","items_purchased":["Self Repair","PreservedInsect","Defragment","Apotheosis"],"campfire_rested":3,"item_purchase_floors":[4,20,20,37],"current_hp_per_floor":[75,75,72,72,72,72,72,71,71,63,70,59,59,57,57,36,75,61,61,61,61,71,71,23,23,23,45,36,43,50,50,72,58,75,61,68,68,75,75,75,75,75,75,75,75,75,75,75,75,75],"gold":410,"neow_bonus":"THREE_ENEMY_KILL","is_daily":false,"chose_seed":false,"campfire_upgraded":2,"win_rate":0.0,"timestamp":1612198004,"path_taken":["M","M","?","$","?","E","R","M","T","E","M","E","?","?","R","BOSS","M","?","$","?","?","R","E","?","T","R","E","M","E","?","R","BOSS","M","M","$","M","?","E","R","E","T","R","M","?","M","M","R","BOSS"],"items_purchased_type":["Card","Relic","Card","Card"],"build_version":"2020-12-22","purchased_purges":2,"victory":true,"max_hp_per_floor":[75,75,75,75,75,75,75,75,75,75,75,75,75,75,75,75,75,75,75,75,75,75,75,75,75,75,75,75,75,75,75,75,75,75,75,75,75,75,75,75,75,75,75,75,75,75,75,80,80,80],"card_choices":[{"not_picked":["Go for the Eyes","Turbo"],"picked":"Coolheaded","floor":1},{"not_picked":["Steam Power","Hologram"],"picked":"Beam Cell","floor":2},{"not_picked":["Turbo","Hologram","Redo"],"picked":"SKIP","floor":6},{"not_picked":["Turbo","Seek"],"picked":"Defragment","floor":8},{"not_picked":["Hello World","Go for the Eyes"],"picked":"White Noise","floor":10},{"not_picked":["Turbo","Seek"],"picked":"Sweeping Beam","floor":11},{"not_picked":["Gash","Stack","FTL"],"picked":"SKIP","floor":12},{"not_picked":["Coolheaded","Hologram"],"picked":"Leap","floor":14},{"not_picked":["Fission","Multi-Cast"],"picked":"Buffer","floor":16},{"not_picked":["Lockon+1","Gash","Coolheaded+1"],"picked":"SKIP","floor":18},{"not_picked":["Skim","Auto Shields"],"picked":"Defragment","floor":22},{"not_picked":["Redo","Streamline"],"picked":"Heatsinks","floor":24},{"not_picked":["Lockon","Conserve Battery"],"picked":"Skim+1","floor":28},{"not_picked":["Redo","Tempest"],"picked":"BootSequence","floor":29},{"not_picked":["Reprogram","Turbo"],"picked":"Loop","floor":30},{"not_picked":["Multi-Cast","Electrodynamics"],"picked":"Buffer","floor":33},{"not_picked":["Reprogram","Stack+1"],"picked":"Loop+1","floor":35},{"not_picked":["Gash+1","Conserve Battery","Go for the Eyes+1"],"picked":"SKIP","floor":36},{"not_picked":["Turbo+1","Force Field+1"],"picked":"Hologram+1","floor":38},{"not_picked":["Sweeping Beam+1","Beam Cell"],"picked":"Machine Learning","floor":40},{"not_picked":["Cold Snap+1","Compile Driver+1"],"picked":"Defragment","floor":42},{"not_picked":["Steam Power","Cold Snap"],"picked":"Steam+1","floor":45},{"not_picked":["Barrage","Go for the Eyes+1","Self Repair"],"picked":"SKIP","floor":47},{"not_picked":["Stack","Glacier"],"picked":"Redo","floor":48}],"player_experience":331271,"relics_obtained":[{"floor":6,"key":"Mummified Hand"},{"floor":9,"key":"Shuriken"},{"floor":10,"key":"Symbiotic Virus"},{"floor":12,"key":"Blue Candle"},{"floor":13,"key":"Cables"},{"floor":24,"key":"Orichalcum"},{"floor":26,"key":"Omamori"},{"floor":28,"key":"FossilizedHelix"},{"floor":30,"key":"Bag of Marbles"},{"floor":40,"key":"War Paint"},{"floor":42,"key":"Peace Pipe"},{"floor":43,"key":"Oddly Smooth Stone"}],"event_choices":[{"damage_healed":0,"gold_gain":0,"player_choice":"Success","damage_taken":3,"relics_obtained":["White Beast Statue"],"max_hp_gain":0,"max_hp_loss":0,"event_name":"Scrap Ooze","floor":3,"gold_loss":0},{"damage_healed":0,"gold_gain":175,"player_choice":"AGREE","damage_taken":0,"max_hp_gain":0,"max_hp_loss":0,"event_name":"Liars Game","floor":5,"gold_loss":0,"cards_obtained":["Doubt"]},{"damage_healed":0,"gold_gain":0,"player_choice":"Ignored","damage_taken":0,"max_hp_gain":0,"max_hp_loss":0,"event_name":"Ghosts","floor":19,"gold_loss":0},{"cards_removed":["Strike_B"],"damage_healed":0,"gold_gain":0,"player_choice":"Purged","damage_taken":0,"max_hp_gain":0,"max_hp_loss":0,"event_name":"Purifier","floor":21,"gold_loss":0},{"damage_healed":0,"gold_gain":0,"player_choice":"Ignored","damage_taken":0,"max_hp_gain":0,"max_hp_loss":0,"event_name":"Cursed Tome","floor":25,"gold_loss":0},{"damage_healed":0,"gold_gain":99,"player_choice":"Stole From Cult","damage_taken":0,"max_hp_gain":0,"max_hp_loss":0,"event_name":"Nest","floor":31,"gold_loss":0},{"damage_healed":0,"gold_gain":0,"player_choice":"Upgrade","damage_taken":0,"relics_obtained":["Mark of the Bloom"],"max_hp_gain":0,"max_hp_loss":0,"event_name":"MindBloom","floor":39,"gold_loss":0,"cards_upgraded":["Strike_B","Strike_B","Defend_B","Defend_B","Defend_B","Defend_B","Dualcast","Coolheaded","Beam Cell","Self Repair","Defragment","Sweeping Beam","Leap","Buffer","Defragment","Defragment","Heatsinks","BootSequence","Loop","Buffer","Apotheosis"]},{"damage_healed":0,"gold_gain":0,"player_choice":"Ignored","damage_taken":0,"max_hp_gain":0,"max_hp_loss":0,"event_name":"Tomb of Lord Red Mask","floor":46,"gold_loss":0}],"is_beta":false,"boss_relics":[{"not_picked":["Pandora\u0027s Box","Tiny House"],"picked":"Fusion Hammer"},{"not_picked":["Astrolabe","Velvet Choker"],"picked":"Nuclear Battery"}],"items_purged_floors":[20,37],"is_endless":false,"potions_floor_spawned":[6,8,10,11,12,14,16,18,22,24,28,29,30,33,35,36,38,40,42,45,47,48],"ascension_level":1}}