{"host":"y7b1p9nkx4idorr2","time":1612201054,"event":{"mods":["AchievementEnabler","Act Like it!","BaseMod","Colored Map","Downfall","GifTheSpireLib","Googly Eyes","Highlight Path","Mimic Mod","Minty Spire (QoL Compilation)","Shop Mod","Spicy Shops","StSLib","Unceasing Turn Reminder"],"gold_per_floor":[99,11,11,28,48,48,75,111,36,45,69,69,90,133,160,272,344,344,371,371,371,371,371],"floor_reached":21,"language":"ENG","playtime":1338,"items_purged":[],"score":196,"play_id":"e5677c61-7510-48ae-8c57-ac19d829fb5b","local_time":"20210201113734","is_ascension_mode":true,"campfire_choices":[{"data":"Magnetism","floor":1,"key":"SMITH"},{"data":"champ:BerserkerStyle","floor":6,"key":"SMITH"},{"data":"champ:SwordSigil","floor":12,"key":"SMITH"},{"floor":18,"key":"RECALL"}],"circlet_count":0,"master_deck":["champ:Execute","champ:Taunt","Magnetism+1","champ:GutPunch","champ:GladiatorStyle","champ:BerserkerStyle+1","champ:RapidStrikes","champ:RisingSlash","champ:AdrenalArmor","Regret","champ:SwordSigil+1","champ:ShieldSlam","champ:TornadoPunch","champ:ShieldSigil","champ:Devastate","champ:Shatter","champ:UltimateStance","champ:SetATrap","champ:Lariat","champ:FaceSlap","champ:FocusedBerserking","champ:MurderStrike","champ:Circumvent","champ:FlashCut+1"],"relics":["champ:ChampionCrown","CeramicFish","Toy Ornithopter","Incense Burner","Pantograph","Oddly Smooth Stone","Pandora\u0027s Box"],"acts_visited":["Exordium","TheCity"],"potions_floor_usage":[8,14,21],"damage_taken":[{"damage":20,"enemies":"downfall:FleeingMerchant","floor":2,"turns":4},{"damage":19,"enemies":"Cultist","floor":4,"turns":3},{"damage":18,"enemies":"Small Slimes","floor":5,"turns":4},{"damage":39,"enemies":"Gremlin Nob","floor":8,"turns":4},{"damage":30,"enemies":"downfall:FleeingMerchant","floor":9,"turns":4},{"damage":36,"enemies":"2 Louse","floor":11,"turns":4},{"damage":21,"enemies":"2 Fungi Beasts","floor":13,"turns":3},{"damage":82,"enemies":"Lagavulin","floor":14,"turns":5},{"damage":33,"enemies":"Gremlin Gang","floor":15,"turns":5},{"damage":125,"enemies":"SI_SHIV_ARCHETYPE","floor":16,"turns":9},{"damage":100,"enemies":"Shell Parasite","floor":19,"turns":4},{"damage":131,"enemies":"Shell Parasite","floor":21,"turns":5}],"seed_played":"517097779954558978","potions_obtained":[{"floor":4,"key":"Fire Potion"},{"floor":11,"key":"CultistPotion"},{"floor":14,"key":"Dexterity Potion"},{"floor":19,"key":"ColorlessPotion"}],"is_trial":false,"path_per_floor":["R","$","?","M","M","R","T","E","$","?","M","R","M","E","M","B",null,"R","M","?","?"],"character_chosen":"THE_CHAMP","items_purchased":["champ:GladiatorStyle","Incense Burner"],"campfire_rested":0,"item_purchase_floors":[2,9],"current_hp_per_floor":[90,90,90,86,78,78,78,56,46,46,34,34,65,60,44,52,90,90,67,67,0,0,0],"gold":371,"neow_bonus":"RANDOM_COLORLESS_2","is_daily":false,"chose_seed":false,"campfire_upgraded":3,"win_rate":0.0,"timestamp":1612201054,"path_taken":["R","$","?","M","M","R","T","E","$","?","M","R","M","E","M","BOSS","R","M","?","?"],"items_purchased_type":["Card","Relic"],"build_version":"2020-12-22","purchased_purges":0,"victory":false,"max_hp_per_floor":[90,90,90,90,90,90,90,90,90,90,90,90,90,90,90,90,90,90,90,90,90,90,90],"card_choices":[{"not_picked":["Metamorphosis","The Bomb"],"picked":"Magnetism","floor":0},{"not_picked":["champ:CrookedStrike","champ:SetATrap"],"picked":"champ:GutPunch","floor":2},{"not_picked":["champ:EnGarde","champ:FaceSlap"],"picked":"champ:BerserkerStyle","floor":4},{"not_picked":["champ:StanceDance","champ:EnGarde"],"picked":"champ:RapidStrikes","floor":5},{"not_picked":["champ:BerserkersShout","champ:FocusedBerserking"],"picked":"champ:RisingSlash","floor":8},{"not_picked":["champ:BerserkersShout","champ:EnGarde"],"picked":"champ:AdrenalArmor","floor":9},{"not_picked":["champ:TornadoPunch","champ:ShieldWall"],"picked":"champ:SwordSigil","floor":11},{"not_picked":["champ:RageSigil","champ:BladeFlurry"],"picked":"champ:ShieldSlam","floor":13},{"not_picked":["champ:EndlessRage","champ:DefensiveStyle"],"picked":"champ:TornadoPunch","floor":14},{"not_picked":["champ:IronFortress","champ:PerfectedStrike"],"picked":"champ:ShieldSigil","floor":15},{"not_picked":["champ:IgnorePain","champ:ShieldThrow"],"picked":"champ:Devastate","floor":16},{"not_picked":["champ:RisingSlash","champ:PreciseThrust"],"picked":"champ:FlashCut+1","floor":19}],"player_experience":2256066,"relics_obtained":[{"floor":7,"key":"CeramicFish"},{"floor":8,"key":"Toy Ornithopter"},{"floor":14,"key":"Oddly Smooth Stone"}],"event_choices":[{"cards_removed":["Decay"],"damage_healed":0,"gold_gain":0,"player_choice":"Card Removal","damage_taken":0,"max_hp_gain":0,"max_hp_loss":0,"event_name":"The Cleric","floor":3,"gold_loss":0},{"damage_healed":0,"gold_gain":0,"player_choice":"Box","damage_taken":0,"relics_obtained":["Pantograph"],"max_hp_gain":0,"max_hp_loss":0,"event_name":"Big Fish","floor":10,"gold_loss":0,"cards_obtained":["Regret"]}],"is_beta":false,"boss_relics":[{"not_picked":["Runic Pyramid","SacredBark"],"picked":"Pandora\u0027s Box"}],"items_purged_floors":[],"is_endless":false,"potions_floor_spawned":[4,11,14,19],"killed_by":"Shell Parasite","ascension_level":1}}