{"host":"6q94iy5iz6612v89","time":1612205849,"event":{"mods":["2.2 Compatiblity","AchievementEnabler","BaseMod","Colored Map","DeckTracker","Keyboard Shortcuts","Minty Spire (QoL Compilation)","Permanent Neow","StSLib","SuperFastMode"],"gold_per_floor":[360,360,80,90,104,104,104,124,124,143,143,68,95,114,114,185,185,202,127,127,105,120,26,26,40,94,106,218,230,261,284,296,383,395,426,456,194,205,220,220,220],"floor_reached":40,"language":"KOR","playtime":1283,"items_purged":["Strike_G","Strike_G","All Out Attack+1"],"score":859,"play_id":"346dd740-ec53-4dcb-b694-17239a52e0d0","local_time":"20210202035729","is_ascension_mode":true,"campfire_choices":[{"data":"All Out Attack","floor":7.0,"key":"SMITH"},{"data":"Neutralize","floor":15,"key":"SMITH"},{"data":"Footwork","floor":24,"key":"SMITH"},{"floor":27,"key":"REST"},{"floor":29,"key":"RECALL"},{"data":"Reflex","floor":32,"key":"SMITH"}],"circlet_count":0,"master_deck":["AscendersBane","Defend_G","Defend_G","Defend_G","Defend_G","Defend_G","Survivor","Neutralize+1","Dagger Throw","Backstab","Backflip+1","Deadly Poison+1","Footwork+1","Blade Dance+1","Reflex+1","Adrenaline","Catalyst","Footwork","Prepared"],"relics":["Ring of the Snake","Membership Card","Centennial Puzzle","Dead Branch","Singing Bowl","Nunchaku","Happy Flower","Runic Dome","MawBank","Thread and Needle","Blue Candle","Philosopher\u0027s Stone","Shuriken","OrangePellets"],"acts_visited":["Exordium","TheCity","TheBeyond"],"potions_floor_usage":[16,22,22,28,28,28,28,33,40],"damage_taken":[{"damage":0.0,"enemies":"2 Louse","floor":1.0,"turns":4.0},{"damage":0.0,"enemies":"Jaw Worm","floor":4.0,"turns":8.0},{"damage":0.0,"enemies":"Cultist","floor":5.0,"turns":4.0},{"damage":1.0,"enemies":"Looter","floor":8.0,"turns":3.0},{"damage":0,"enemies":"Blue Slaver","floor":10,"turns":4},{"damage":15,"enemies":"3 Sentries","floor":13,"turns":6},{"damage":0,"enemies":"Lots of Slimes","floor":14,"turns":3},{"damage":40,"enemies":"Slime Boss","floor":16,"turns":9},{"damage":6,"enemies":"Shell Parasite","floor":18,"turns":3},{"damage":7,"enemies":"2 Thieves","floor":21,"turns":4},{"damage":18,"enemies":"Snake Plant","floor":22,"turns":4},{"damage":0,"enemies":"Centurion and Healer","floor":25,"turns":8},{"damage":5,"enemies":"Colosseum Slavers","floor":28,"turns":5},{"damage":0,"enemies":"Colosseum Nobs","floor":28,"turns":4},{"damage":0,"enemies":"Sentry and Sphere","floor":30,"turns":5},{"damage":15,"enemies":"Shelled Parasite and Fungi","floor":31,"turns":6},{"damage":16,"enemies":"Collector","floor":33,"turns":8},{"damage":0,"enemies":"3 Shapes","floor":35,"turns":3},{"damage":0,"enemies":"Orb Walker","floor":36,"turns":2},{"damage":0,"enemies":"4 Shapes","floor":38,"turns":4},{"damage":0,"enemies":"Sphere and 2 Shapes","floor":39,"turns":5},{"damage":61,"enemies":"Reptomancer","floor":40,"turns":3}],"seed_played":"3188935480225598346","potions_obtained":[{"floor":4.0,"key":"Strength Potion"},{"floor":8,"key":"AttackPotion"},{"floor":13,"key":"FairyPotion"},{"floor":20,"key":"LiquidMemories"},{"floor":20,"key":"SpeedPotion"},{"floor":21,"key":"EntropicBrew"},{"floor":25,"key":"Fire Potion"},{"floor":30,"key":"Block Potion"},{"floor":31,"key":"Dexterity Potion"},{"floor":33,"key":"Ancient Potion"},{"floor":36,"key":"Poison Potion"}],"is_trial":false,"path_per_floor":["M","?","$","M","M","?","R","M","T","M","?","?","E","M","R","B",null,"M","?","?","M","M","$","R","M","T","R","?","R","M","M","R","B",null,"M","M","$","M","M","E"],"character_chosen":"THE_SILENT","items_purchased":["Membership Card","Centennial Puzzle","Footwork","Shuriken","OrangePellets"],"campfire_rested":1,"item_purchase_floors":[3,3,23,37,37],"current_hp_per_floor":[59,52,52,52,52,52,52,51,51,51,33,33,20,22,22,10,52,46,46,46,39,23,23,23,25,25,46,41,41,43,28,28,12,57,57,59,59,59,59,0,0],"gold":220,"neow_bonus":"TWO_FIFTY_GOLD","is_daily":false,"chose_seed":false,"campfire_upgraded":4,"win_rate":0.0,"timestamp":1612205849,"path_taken":["M","?","$","M","M","?","R","?","T","M","?","?","E","M","R","BOSS","M","?","?","M","M","$","R","?","T","R","?","R","M","M","R","BOSS","M","M","$","M","M","E"],"items_purchased_type":["Relic","Relic","Card","Relic","Relic"],"build_version":"2020-12-22","purchased_purges":3,"victory":false,"max_hp_per_floor":[60,60,60,60,60,60,60,60,60,60,60,60,62,64,64,66,66,66,66,66,66,68,68,68,70,70,70,70,70,72,72,72,72,72,72,74,74,74,74,74,74],"card_choices":[{"not_picked":["Bane","Well Laid Plans"],"picked":"Quick Slash","floor":1.0},{"not_picked":["Prepared","Sucker Punch"],"picked":"All Out Attack","floor":4.0},{"not_picked":["Outmaneuver","Concentrate","Storm of Steel"],"picked":"SKIP","floor":5.0},{"not_picked":["Flying Knee","Riddle With Holes"],"picked":"Dagger Throw","floor":8},{"not_picked":["Choke","Predator"],"picked":"Backstab","floor":10},{"not_picked":["Dagger Throw","Riddle With Holes","Calculated Gamble"],"picked":"Singing Bowl","floor":13},{"not_picked":["Dagger Throw","Dodge and Roll","Poisoned Stab"],"picked":"Singing Bowl","floor":14},{"not_picked":["Doppelganger","Malaise","Wraith Form v2"],"picked":"Singing Bowl","floor":16},{"not_picked":["Slice","Deadly Poison"],"picked":"Backflip+1","floor":18},{"not_picked":["Sucker Punch+1","Catalyst"],"picked":"Deadly Poison+1","floor":21},{"not_picked":["Flechettes","Setup","Underhanded Strike"],"picked":"Singing Bowl","floor":22},{"not_picked":["Caltrops+1","Bane","Masterful Stab"],"picked":"Singing Bowl","floor":25},{"not_picked":["Acrobatics","Infinite Blades"],"picked":"Blade Dance+1","floor":28},{"not_picked":["Heel Hook+1","Dagger Spray","Die Die Die"],"picked":"Singing Bowl","floor":30},{"not_picked":["Dodge and Roll","Outmaneuver"],"picked":"Reflex","floor":31},{"not_picked":["Corpse Explosion","Malaise"],"picked":"Adrenaline","floor":33},{"not_picked":["Quick Slash+1","Bane"],"picked":"Catalyst","floor":35},{"not_picked":["Dodge and Roll","Dagger Throw","Bane"],"picked":"Singing Bowl","floor":36},{"not_picked":["Poisoned Stab","Deflect"],"picked":"Footwork","floor":38},{"not_picked":["Tactician","Blade Dance"],"picked":"Prepared","floor":39}],"player_experience":1450212,"relics_obtained":[{"floor":9,"key":"Singing Bowl"},{"floor":13,"key":"Happy Flower"},{"floor":26,"key":"MawBank"},{"floor":28,"key":"Thread and Needle"},{"floor":28,"key":"Blue Candle"}],"event_choices":[{"cards_removed":["Strike_G"],"damage_healed":0.0,"max_hp_gain":0.0,"max_hp_loss":0.0,"gold_gain":0.0,"event_name":"Golden Wing","player_choice":"Card Removal","floor":2.0,"gold_loss":0.0,"damage_taken":7.0},{"cards_removed":["Quick Slash"],"damage_healed":0.0,"max_hp_gain":0.0,"max_hp_loss":0.0,"gold_gain":0.0,"event_name":"WeMeetAgain","player_choice":"Gave Card","floor":6.0,"gold_loss":0.0,"damage_taken":0.0,"relics_obtained":["Dead Branch"]},{"damage_healed":0,"gold_gain":0,"player_choice":"Success","damage_taken":18,"relics_obtained":["Nunchaku"],"max_hp_gain":0,"max_hp_loss":0,"event_name":"Scrap Ooze","floor":11,"gold_loss":0},{"cards_removed":["Strike_G"],"damage_healed":0,"gold_gain":0,"player_choice":"Card Removal","damage_taken":0,"max_hp_gain":0,"max_hp_loss":0,"event_name":"The Cleric","floor":12,"gold_loss":75},{"cards_removed":["Strike_G"],"damage_healed":0,"gold_gain":0,"player_choice":"Gave Gold","damage_taken":0,"max_hp_gain":0,"max_hp_loss":0,"event_name":"Beggar","floor":19,"gold_loss":75},{"damage_healed":0,"gold_gain":0,"player_choice":"Got Potions","damage_taken":0,"max_hp_gain":0,"max_hp_loss":0,"event_name":"Lab","floor":20,"gold_loss":0},{"damage_healed":0,"gold_gain":0,"player_choice":"Fight","damage_taken":0,"max_hp_gain":0,"max_hp_loss":0,"event_name":"Colosseum","floor":28,"gold_loss":0},{"damage_healed":0,"gold_gain":0,"player_choice":"Fought Nobs","damage_taken":0,"max_hp_gain":0,"max_hp_loss":0,"event_name":"Colosseum","floor":28,"gold_loss":0}],"is_beta":false,"boss_relics":[{"not_picked":["Ring of the Serpent","Runic Pyramid"],"picked":"Runic Dome"},{"not_picked":["SlaversCollar","Astrolabe"],"picked":"Philosopher\u0027s Stone"}],"items_purged_floors":[3,23,37],"is_endless":false,"potions_floor_spawned":[4,8,13,14,21,25,30,31,33,36,39],"killed_by":"Reptomancer","ascension_level":20}}