{"host":"9b7hrp48q3pna783","time":1612171301,"event":{"mods":["BaseMod","Colored Map","Colored Powertips","Highlight Path","Minty Spire (QoL Compilation)","Relic Stats"],"gold_per_floor":[118,128,128,147,167,203,9,22,74,90,90,90,90,103,103,233,233,257,207,226,141,141,141,141,156,156,156,156,31,31,66,66,186,186,211,211,211,229,102,102,52,52,78,78,411,411,411,429,429,429,429],"floor_reached":50,"language":"ENG","playtime":2789,"items_purged":["Injury","Defend_G","Defend_G","Strike_G","Defend_G"],"score":502,"play_id":"9f4f4369-6c78-4989-8d1b-4bc3c8aa1fac","local_time":"20210201042141","is_ascension_mode":true,"campfire_choices":[{"data":"Blur","floor":11,"key":"SMITH"},{"data":"Blade Dance","floor":13,"key":"SMITH"},{"data":"Survivor","floor":15,"key":"SMITH"},{"data":"Noxious Fumes","floor":23,"key":"SMITH"},{"data":"Neutralize","floor":28,"key":"SMITH"},{"data":"Noxious Fumes","floor":30,"key":"SMITH"},{"data":"Adrenaline","floor":32,"key":"SMITH"},{"data":"Noxious Fumes","floor":40,"key":"SMITH"},{"data":"Footwork","floor":42,"key":"SMITH"},{"data":"Cloak And Dagger","floor":44,"key":"SMITH"},{"data":"A Thousand Cuts","floor":46,"key":"SMITH"},{"floor":49,"key":"RECALL"}],"circlet_count":0,"master_deck":["Strike_G","Strike_G","Defend_G","Defend_G","Survivor+1","Neutralize+1","Cloak And Dagger+1","Crippling Poison","Accuracy","Infinite Blades","Die Die Die","Blade Dance+1","Well Laid Plans","Footwork+1","Blur+1","Adrenaline+1","Noxious Fumes+1","Noxious Fumes+1","A Thousand Cuts+1","Noxious Fumes+1","Adrenaline+1"],"relics":["Ring of the Serpent","Juzu Bracelet","Smiling Mask","Sundial","Pantograph","Bronze Scales","Sozu","MealTicket"],"acts_visited":["Exordium","TheCity","TheBeyond"],"potions_floor_usage":[6,16,18,33,50],"damage_taken":[{"damage":0,"enemies":"Cultist","floor":1,"turns":3},{"damage":0,"enemies":"Small Slimes","floor":2,"turns":3},{"damage":1,"enemies":"2 Louse","floor":4,"turns":4},{"damage":8,"enemies":"Lots of Slimes","floor":5,"turns":3},{"damage":25,"enemies":"3 Sentries","floor":6,"turns":8},{"damage":8,"enemies":"Blue Slaver","floor":8,"turns":5},{"damage":0,"enemies":"Large Slime","floor":10,"turns":5},{"damage":10,"enemies":"2 Fungi Beasts","floor":14,"turns":3},{"damage":3,"enemies":"Hexaghost","floor":16,"turns":11},{"damage":14,"enemies":"3 Byrds","floor":18,"turns":4},{"damage":7,"enemies":"Shell Parasite","floor":20,"turns":7},{"damage":23,"enemies":"Snake Plant","floor":25,"turns":6},{"damage":25,"enemies":"Gremlin Leader","floor":31,"turns":5},{"damage":18,"enemies":"Champ","floor":33,"turns":11},{"damage":0,"enemies":"3 Shapes","floor":35,"turns":6},{"damage":35,"enemies":"3 Darklings","floor":38,"turns":4},{"damage":38,"enemies":"Transient","floor":48,"turns":5},{"damage":31,"enemies":"Time Eater","floor":50,"turns":5}],"seed_played":"-2403137478985364808","potions_obtained":[{"floor":5,"key":"FearPotion"},{"floor":14,"key":"SteroidPotion"},{"floor":16,"key":"SkillPotion"},{"floor":18,"key":"Swift Potion"},{"floor":20,"key":"GamblersBrew"}],"is_trial":false,"path_per_floor":["M","M","?","M","M","E","$","M","T","M","R","?","R","M","R","B",null,"M","$","M","?","?","R","?","M","T","T","R","$","R","E","R","B",null,"M","?","?","M","$","R","$","R","T","R","?","R","?","M","R","B"],"character_chosen":"THE_SILENT","items_purchased":["Blade Dance","Well Laid Plans","Noxious Fumes","Noxious Fumes"],"campfire_rested":0,"item_purchase_floors":[7,7,29,39],"current_hp_per_floor":[70,70,70,69,61,36,36,28,28,28,28,28,28,18,18,15,70,56,56,49,49,49,49,49,26,26,26,26,26,26,1,1,8,70,70,66,76,41,41,41,41,41,41,41,41,41,41,3,3,0,0],"gold":429,"neow_bonus":"THREE_CARDS","is_daily":false,"chose_seed":false,"campfire_upgraded":11,"win_rate":0.0,"timestamp":1612171301,"path_taken":["M","?","?","M","M","E","$","M","T","M","R","?","R","M","R","BOSS","M","?","M","?","?","R","?","M","T","?","R","?","R","E","R","BOSS","M","?","?","M","$","R","$","R","T","R","?","R","?","M","R","BOSS"],"items_purchased_type":["Card","Card","Card","Card"],"build_version":"2020-12-22","purchased_purges":5,"victory":false,"max_hp_per_floor":[70,70,70,70,70,70,70,70,70,70,70,70,70,70,70,70,70,70,70,70,70,70,70,70,70,70,70,70,70,70,70,70,70,70,70,66,76,76,76,76,76,76,76,76,76,76,76,76,76,76,76],"relic_stats":{"Sozu":1,"counters":[18,98],"Sundial":[12],"Pantograph":50,"Bronze Scales":[84],"MealTicket":0,"Juzu Bracelet":1,"Smiling Mask":350,"obtain_stats":[{"Sozu":34,"Golden Idol":3,"Sundial":21,"Pantograph":27,"Bronze Scales":31,"MealTicket":43,"Juzu Bracelet":6,"Smiling Mask":9,"Ring of the Serpent":17,"Ring of the Snake":0},{"Sozu":14,"Golden Idol":2,"Sundial":11,"Pantograph":12,"Bronze Scales":13,"MealTicket":16,"Juzu Bracelet":5,"Smiling Mask":6,"Ring of the Serpent":9,"Ring of the Snake":0},{"Sozu":78,"Golden Idol":6,"Sundial":56,"Pantograph":62,"Bronze Scales":67,"MealTicket":88,"Juzu Bracelet":21,"Smiling Mask":26,"Ring of the Serpent":45,"Ring of the Snake":0}]},"card_choices":[{"not_picked":["Flying Knee","Outmaneuver"],"picked":"Cloak And Dagger","floor":0},{"not_picked":["Slice","Deflect","Skewer"],"picked":"SKIP","floor":1},{"not_picked":["Cloak And Dagger","Dodge and Roll"],"picked":"Crippling Poison","floor":2},{"not_picked":["Outmaneuver","Distraction"],"picked":"Accuracy","floor":4},{"not_picked":["Catalyst","PiercingWail"],"picked":"Infinite Blades","floor":5},{"not_picked":["Sucker Punch","Dagger Throw"],"picked":"Die Die Die","floor":6},{"not_picked":["Blur","Backflip"],"picked":"Footwork","floor":8},{"not_picked":["Slice","Dagger Throw"],"picked":"Blur","floor":10},{"not_picked":["Backflip","Slice"],"picked":"Adrenaline","floor":14},{"not_picked":["Underhanded Strike+1","Blade Dance+1"],"picked":"Noxious Fumes","floor":18},{"not_picked":["Flying Knee+1","Prepared","All Out Attack"],"picked":"SKIP","floor":20},{"not_picked":["Dagger Throw","Bouncing Flask+1","Flechettes"],"picked":"SKIP","floor":25},{"not_picked":["Footwork","Eviscerate+1"],"picked":"A Thousand Cuts","floor":31},{"not_picked":["Grand Finale","Die Die Die"],"picked":"Malaise","floor":33},{"not_picked":["Dash","Bane","Cloak And Dagger"],"picked":"SKIP","floor":35},{"not_picked":["Poisoned Stab","Dagger Spray+1","Footwork"],"picked":"SKIP","floor":38},{"not_picked":["Poisoned Stab","Dagger Spray+1","Footwork"],"picked":"SKIP","floor":38},{"not_picked":["Noxious Fumes","Deflect+1","Dodge and Roll+1"],"picked":"SKIP","floor":48}],"player_experience":130084,"relics_obtained":[{"floor":6,"key":"Juzu Bracelet"},{"floor":9,"key":"Smiling Mask"},{"floor":27,"key":"Pantograph"},{"floor":31,"key":"Bronze Scales"},{"floor":43,"key":"MealTicket"}],"event_choices":[{"damage_healed":0,"gold_gain":0,"player_choice":"Take Wound","damage_taken":0,"relics_obtained":["Golden Idol"],"max_hp_gain":0,"max_hp_loss":0,"event_name":"Golden Idol","floor":3,"gold_loss":0,"cards_obtained":["Injury"]},{"cards_removed":["Strike_G"],"damage_healed":0,"gold_gain":0,"player_choice":"Card Removal","damage_taken":0,"max_hp_gain":0,"max_hp_loss":0,"event_name":"Wheel of Change","floor":12,"gold_loss":0},{"damage_healed":0,"gold_gain":0,"player_choice":"Obtained Relic","damage_taken":0,"relics_obtained":["Sundial"],"max_hp_gain":0,"max_hp_loss":0,"event_name":"Addict","floor":21,"gold_loss":85},{"cards_removed":["Strike_G"],"damage_healed":0,"gold_gain":0,"player_choice":"Elegance","damage_taken":0,"max_hp_gain":0,"max_hp_loss":0,"event_name":"Back to Basics","floor":22,"gold_loss":0},{"damage_healed":0,"gold_gain":0,"player_choice":"Ignored","damage_taken":0,"max_hp_gain":0,"max_hp_loss":0,"event_name":"Vampires","floor":24,"gold_loss":0},{"damage_healed":0,"gold_gain":0,"player_choice":"Max HP","damage_taken":0,"max_hp_gain":0,"max_hp_loss":4,"event_name":"Winding Halls","floor":36,"gold_loss":0},{"cards_removed":["Malaise"],"damage_healed":0,"gold_gain":0,"player_choice":"Offered Rare","damage_taken":0,"max_hp_gain":10,"max_hp_loss":0,"event_name":"Bonfire Elementals","floor":37,"gold_loss":0},{"damage_healed":0,"gold_gain":333,"player_choice":"Gave Idol","damage_taken":0,"max_hp_gain":0,"max_hp_loss":0,"event_name":"The Moai Head","floor":45,"relics_lost":["Golden Idol"],"gold_loss":0},{"damage_healed":0,"gold_gain":0,"player_choice":"Copied","damage_taken":0,"max_hp_gain":0,"max_hp_loss":0,"event_name":"Duplicator","floor":47,"gold_loss":0,"cards_obtained":["Adrenaline"]}],"is_beta":false,"boss_relics":[{"not_picked":["HoveringKite","Busted Crown"],"picked":"Ring of the Serpent"},{"not_picked":["Empty Cage","Cursed Key"],"picked":"Sozu"}],"items_purged_floors":[7,19,29,39,41],"is_endless":false,"potions_floor_spawned":[5,14,16,18,20,38],"killed_by":"Time Eater","ascension_level":2}}