{"host":"2x189hkb4impm2gi","time":1612214389,"event":{"mods":["BaseMod","Colored Map","Colored Powertips","Minty Spire (QoL Compilation)"],"gold_per_floor":[110,110,110,6,20,53,53,79,149,167,167,180,215,230,230,328,328,311,169,186,202,213,247,247,247],"floor_reached":24,"language":"ENG","playtime":1908,"items_purged":["Writhe"],"score":238,"play_id":"1ea2483a-a18f-401b-8618-16dc09fafa16","local_time":"20210201161949","is_ascension_mode":false,"campfire_choices":[{"data":"Rupture","floor":7,"key":"SMITH"},{"data":"Heavy Blade","floor":11,"key":"SMITH"},{"floor":15,"key":"REST"}],"circlet_count":0,"master_deck":["Strike_R","Strike_R","Strike_R","Strike_R","Strike_R","Defend_R","Defend_R","Defend_R+1","Defend_R","Bash","Iron Wave","Spot Weakness+1","Bloodletting","Rupture+1","Shrug It Off","Heavy Blade+1","Brutality","Infernal Blade","Armaments","Feed","Clash","Metallicize","Rage","Intimidate","Wild Strike+1","Thunderclap"],"relics":["Cursed Key","CaptainsWheel","War Paint","StoneCalendar","Bottled Tornado","Omamori","Black Star","Self Forming Clay","Nunchaku"],"acts_visited":["Exordium","TheCity"],"potions_floor_usage":[12,13,16,23,23],"damage_taken":[{"damage":1,"enemies":"Cultist","floor":1,"turns":3},{"damage":1,"enemies":"2 Louse","floor":5,"turns":4},{"damage":25,"enemies":"3 Sentries","floor":6,"turns":8},{"damage":11,"enemies":"Lagavulin","floor":8,"turns":6},{"damage":4,"enemies":"Jaw Worm","floor":10,"turns":3},{"damage":11,"enemies":"Gremlin Gang","floor":12,"turns":4},{"damage":9,"enemies":"Gremlin Nob","floor":13,"turns":4},{"damage":17,"enemies":"Large Slime","floor":14,"turns":4},{"damage":18,"enemies":"Slime Boss","floor":16,"turns":7},{"damage":10,"enemies":"2 Thieves","floor":18,"turns":4},{"damage":11,"enemies":"3 Byrds","floor":20,"turns":7},{"damage":21,"enemies":"Snecko","floor":21,"turns":7},{"damage":31,"enemies":"Cultist and Chosen","floor":22,"turns":7},{"damage":10,"enemies":"Book of Stabbing","floor":23,"turns":4},{"damage":18,"enemies":"3 Cultists","floor":24,"turns":5}],"seed_played":"-6701525502490328814","potions_obtained":[{"floor":1,"key":"Regen Potion"},{"floor":5,"key":"SpeedPotion"},{"floor":8,"key":"AttackPotion"},{"floor":16,"key":"Strength Potion"},{"floor":22,"key":"BlessingOfTheForge"}],"is_trial":false,"path_per_floor":["M","T","?","$","M","E","R","E","T","M","R","M","E","M","R","B",null,"M","$","M","M","M","E","M"],"character_chosen":"IRONCLAD","items_purchased":["Spot Weakness","Bloodletting","Metallicize"],"campfire_rested":1,"item_purchase_floors":[4,4,19],"current_hp_per_floor":[79,79,79,79,78,53,53,42,42,38,38,27,30,13,37,19,80,73,73,66,45,14,4,0,0],"gold":247,"neow_bonus":"BOSS_RELIC","is_daily":false,"chose_seed":false,"campfire_upgraded":2,"win_rate":0.0,"timestamp":1612214389,"path_taken":["M","?","?","?","?","E","R","E","T","M","R","M","E","M","R","BOSS","M","$","M","M","M","E","M"],"items_purchased_type":["Card","Card","Card"],"build_version":"2020-12-22","purchased_purges":1,"victory":false,"max_hp_per_floor":[80,80,80,80,80,80,80,80,80,80,80,80,80,80,80,80,80,83,83,87,87,87,87,90,90],"card_choices":[{"not_picked":["Infernal Blade","Pummel"],"picked":"Iron Wave","floor":1},{"not_picked":["Cleave","Ghostly Armor"],"picked":"Rupture","floor":5},{"not_picked":["Battle Trance","Clothesline","Twin Strike"],"picked":"SKIP","floor":6},{"not_picked":["Shockwave","Rampage"],"picked":"Shrug It Off","floor":8},{"not_picked":["Dark Embrace","Rupture"],"picked":"Heavy Blade","floor":10},{"not_picked":["Warcry","Heavy Blade"],"picked":"Brutality","floor":12},{"not_picked":["Carnage","Dark Embrace"],"picked":"Infernal Blade","floor":13},{"not_picked":["Sword Boomerang","Blood for Blood"],"picked":"Armaments","floor":14},{"not_picked":["Barricade","Limit Break"],"picked":"Feed","floor":16},{"not_picked":["Anger","Cleave+1"],"picked":"Clash","floor":18},{"not_picked":["Clash","Wild Strike+1"],"picked":"Rage","floor":20},{"not_picked":["Reckless Charge","Shockwave"],"picked":"Intimidate","floor":21},{"not_picked":["Fire Breathing","Headbutt"],"picked":"Wild Strike+1","floor":22},{"not_picked":["True Grit","Blood for Blood"],"picked":"Thunderclap","floor":23}],"player_experience":38839,"relics_obtained":[{"floor":2,"key":"CaptainsWheel"},{"floor":6,"key":"War Paint"},{"floor":8,"key":"StoneCalendar"},{"floor":9,"key":"Bottled Tornado"},{"floor":13,"key":"Omamori"},{"floor":23,"key":"Self Forming Clay"},{"floor":23,"key":"Nunchaku"}],"event_choices":[{"cards_removed":["Normality"],"damage_healed":0,"gold_gain":0,"player_choice":"Forget","damage_taken":0,"max_hp_gain":0,"max_hp_loss":0,"event_name":"Living Wall","floor":3,"gold_loss":0}],"is_beta":false,"boss_relics":[{"not_picked":["Mark of Pain","Sozu"],"picked":"Black Star"}],"items_purged_floors":[19],"is_endless":false,"potions_floor_spawned":[1,5,8,16,22],"killed_by":"3 Cultists","ascension_level":0}}