{"host":"sbes2ysx244eovb1","time":1612204190,"event":{"mods":["Act Like it!","Aspiration","BaseMod","BetterRewards","Colored Map","Colored Powertips","Hallownest","Hubris","KomeijiMod","Minty Spire (QoL Compilation)","Quick Restart","StSLib","SuperFastMode","The Bug Knight","[IsaacMod]????"],"gold_per_floor":[112,127,138,149,159,189,189,189,213,342,358,393,278,278,278,381,381,393,404,404,415,415,748,759,788,788,819,575,575,606,628,628,730,730,747,747,805,818,834,866,866,1026,1050,1068,1099,1110,1110,1145,1145,1145,1145,1145,366,394,394],"floor_reached":56,"language":"ENG","playtime":4467,"items_purged":["HollowMod:NewJinnsSoul+1"],"score":2261,"play_id":"9122528b-091b-41f9-880e-bc98c19a7d84","local_time":"20210202012950","is_ascension_mode":true,"campfire_choices":[{"data":"HollowMod:MothsMistake","floor":7.0,"key":"SMITH"},{"data":"HollowMod:FocusHealStart","floor":15.0,"key":"SMITH"},{"data":"HollowMod:PogoStrike","floor":29.0,"key":"SMITH"},{"data":"HollowMod:NailStrikeStart","floor":32.0,"key":"SMITH"},{"data":"HollowMod:NailStrikeStart","floor":41,"key":"SMITH"},{"data":"HollowMod:QuickDashStart","floor":47,"key":"SMITH"},{"data":"HollowMod:QuickDashStart","floor":49,"key":"SMITH"},{"floor":52,"key":"REST"}],"circlet_count":0,"master_deck":["HollowMod:NailStrikeStart+1","HollowMod:NailStrikeStart+1","HollowMod:NailStrikeStart+1","HollowMod:NailStrikeStart+1","HollowMod:QuickDashStart+1","HollowMod:QuickDashStart+1","HollowMod:QuickDashStart+1","HollowMod:FocusHealStart+1","HollowMod:PogoStrike+1","HollowMod:MothsMistake+1","HollowMod:SoulVessel+1","HollowMod:DesolateDive+1","HollowMod:SoulEater+1","HollowMod:GreatSlash+1","HollowMod:SlysStrikes+1","HollowMod:CycloneSlash+1","HollowMod:PureNailStrike+1","HollowMod:SoulEater+1","HollowMod:SiblingsSouls+1","HollowMod:HuntersJournal+1","HollowMod:PureVessel+1","HollowMod:GoodIntentions+1","HollowMod:ElderbugsWisdom+1","HollowMod:DashSlash+1","HollowMod:SharpenedNail+1","HollowMod:SlysStrikes+1","HollowMod:TaintedHusks+1","HollowMod:ElderbugsWisdom+1","Hallownest:curseDreamersLament","HollowMod:PureNailStrike+1","HollowMod:SoulMaster+1","HollowMod:SoulEater+1","HollowMod:NewGlowingWomb+1","HollowMod:GoodIntentions+1","HollowMod:GreatSlash+1","HollowMod:HuntersJournal+1","HollowMod:SlysStrikes+1","HollowMod:SoulEater+1","HollowMod:ShapeofUnn+1","HollowMod:BrokenVessel+1","HollowMod:FastStrike+1","HollowMod:DungDefenderAura+1","HollowMod:SoulSplash+1","HollowMod:SiblingsSouls+1","HollowMod:BaldurShell+1","HollowMod:Weaversong+1","HollowMod:MothsMistake+1","HollowMod:GoodIntentions+1","HollowMod:SiblingsSouls+1","HollowMod:CycloneSlash+1","HollowMod:NewGlowingWomb+1"],"relics":["HushsDoor","D4","Cracked Core","BlankCard","hubris:AstralHammer","ShirouKen","hubris:GlazedTorus","hubris:Zylophone","Bottled Tornado","Letter Opener","UnicornStump","Blue Candle","AnarchistCookbook","HollowMod:MillibellesNoteRelic","hubris:EmptyBottle","Whetstone","Odd Mushroom","Molten Egg 2","Frozen Egg 2","Toxic Egg 2","Mummified Hand","hubris:TerracottaHorce","Hallownest:WatcherSealRelic","Old Coin","SatanicBible","HollowMod:KingsBrand","hubris:64BitClover","Bag of Preparation","Mango","HollowMod:KingsSoulRelic","hubris:Towel","MoneyPower","BookOfRevelations","Hallownest:GodTamersBeastRelic","PreservedInsect","Lantern","hubris:SlimyHat","Pen Nib","BelialBook","Chemical X","Toy Ornithopter","StrikeDummy"],"acts_visited":["Exordium","Hallownest:Greenpath","Hallownest:CityofTears","TheEnding"],"potions_floor_usage":[42,42,50,55,55,55],"damage_taken":[{"damage":4.0,"enemies":"Hallownest:2_MossCreeps","floor":1.0,"turns":5.0},{"damage":2.0,"enemies":"Hallownest:monsterHuskGuard","floor":2.0,"turns":3.0},{"damage":7.0,"enemies":"2_ Uuma","floor":3.0,"turns":3.0},{"damage":23.0,"enemies":"Hallownest:2_Tiktiks_1_Baldur_1_Crawlid","floor":4.0,"turns":3.0},{"damage":9.0,"enemies":"Hallownest:Guard_and_Warrior","floor":5.0,"turns":4.0},{"damage":9.0,"enemies":"Hallownest:eliteVengeflyKing","floor":6.0,"turns":3.0},{"damage":6.0,"enemies":"Hallownest:eliteMossKnight","floor":10.0,"turns":4.0},{"damage":0.0,"enemies":"Hallownest:monsterMossCharger","floor":11.0,"turns":3.0},{"damage":14.0,"enemies":"Hallownest:eliteCrystalGuardian","floor":12.0,"turns":4.0},{"damage":12.0,"enemies":"Hallownest:BossHornet","floor":16.0,"turns":3.0},{"damage":0.0,"enemies":"Hallownest:Flukemon_and_Top","floor":18.0,"turns":3.0},{"damage":11.0,"enemies":"Hallownest:3_Youths","floor":19.0,"turns":4.0},{"damage":33.0,"enemies":"Hallownest:2_Husk_Sentries","floor":21.0,"turns":4.0},{"damage":12.0,"enemies":"Hallownest:eliteWatcherKnight","floor":23.0,"turns":7.0},{"damage":1.0,"enemies":"Hallownest:monsterShrumalOgre","floor":24.0,"turns":4.0},{"damage":34.0,"enemies":"Hallownest:eliteSoulWarrior","floor":25.0,"turns":4.0},{"damage":41.0,"enemies":"Hallownest:eliteWatcherKnight","floor":27.0,"turns":9.0},{"damage":2.0,"enemies":"Hallownest:eliteSoulWarrior","floor":30.0,"turns":4.0},{"damage":17.0,"enemies":"Hallownest:Glutton_and_Coward","floor":31.0,"turns":2.0},{"damage":34.0,"enemies":"Hallownest:BossMantisLord","floor":33.0,"turns":3.0},{"damage":9,"enemies":"Hallownest:2_Littles","floor":35,"turns":2},{"damage":123,"enemies":"Hallownest:2_Primals","floor":37,"turns":4},{"damage":6,"enemies":"Hallownest:Shield_Heavy","floor":38,"turns":2},{"damage":27,"enemies":"Hallownest:2_Soldiers_and_1_Guardian","floor":39,"turns":2},{"damage":3,"enemies":"Hallownest:eliteCollector","floor":40,"turns":3},{"damage":6,"enemies":"Hallownest:eliteCollector","floor":42,"turns":2},{"damage":6,"enemies":"Hallownest:eliteCollector","floor":42,"turns":3},{"damage":17,"enemies":"Hallownest:eliteCollector","floor":42,"turns":3},{"damage":8,"enemies":"Hallownest:eliteCollector","floor":42,"turns":2},{"damage":15,"enemies":"Hallownest:Slobbering_and_Violent","floor":44,"turns":2},{"damage":0,"enemies":"Hallownest:StalkingDevout","floor":45,"turns":1},{"damage":50,"enemies":"Hallownest:monsterPrimalAspid","floor":46,"turns":3},{"damage":10,"enemies":"Hallownest:eliteHiveKnight","floor":48,"turns":3},{"damage":15,"enemies":"Hallownest:Radiance","floor":50,"turns":3},{"damage":1,"enemies":"Shield and Spear","floor":54,"turns":2},{"damage":0,"enemies":"Delirium","floor":55,"turns":20}],"seed_played":"-3289753901524519625","potions_obtained":[{"floor":4.0,"key":"EntropicBrew"},{"floor":5.0,"key":"Strength Potion"},{"floor":6.0,"key":"SpeedPotion"},{"floor":11.0,"key":"CalmPotion"},{"floor":16.0,"key":"FearPotion"},{"floor":18.0,"key":"SteroidPotion"},{"floor":21.0,"key":"PowerPotion"},{"floor":30.0,"key":"PowerPotion"},{"floor":38,"key":"Energy Potion"}],"is_trial":false,"path_per_floor":["M","M","M","M","M","E","R","?","T","E","M","E","?","?","R","B",null,"M","M","?","M","?","E","M","E","T","E","$","R","E","M","R","B",null,"M","?","?","M","M","E","R","?","T","M","E","M","R","E","R","B",null,"R","$","E","B",null],"character_chosen":"THE_BUGKNIGHT","items_purchased":["Habit","D4","HollowMod:MothsMistake","Prayer Wheel","Bag of Preparation","Fruit Juice","BelialBook","Chemical X","Toy Ornithopter","HollowMod:MothsMistake+1","Dexterity Potion","HollowMod:GoodIntentions+1","HollowMod:SiblingsSouls+1","HollowMod:CycloneSlash+1"],"campfire_rested":1,"item_purchase_floors":[0,0,0,0,28,28,53,53,53,53,53,53,53,53],"current_hp_per_floor":[69,67,66,69,66,63,63,63,63,63,63,70,70,70,70,58,67,67,62,62,70,70,58,63,57,57,67,77,77,94,77,77,94,94,85,85,94,88,94,91,91,94,94,94,94,94,94,90,90,75,89,94,94,93,94],"gold":394,"neow_bonus":"","is_daily":false,"chose_seed":false,"campfire_upgraded":7,"win_rate":0.0,"timestamp":1612204190,"path_taken":["M","?","M","M","?","E","R","?","T","E","M","E","?","?","R","BOSS","M","M","?","?","?","E","M","E","T","E","$","R","E","M","R","BOSS","M","?","?","M","?","E","R","?","T","M","E","M","R","E","R","BOSS","R","$","E","BOSS"],"items_purchased_type":["Relic","Relic","Card","Relic","Relic","Potion","Relic","Relic","Relic","Card","Potion","Card","Card","Card"],"build_version":"2020-12-22","purchased_purges":1,"victory":true,"max_hp_per_floor":[70,70,70,70,70,70,70,70,70,70,70,70,70,70,70,70,70,70,70,70,70,70,70,70,70,70,70,80,80,94,94,94,94,94,94,94,94,94,94,94,94,94,94,94,94,94,94,94,94,94,94,94,94,94,94],"card_choices":[{"not_picked":["HollowMod:CloakDash+1","HollowMod:InfectedAttack+1"],"picked":"HollowMod:SoulVessel+1","floor":1.0},{"not_picked":["HollowMod:ChannelNail+1","HollowMod:CrystalDash+1"],"picked":"HollowMod:DesolateDive+1","floor":1.0},{"not_picked":["HollowMod:MantisMark+1","HollowMod:QuirrelsAssistance+1"],"picked":"HollowMod:SoulEater+1","floor":2.0},{"not_picked":["HollowMod:ShadowDash+1","HollowMod:HowlingWraiths+1"],"picked":"HollowMod:GreatSlash+1","floor":2.0},{"not_picked":["HollowMod:SharpenedShadows+1","HollowMod:TaintedHusks+1"],"picked":"HollowMod:SlysStrikes+1","floor":3.0},{"not_picked":["HollowMod:InfectionAssault+1","HollowMod:SharpenedNail+1"],"picked":"HollowMod:CycloneSlash+1","floor":3.0},{"not_picked":["HollowMod:GoodIntentions+1","HollowMod:WraithStrike+1"],"picked":"HollowMod:PureNailStrike+1","floor":4.0},{"not_picked":["HollowMod:SoulSplash+1","HollowMod:DescendingDark+1"],"picked":"HollowMod:SoulEater+1","floor":4.0},{"not_picked":["HollowMod:CycloneSlash+1","HollowMod:SharpenedNail+1"],"picked":"HollowMod:SiblingsSouls+1","floor":5.0},{"not_picked":["HollowMod:HeavyBlow+1","HollowMod:GreatSlash+1"],"picked":"HollowMod:HuntersJournal+1","floor":5.0},{"not_picked":["HollowMod:GoodIntentions+1","HollowMod:HowlingWraiths+1"],"picked":"HollowMod:PureVessel+1","floor":6.0},{"not_picked":["HollowMod:TaintedHusks+1","HollowMod:SharpenedNail+1"],"picked":"HollowMod:GoodIntentions+1","floor":10.0},{"not_picked":["HollowMod:MothsMistake+1","HollowMod:SharpenedNail+1"],"picked":"HollowMod:ElderbugsWisdom+1","floor":11.0},{"not_picked":["HollowMod:HeavyBlow+1","HollowMod:VengefulSpirit+1"],"picked":"HollowMod:DashSlash+1","floor":11.0},{"not_picked":["HollowMod:VengefulVoid+1","HollowMod:NewLittleFool+1"],"picked":"HollowMod:SharpenedNail+1","floor":12.0},{"not_picked":["HollowMod:theNailsmith+1","HollowMod:NewInfectedGuardian+1"],"picked":"HollowMod:SlysStrikes+1","floor":16.0},{"not_picked":["HollowMod:ShadowDash+1","HollowMod:HeavyBlow+1"],"picked":"HollowMod:TaintedHusks+1","floor":18.0},{"not_picked":["HollowMod:SoulSplash+1","HollowMod:NewLittleFool+1"],"picked":"HollowMod:ElderbugsWisdom+1","floor":19.0},{"not_picked":["HollowMod:NewLittleFool+1","HollowMod:TaintedHusks+1"],"picked":"HollowMod:PureNailStrike+1","floor":21.0},{"not_picked":["HollowMod:SoulSplash+1","HollowMod:InfectedAttack+1"],"picked":"HollowMod:SoulMaster+1","floor":23.0},{"not_picked":["HollowMod:VengefulSpirit+1","HollowMod:BaldurShell+1"],"picked":"HollowMod:SoulEater+1","floor":24.0},{"not_picked":["HollowMod:VengefulVoid+1","HollowMod:CloakDash+1"],"picked":"HollowMod:NewGlowingWomb+1","floor":25.0},{"not_picked":["HollowMod:DoubleDash+1","HollowMod:TaintedHusks+1"],"picked":"HollowMod:GoodIntentions+1","floor":27.0},{"not_picked":["HollowMod:CrystalDash+1","HollowMod:HeavyBlow+1"],"picked":"HollowMod:GreatSlash+1","floor":30.0},{"not_picked":["HollowMod:HeavyBlow+1","HollowMod:HowlingWraiths+1"],"picked":"HollowMod:HuntersJournal+1","floor":31.0},{"not_picked":["HollowMod:VoidDash+1","HollowMod:PureVessel+1"],"picked":"HollowMod:SlysStrikes+1","floor":33.0},{"not_picked":["HollowMod:SoulStrike+1","HollowMod:PerfectDash+1"],"picked":"HollowMod:SoulEater+1","floor":35},{"not_picked":["HollowMod:VengefulVoid+1","HollowMod:BlackTendrils+1"],"picked":"HollowMod:ShapeofUnn+1","floor":37},{"not_picked":["HollowMod:NewJinnsSoul+1","HollowMod:InfectionAssault+1"],"picked":"HollowMod:BrokenVessel+1","floor":38},{"not_picked":["HollowMod:LordofShades+1","HollowMod:TaintedHusks+1"],"picked":"HollowMod:FastStrike+1","floor":39},{"not_picked":["HollowMod:SoulStrike+1","HollowMod:SoulEater+1"],"picked":"HollowMod:DungDefenderAura+1","floor":40},{"not_picked":["HollowMod:SoulStrike+1","HollowMod:ChannelNail+1"],"picked":"HollowMod:SoulSplash+1","floor":44},{"not_picked":["HollowMod:VengefulVoid+1","HollowMod:ShadowDash+1"],"picked":"HollowMod:SiblingsSouls+1","floor":45},{"not_picked":["HollowMod:DreamGate+1","HollowMod:VengefulVoid+1"],"picked":"HollowMod:BaldurShell+1","floor":46},{"not_picked":["HollowMod:SiblingsSouls+1","HollowMod:CornifersMapStart+1"],"picked":"HollowMod:Weaversong+1","floor":48},{"not_picked":["HollowMod:NewLittleFool+1","HollowMod:SiblingsShadow+1"],"picked":"HollowMod:NewGlowingWomb+1","floor":54}],"player_experience":216100,"relics_obtained":[{"floor":6.0,"key":"Unceasing Top"},{"floor":9.0,"key":"War Paint"},{"floor":10.0,"key":"HollowMod:MantisClawRelic"},{"floor":12.0,"key":"Whetstone"},{"floor":23.0,"key":"Old Coin"},{"floor":25.0,"key":"SatanicBible"},{"floor":26.0,"key":"HollowMod:KingsBrand"},{"floor":27.0,"key":"hubris:64BitClover"},{"floor":30.0,"key":"Mango"},{"floor":37,"key":"MoneyPower"},{"floor":40,"key":"BookOfRevelations"},{"floor":43,"key":"PreservedInsect"},{"floor":45,"key":"Lantern"},{"floor":46,"key":"hubris:SlimyHat"},{"floor":48,"key":"Pen Nib"},{"floor":54,"key":"StrikeDummy"}],"event_choices":[],"is_beta":false,"boss_relics":[{"not_picked":["hubris:GrandSneckoEye","aspiration:PoetsPen_weak"],"picked":"hubris:TerracottaHorce"},{"not_picked":[]},{"not_picked":["aspiration:RandomNobGenerator","Tiny House"],"picked":"HollowMod:KingsSoulRelic"},{"not_picked":[]}],"items_purged_floors":[53],"is_endless":false,"potions_floor_spawned":[4,5,6,11,16,18,19,21,24,30,35,38,42,42,42,48],"ascension_level":7}}