{"host":"5yoj846f700ld8qy","time":1612215412,"event":{"mods":["AchievementEnabler","Aspiration","BaseMod","Better Altar","Better Match","Better Note","Better Sensory Stone","Better Skull","Better Third Choice","Colored Map","Colored Powertips","Minty Spire (QoL Compilation)","StSLib","UnlockEverythingMod"],"gold_per_floor":[118,25,45,64,64,64,64,64,64,64,64],"floor_reached":10,"language":"ENG","playtime":227,"items_purged":[],"score":112,"play_id":"2dde475c-fd82-4a1d-a7c1-2f7b7b8def0b","local_time":"20210201233652","is_ascension_mode":true,"campfire_choices":[{"data":"Creative AI","floor":6,"key":"SMITH"},{"data":"White Noise","floor":8,"key":"SMITH"}],"circlet_count":0,"master_deck":["AscendersBane","Strike_B","Strike_B","Strike_B","Strike_B","Defend_B","Defend_B","Defend_B","Defend_B","Zap","Dualcast","Creative AI+1","Reinforced Body","White Noise+1","Beam Cell","Sweeping Beam","Capacitor","Injury"],"relics":["Cracked Core","Frozen Egg 2","Golden Idol","Ice Cream"],"acts_visited":["Exordium"],"potions_floor_usage":[],"damage_taken":[{"damage":9,"enemies":"Jaw Worm","floor":1,"turns":3},{"damage":1,"enemies":"Cultist","floor":3,"turns":3},{"damage":2,"enemies":"2 Louse","floor":4,"turns":2},{"damage":35,"enemies":"Lagavulin","floor":10,"turns":7}],"seed_played":"-988856414298677515","potions_obtained":[{"floor":4,"key":"SmokeBomb"}],"is_trial":false,"path_per_floor":["M","$","M","M","?","R","?","R","T","E"],"character_chosen":"DEFECT","items_purchased":["White Noise","Beam Cell"],"campfire_rested":0,"item_purchase_floors":[2,2],"current_hp_per_floor":[55,55,54,52,52,52,52,52,52,17,17],"gold":64,"neow_bonus":"THREE_RARE_CARDS","is_daily":false,"chose_seed":false,"campfire_upgraded":2,"win_rate":0.0,"timestamp":1612215412,"path_taken":["M","$","M","M","?","R","?","R","T","E"],"items_purchased_type":["Card","Card"],"build_version":"2020-12-22","purchased_purges":0,"victory":false,"max_hp_per_floor":[64,64,64,64,64,64,58,58,58,58,58],"card_choices":[{"not_picked":["Thunder Strike","Buffer"],"picked":"Creative AI","floor":0},{"not_picked":["Stack","Rebound"],"picked":"Reinforced Body","floor":1},{"not_picked":["Beam Cell","Barrage"],"picked":"Sweeping Beam","floor":3},{"not_picked":["Redo","Undo"],"picked":"Capacitor","floor":4}],"player_experience":426678,"relics_obtained":[{"floor":9,"key":"Ice Cream"}],"event_choices":[{"damage_healed":0,"gold_gain":0,"player_choice":"Lose Max HP","damage_taken":0,"relics_obtained":["Golden Idol"],"max_hp_gain":0,"max_hp_loss":6,"event_name":"Golden Idol","floor":7,"gold_loss":0}],"is_beta":false,"boss_relics":[],"items_purged_floors":[],"is_endless":false,"potions_floor_spawned":[4],"killed_by":"Lagavulin","ascension_level":20}}