{"host":"lktusdb9orijgc6z","time":1612180589,"event":{"mods":["BaseMod","Bestiary","Colored Map","Colored Powertips","Minty Spire (QoL Compilation)","Permanent Neow","Quick Restart","Relic Stats","StSLib","everything is the same but u backflip on backflip","slay the spire mod where everything is the same but ironclad has a cowboy hat"],"gold_per_floor":[361,311,325,325,325,325,339,46,46,46,72,72,72,82,82,182,182,202,216,234,234,244,244,270,270,293,17,17,27,41,41,41,138,138,152,66,66,66,76,107,118,137,216,9,24,42,70,82,82,82,82,82,32,62,62,62],"floor_reached":55,"language":"ENG","playtime":2260,"items_purged":["Strike_R","Shame","Anger+1","Parasite","Cleave+1"],"score":1147,"play_id":"49390efb-1b96-400f-a617-97b6bee13c1c","local_time":"20210201125629","is_ascension_mode":true,"campfire_choices":[{"data":"Cleave","floor":6.0,"key":"SMITH"},{"data":"Uppercut","floor":10.0,"key":"SMITH"},{"floor":13.0,"key":"REST"},{"data":"Bash","floor":15.0,"key":"SMITH"},{"data":"Double Tap","floor":23.0,"key":"SMITH"},{"floor":25.0,"key":"REST"},{"data":"Burning Pact","floor":28.0,"key":"SMITH"},{"floor":32.0,"key":"REST"},{"floor":49.0,"key":"RECALL"},{"data":"Brutality","floor":52.0,"key":"SMITH"}],"circlet_count":0,"master_deck":["AscendersBane","Bash+1","Uppercut+1","Whirlwind+1","Thunderclap+1","Double Tap+1","Flex+1","Rage+1","Burning Pact+1","Ghostly Armor","Dropkick+1","Corruption","Burning Pact","Body Slam+1","Brutality+1","Fiend Fire+1","Dropkick+1","Flash of Steel+1","Feel No Pain","Clumsy","Seeing Red","Dual Wield+1"],"relics":["Burning Blood","Smiling Mask","Molten Egg 2","Darkstone Periapt","Sundial","Cursed Key","TungstenRod","Pantograph","Oddly Smooth Stone","Bag of Preparation","Pandora\u0027s Box","Whetstone","Lee\u0027s Waffle","Lantern","White Beast Statue"],"acts_visited":["Exordium","TheCity","TheBeyond","TheEnding"],"potions_floor_usage":[55,55],"damage_taken":[{"damage":6.0,"enemies":"2 Louse","floor":1.0,"turns":3.0},{"damage":14.0,"enemies":"Jaw Worm","floor":3.0,"turns":5.0},{"damage":10.0,"enemies":"Small Slimes","floor":7.0,"turns":3.0},{"damage":35.0,"enemies":"3 Sentries","floor":11.0,"turns":6.0},{"damage":3.0,"enemies":"Looter","floor":14.0,"turns":2.0},{"damage":28.0,"enemies":"Hexaghost","floor":16.0,"turns":8.0},{"damage":15.0,"enemies":"2 Thieves","floor":18.0,"turns":3.0},{"damage":15.0,"enemies":"Shell Parasite","floor":19.0,"turns":3.0},{"damage":16.0,"enemies":"Shelled Parasite and Fungi","floor":20.0,"turns":2.0},{"damage":0.0,"enemies":"3 Cultists","floor":22.0,"turns":2.0},{"damage":36.0,"enemies":"Book of Stabbing","floor":24.0,"turns":5.0},{"damage":0.0,"enemies":"Centurion and Healer","floor":29.0,"turns":3.0},{"damage":15.0,"enemies":"Snake Plant","floor":30.0,"turns":4.0},{"damage":57.0,"enemies":"Collector","floor":33.0,"turns":8.0},{"damage":0.0,"enemies":"Orb Walker","floor":35.0,"turns":1.0},{"damage":16.0,"enemies":"3 Darklings","floor":39.0,"turns":3.0},{"damage":20.0,"enemies":"Reptomancer","floor":40.0,"turns":5.0},{"damage":0.0,"enemies":"Maw","floor":41.0,"turns":4.0},{"damage":33.0,"enemies":"4 Shapes","floor":42.0,"turns":4.0},{"damage":0.0,"enemies":"Transient","floor":45.0,"turns":5.0},{"damage":0.0,"enemies":"3 Darklings","floor":46.0,"turns":2.0},{"damage":8.0,"enemies":"Nemesis","floor":47.0,"turns":5.0},{"damage":23.0,"enemies":"Spire Growth","floor":48.0,"turns":3.0},{"damage":38.0,"enemies":"Time Eater","floor":50.0,"turns":6.0},{"damage":73.0,"enemies":"Shield and Spear","floor":54.0,"turns":5.0},{"damage":70,"enemies":"The Heart","floor":55,"turns":3}],"seed_played":"8428579459737249569","potions_obtained":[{"floor":7.0,"key":"Weak Potion"},{"floor":11.0,"key":"AttackPotion"},{"floor":16.0,"key":"SkillPotion"},{"floor":19.0,"key":"Swift Potion"},{"floor":20.0,"key":"Energy Potion"},{"floor":40.0,"key":"SteroidPotion"}],"is_trial":false,"path_per_floor":["M","?","M","?","?","R","M","$","T","R","E","?","R","M","R","B",null,"M","M","M","?","M","R","E","R","T","$","R","M","M","?","R","B",null,"M","$","?","?","M","E","M","M","T","$","M","M","E","M","R","B",null,"R","$","E","B"],"character_chosen":"IRONCLAD","items_purchased":["Molten Egg 2","Bag of Preparation","Ghostly Armor","Dropkick+1","Lee\u0027s Waffle"],"campfire_rested":3,"item_purchase_floors":[8,27,27,36,44],"current_hp_per_floor":[72,72,64,57,45,45,41,41,41,41,12,12,33,36,36,14,58,49,40,30,36,42,42,12,35,41,41,41,47,38,23,49,23,73,79,79,79,79,69,55,61,34,40,99,99,99,97,80,80,67,91,91,91,24,0,0],"gold":62,"neow_bonus":"TWO_FIFTY_GOLD","is_daily":false,"chose_seed":false,"campfire_upgraded":6,"win_rate":0.0,"timestamp":1612180589,"path_taken":["M","?","M","?","?","R","M","$","T","R","E","?","R","M","R","BOSS","M","M","?","?","M","R","E","R","T","$","R","M","M","?","R","BOSS","M","$","?","?","M","E","M","M","T","$","M","?","E","M","R","BOSS","R","$","E","BOSS"],"items_purchased_type":["Relic","Relic","Card","Card","Relic"],"build_version":"2020-12-22","purchased_purges":5,"victory":false,"max_hp_per_floor":[72,72,72,72,72,72,72,72,72,72,72,72,72,72,72,72,72,72,72,72,78,78,78,78,78,84,84,84,84,84,89,89,89,89,89,89,89,89,89,89,89,89,95,99,99,99,99,99,99,99,99,99,99,99,99,99],"relic_stats":{"Darkstone Periapt":18,"Lee\u0027s Waffle":59,"counters":[26,103],"Bag of Preparation":[30],"Whetstone":[],"Smiling Mask":375,"Cursed Key":2,"Burning Blood":138,"Sundial":[50],"Pantograph":69,"Pandora\u0027s Box":["Burning Pact","Body Slam","Havoc","Brutality","Fiend Fire"],"obtain_stats":[{"Darkstone Periapt":9,"Lee\u0027s Waffle":44,"Lantern":47,"Oddly Smooth Stone":26,"Bag of Preparation":27,"Whetstone":40,"Smiling Mask":5,"Cursed Key":17,"Burning Blood":0,"White Beast Statue":54,"Sundial":11,"Pantograph":24,"Molten Egg 2":8,"Pandora\u0027s Box":34,"TungstenRod":21},{"Darkstone Periapt":3,"Lee\u0027s Waffle":19,"Lantern":22,"Oddly Smooth Stone":11,"Bag of Preparation":11,"Whetstone":17,"Smiling Mask":2,"Cursed Key":6,"Burning Blood":0,"White Beast Statue":25,"Sundial":4,"Pantograph":11,"Molten Egg 2":3,"Pandora\u0027s Box":14,"TungstenRod":9},{"Darkstone Periapt":11,"Lee\u0027s Waffle":74,"Lantern":86,"Oddly Smooth Stone":42,"Bag of Preparation":42,"Whetstone":66,"Smiling Mask":8,"Cursed Key":27,"Burning Blood":0,"White Beast Statue":100,"Sundial":17,"Pantograph":42,"Molten Egg 2":11,"Pandora\u0027s Box":57,"TungstenRod":35}],"TungstenRod":92},"card_choices":[{"not_picked":["Havoc","True Grit"],"picked":"Cleave","floor":1.0},{"not_picked":["Burning Pact","Body Slam","Flex"],"picked":"SKIP","floor":3.0},{"not_picked":["Corruption","True Grit"],"picked":"Uppercut","floor":7.0},{"not_picked":["Power Through","Entrench"],"picked":"Anger+1","floor":11.0},{"not_picked":["Sentinel","Heavy Blade+1"],"picked":"Thunderclap+1","floor":14.0},{"not_picked":["Juggernaut","Impervious"],"picked":"Double Tap","floor":16.0},{"not_picked":["True Grit","Iron Wave+1","Havoc+1"],"picked":"SKIP","floor":18.0},{"not_picked":["Power Through","Body Slam+1"],"picked":"Flex+1","floor":19.0},{"not_picked":["Feel No Pain","Clothesline+1"],"picked":"Rage+1","floor":20.0},{"not_picked":["Rage","Warcry","Cleave+1"],"picked":"SKIP","floor":22.0},{"not_picked":["Sentinel","Entrench"],"picked":"Burning Pact","floor":24.0},{"not_picked":["Headbutt+1","Feel No Pain+1"],"picked":"Dropkick+1","floor":29.0},{"not_picked":["Combust","Rage","Inflame"],"picked":"SKIP","floor":30.0},{"not_picked":["Juggernaut","Berserk"],"picked":"Corruption","floor":33.0},{"not_picked":["Uppercut+1","Rampage+1","Combust+1"],"picked":"SKIP","floor":35.0},{"not_picked":["Enlightenment","Discovery"],"picked":"Flash of Steel+1","floor":37.0},{"not_picked":["Pommel Strike+1","Uppercut+1","Wild Strike+1"],"picked":"SKIP","floor":39.0},{"not_picked":["Reckless Charge+1","Spot Weakness+1","Evolve"],"picked":"SKIP","floor":40.0},{"not_picked":["Dark Embrace+1","Anger+1","Warcry"],"picked":"SKIP","floor":41.0},{"not_picked":["Fire Breathing","Ghostly Armor+1","Flex+1"],"picked":"SKIP","floor":42.0},{"not_picked":["Spot Weakness","Feel No Pain+1"],"picked":"Seeing Red","floor":45.0},{"not_picked":["Iron Wave+1","Wild Strike+1","Sword Boomerang+1"],"picked":"SKIP","floor":46.0},{"not_picked":["Carnage+1","Clash+1"],"picked":"Dual Wield+1","floor":47.0},{"not_picked":["Flame Barrier","True Grit","Clothesline+1"],"picked":"SKIP","floor":48.0},{"not_picked":["Armaments+1","True Grit","Heavy Blade+1"],"picked":"SKIP","floor":54.0}],"player_experience":738779,"relics_obtained":[{"floor":9.0,"key":"Darkstone Periapt"},{"floor":11.0,"key":"Sundial"},{"floor":24.0,"key":"Pantograph"},{"floor":26.0,"key":"Oddly Smooth Stone"},{"floor":40.0,"key":"Whetstone"},{"floor":47.0,"key":"Lantern"},{"floor":54.0,"key":"White Beast Statue"}],"event_choices":[{"cards_removed":["Strike_R"],"damage_healed":0.0,"max_hp_gain":0.0,"max_hp_loss":0.0,"gold_gain":0.0,"event_name":"The Cleric","player_choice":"Card Removal","floor":2.0,"gold_loss":50.0,"damage_taken":0.0},{"cards_removed":["Strike_R"],"damage_healed":0.0,"max_hp_gain":0.0,"max_hp_loss":0.0,"gold_gain":0.0,"event_name":"Golden Wing","player_choice":"Card Removal","floor":4.0,"gold_loss":0.0,"damage_taken":7.0},{"damage_healed":0.0,"max_hp_gain":0.0,"max_hp_loss":0.0,"gold_gain":0.0,"event_name":"Scrap Ooze","player_choice":"Success","floor":5.0,"gold_loss":0.0,"damage_taken":12.0,"relics_obtained":["Smiling Mask"]},{"damage_healed":0.0,"max_hp_gain":0.0,"max_hp_loss":0.0,"gold_gain":0.0,"cards_transformed":["Strike_R"],"event_name":"Transmorgrifier","player_choice":"Transformed","floor":12.0,"gold_loss":0.0,"damage_taken":0.0,"cards_obtained":["Whirlwind"]},{"damage_healed":0.0,"max_hp_gain":0.0,"max_hp_loss":0.0,"gold_gain":0.0,"event_name":"Addict","player_choice":"Stole Relic","floor":21.0,"gold_loss":0.0,"damage_taken":0.0,"relics_obtained":["TungstenRod"],"cards_obtained":["Shame"]},{"damage_healed":0.0,"max_hp_gain":5.0,"max_hp_loss":0.0,"gold_gain":0.0,"event_name":"Forgotten Altar","player_choice":"Shed Blood","floor":31.0,"gold_loss":0.0,"damage_taken":21.0},{"damage_healed":0.0,"max_hp_gain":0.0,"max_hp_loss":0.0,"gold_gain":0.0,"event_name":"SensoryStone","player_choice":"Memory 1","floor":37.0,"gold_loss":0.0,"damage_taken":0.0},{"damage_healed":0.0,"max_hp_gain":0.0,"max_hp_loss":0.0,"gold_gain":0.0,"cards_transformed":["Havoc"],"event_name":"Transmorgrifier","player_choice":"Transformed","floor":38.0,"gold_loss":0.0,"damage_taken":0.0,"cards_obtained":["Feel No Pain"]}],"is_beta":false,"boss_relics":[{"not_picked":["Mark of Pain","Calling Bell"],"picked":"Cursed Key"},{"not_picked":["Busted Crown","SlaversCollar"],"picked":"Pandora\u0027s Box"}],"items_purged_floors":[8,27,36,44,53],"is_endless":false,"potions_floor_spawned":[7,11,16,19,20,40,41,47],"killed_by":"The Heart","ascension_level":11}}