{"host":"utqe55yv0jihe4d6","time":1612220188,"event":{"mods":["2.2 Compatiblity","AchievementEnabler","BaseMod","Block Reminder","Colored Map","Colored Powertips","Minty Spire (QoL Compilation)","Quick Restart","Rare Cards Sparkle","Relic Stats","SuperFastMode"],"gold_per_floor":[119,194,469,487,69,95,95,95,95,139,149,149,149],"floor_reached":12,"language":"ENG","playtime":279,"items_purged":["Regret"],"score":206,"play_id":"c44b88c3-55c8-458b-8d5d-42dad3dadd09","local_time":"20210201175628","is_ascension_mode":true,"campfire_choices":[],"circlet_count":0,"master_deck":["AscendersBane","Strike_P","Strike_P","Strike_P","Strike_P","Defend_P","Defend_P","Defend_P","Defend_P","Eruption+1","Vigilance","Crescendo","EmptyFist","FearNoEvil","Wish","JustLucky","Conclude"],"relics":["PureWater","NeowsBlessing","OrangePellets","Toy Ornithopter","Shuriken","Sundial"],"acts_visited":["Exordium"],"potions_floor_usage":[11],"damage_taken":[{"damage":0,"enemies":"Small Slimes","floor":1,"turns":1},{"damage":0,"enemies":"Cultist","floor":4,"turns":1},{"damage":0,"enemies":"Gremlin Nob","floor":6,"turns":1},{"damage":0,"enemies":"Jaw Worm","floor":10,"turns":3},{"damage":17,"enemies":"Exordium Thugs","floor":11,"turns":4},{"damage":50,"enemies":"3 Sentries","floor":12,"turns":4}],"seed_played":"8267467786011181470","potions_obtained":[{"floor":1,"key":"Dexterity Potion"},{"floor":10,"key":"ColorlessPotion"},{"floor":11,"key":"LiquidBronze"}],"is_trial":false,"path_per_floor":["M","?","?","M","$","E","?","?","T","M","M","E"],"character_chosen":"WATCHER","items_purchased":["OrangePellets","Toy Ornithopter"],"campfire_rested":0,"item_purchase_floors":[5,5],"current_hp_per_floor":[61,50,50,50,50,50,50,50,50,50,38,0,0],"gold":149,"neow_bonus":"THREE_ENEMY_KILL","is_daily":false,"chose_seed":false,"campfire_upgraded":0,"win_rate":0.0,"timestamp":1612220188,"path_taken":["M","?","?","?","$","E","?","?","T","M","M","E"],"items_purchased_type":["Relic","Relic"],"build_version":"2020-12-22","purchased_purges":1,"victory":false,"max_hp_per_floor":[68,68,68,68,68,68,68,68,68,68,68,68,68],"relic_stats":{"OrangePellets":[0],"counters":[6,14],"Shuriken":[4],"Sundial":[0],"obtain_stats":[{"OrangePellets":5,"NeowsBlessing":0,"Shuriken":6,"Sundial":9,"PureWater":0,"Toy Ornithopter":5},{"OrangePellets":2,"NeowsBlessing":0,"Shuriken":3,"Sundial":3,"PureWater":0,"Toy Ornithopter":2},{"OrangePellets":2,"NeowsBlessing":0,"Shuriken":3,"Sundial":3,"PureWater":0,"Toy Ornithopter":2}],"Toy Ornithopter":5},"card_choices":[{"not_picked":["Sanctity","PathToVictory"],"picked":"Crescendo","floor":1},{"not_picked":["ClearTheMind","CrushJoints"],"picked":"EmptyFist","floor":4},{"not_picked":["SashWhip","Study"],"picked":"FearNoEvil","floor":6},{"not_picked":["FlyingSleeves","ClearTheMind"],"picked":"JustLucky","floor":10},{"not_picked":["BowlingBash","ThirdEye"],"picked":"Conclude","floor":11}],"player_experience":2977383,"relics_obtained":[{"floor":6,"key":"Shuriken"},{"floor":9,"key":"Sundial"}],"event_choices":[{"damage_healed":0,"gold_gain":75,"player_choice":"Gather Gold","damage_taken":11,"max_hp_gain":0,"max_hp_loss":0,"event_name":"World of Goop","floor":2,"gold_loss":0},{"damage_healed":0,"gold_gain":275,"player_choice":"Desecrate","damage_taken":0,"max_hp_gain":0,"max_hp_loss":0,"event_name":"Golden Shrine","floor":3,"gold_loss":0,"cards_obtained":["Regret"]},{"damage_healed":0,"gold_gain":0,"player_choice":"Grow","damage_taken":0,"max_hp_gain":0,"max_hp_loss":0,"event_name":"Living Wall","floor":7,"gold_loss":0,"cards_upgraded":["Eruption"]},{"damage_healed":0,"gold_gain":0,"player_choice":"1 cards matched","damage_taken":0,"max_hp_gain":0,"max_hp_loss":0,"event_name":"Match and Keep!","floor":8,"gold_loss":0,"cards_obtained":["Wish"]}],"is_beta":false,"boss_relics":[],"items_purged_floors":[5],"is_endless":false,"potions_floor_spawned":[1,10,11],"killed_by":"3 Sentries","ascension_level":20}}