{"host":"vyjryxuuuxkt43k4","time":1612174197,"event":{"mods":["AchievementEnabler","BaseMod","Colored Map","DeckTracker","Keyboard Shortcuts","Minty Spire (QoL Compilation)","Permanent Neow","Quick Restart","Rare Cards Sparkle","StSLib","SuperFastMode","everything is the same but u backflip on backflip"],"gold_per_floor":[11,21,21,21,21,21,55,55,55,55,55,80,114,114,114,207,207,227,227,45,66,91,91,132,157,157,197,211,226,251,251,251,251,251],"floor_reached":33,"language":"KOR","playtime":6783,"items_purged":["Strike_G"],"score":516,"play_id":"00dbd69d-311e-4eb1-98f5-b36aca0fa04f","local_time":"20210201190957","is_ascension_mode":true,"campfire_choices":[{"data":"Dagger Throw","floor":6.0,"key":"SMITH"},{"data":"Neutralize","floor":8.0,"key":"SMITH"},{"floor":11.0,"key":"REST"},{"data":"Corpse Explosion","floor":15.0,"key":"SMITH"},{"data":"Adrenaline","floor":23.0,"key":"SMITH"},{"floor":32,"key":"REST"}],"circlet_count":0,"master_deck":["AscendersBane","Strike_G","Strike_G","Strike_G","Strike_G","Defend_G","Defend_G+1","Defend_G","Defend_G","Defend_G+1","Survivor","Neutralize+1","After Image+1","Dagger Throw+1","Backstab","Corpse Explosion+1","Adrenaline+1","Blur+1","Well Laid Plans","Dodge and Roll","Quick Slash+1","Leg Sweep","Acrobatics+1","Backflip"],"relics":["Ring of the Snake","Golden Idol","Matryoshka","The Specimen","Meat on the Bone","CaptainsWheel","Bird Faced Urn","Black Star","War Paint","Smiling Mask","Regal Pillow","Bottled Tornado","Pen Nib","Turnip"],"acts_visited":["Exordium","TheCity"],"potions_floor_usage":[27,30,33,33],"damage_taken":[{"damage":1.0,"enemies":"2 Louse","floor":1.0,"turns":5.0},{"damage":4.0,"enemies":"Small Slimes","floor":2.0,"turns":5.0},{"damage":20.0,"enemies":"Gremlin Nob","floor":7.0,"turns":5.0},{"damage":0.0,"enemies":"Cultist","floor":12.0,"turns":4.0},{"damage":20.0,"enemies":"3 Sentries","floor":13.0,"turns":14.0},{"damage":10.0,"enemies":"Hexaghost","floor":16.0,"turns":9.0},{"damage":4.0,"enemies":"Shell Parasite","floor":18.0,"turns":7.0},{"damage":10.0,"enemies":"2 Thieves","floor":21.0,"turns":4.0},{"damage":12.0,"enemies":"Snecko","floor":22.0,"turns":8.0},{"damage":28.0,"enemies":"Book of Stabbing","floor":24.0,"turns":7.0},{"damage":9.0,"enemies":"Cultist and Chosen","floor":25.0,"turns":6.0},{"damage":34,"enemies":"Gremlin Leader","floor":27,"turns":11},{"damage":8,"enemies":"Sentry and Sphere","floor":28,"turns":9},{"damage":4,"enemies":"Snecko","floor":29,"turns":7},{"damage":29,"enemies":"Shelled Parasite and Fungi","floor":30,"turns":6},{"damage":77,"enemies":"Champ","floor":33,"turns":20}],"seed_played":"777810769864599575","potions_obtained":[{"floor":7.0,"key":"LiquidBronze"},{"floor":13.0,"key":"LiquidBronze"},{"floor":16.0,"key":"SneckoOil"},{"floor":18.0,"key":"FearPotion"},{"floor":19.0,"key":"Fire Potion"},{"floor":24.0,"key":"SteroidPotion"},{"floor":27,"key":"SpeedPotion"},{"floor":29,"key":"Dexterity Potion"},{"floor":30,"key":"Block Potion"}],"is_trial":false,"path_per_floor":["M","M","?","?","?","R","E","R","T","?","R","M","E","?","R","B",null,"M","?","$","M","M","R","E","M","T","E","M","M","M","?","R","B"],"character_chosen":"THE_SILENT","items_purchased":["Well Laid Plans","Dodge and Roll"],"campfire_rested":2,"item_purchase_floors":[20,20],"current_hp_per_floor":[58,54,54,43,48,48,28,28,28,28,47,47,39,39,39,43,60,58,58,58,52,42,42,30,37,37,19,27,39,26,39,65,0,0],"gold":251,"neow_bonus":"THREE_RARE_CARDS","is_daily":false,"chose_seed":false,"campfire_upgraded":4,"win_rate":0.0,"timestamp":1612174197,"path_taken":["M","M","?","?","?","R","E","R","T","?","R","M","E","?","R","BOSS","M","?","$","M","M","R","E","M","T","E","M","?","M","?","R","BOSS"],"items_purchased_type":["Card","Card"],"build_version":"2020-12-22","purchased_purges":1,"victory":false,"max_hp_per_floor":[66,66,60,60,65,65,65,65,65,65,65,65,65,65,65,65,65,65,65,65,65,65,65,65,65,65,65,65,65,65,65,65,65,65],"card_choices":[{"not_picked":["Tools of the Trade","Malaise"],"picked":"After Image","floor":0.0},{"not_picked":["Cloak And Dagger","Tactician"],"picked":"Dagger Throw","floor":1.0},{"not_picked":["Setup","Slice"],"picked":"Backstab","floor":2.0},{"not_picked":["Prepared","Masterful Stab","Quick Slash"],"picked":"SKIP","floor":7.0},{"not_picked":["Distraction","Slice","Sucker Punch"],"picked":"SKIP","floor":12.0},{"not_picked":["Cloak And Dagger","Catalyst"],"picked":"Corpse Explosion","floor":13.0},{"not_picked":["Unload","Doppelganger"],"picked":"Adrenaline","floor":16.0},{"not_picked":["Slice+1","Dodge and Roll"],"picked":"Blur+1","floor":18.0},{"not_picked":["Sucker Punch","Dodge and Roll"],"picked":"Quick Slash+1","floor":21.0},{"not_picked":["Dodge and Roll","Infinite Blades","Concentrate"],"picked":"SKIP","floor":22.0},{"not_picked":["Prepared","Blur"],"picked":"Leg Sweep","floor":24.0},{"not_picked":["Sucker Punch","Cloak And Dagger","Prepared"],"picked":"SKIP","floor":25.0},{"not_picked":["Tools of the Trade","Slice","Dash"],"picked":"SKIP","floor":27},{"not_picked":["Riddle With Holes","Underhanded Strike"],"picked":"Acrobatics+1","floor":28},{"not_picked":["Underhanded Strike","Infinite Blades"],"picked":"Backflip","floor":29},{"not_picked":["Poisoned Stab","Cloak And Dagger","Masterful Stab"],"picked":"SKIP","floor":30}],"player_experience":569931,"relics_obtained":[{"floor":7.0,"key":"The Specimen"},{"floor":9.0,"key":"Meat on the Bone"},{"floor":9.0,"key":"CaptainsWheel"},{"floor":13.0,"key":"Bird Faced Urn"},{"floor":24.0,"key":"War Paint"},{"floor":24.0,"key":"Smiling Mask"},{"floor":26.0,"key":"Regal Pillow"},{"floor":26.0,"key":"Bottled Tornado"},{"floor":27,"key":"Pen Nib"},{"floor":27,"key":"Turnip"}],"event_choices":[{"damage_healed":0.0,"max_hp_gain":0.0,"max_hp_loss":6.0,"gold_gain":0.0,"event_name":"Golden Idol","player_choice":"Lose Max HP","floor":3.0,"gold_loss":0.0,"damage_taken":0.0,"relics_obtained":["Golden Idol"]},{"damage_healed":0.0,"max_hp_gain":0.0,"max_hp_loss":0.0,"gold_gain":0.0,"event_name":"Scrap Ooze","player_choice":"Success","floor":4.0,"gold_loss":0.0,"damage_taken":11.0,"relics_obtained":["Matryoshka"]},{"damage_healed":0.0,"max_hp_gain":5.0,"max_hp_loss":0.0,"gold_gain":0.0,"event_name":"Big Fish","player_choice":"Donut","floor":5.0,"gold_loss":0.0,"damage_taken":0.0},{"damage_healed":0.0,"max_hp_gain":0.0,"max_hp_loss":0.0,"gold_gain":0.0,"event_name":"Living Wall","player_choice":"Grow","floor":10.0,"gold_loss":0.0,"damage_taken":0.0,"cards_upgraded":["After Image"]},{"damage_healed":0.0,"max_hp_gain":0.0,"max_hp_loss":0.0,"gold_gain":0.0,"event_name":"Shining Light","player_choice":"Ignored","floor":14.0,"gold_loss":0.0,"damage_taken":0.0},{"damage_healed":0.0,"max_hp_gain":0.0,"max_hp_loss":0.0,"gold_gain":0.0,"event_name":"Lab","player_choice":"Got Potions","floor":19.0,"gold_loss":0.0,"damage_taken":0.0},{"damage_healed":13,"gold_gain":0,"player_choice":"Heal","damage_taken":0,"max_hp_gain":0,"max_hp_loss":0,"event_name":"The Library","floor":31,"gold_loss":0}],"is_beta":false,"boss_relics":[{"not_picked":["Velvet Choker","Tiny House"],"picked":"Black Star"}],"items_purged_floors":[20],"is_endless":false,"potions_floor_spawned":[7,13,16,18,24,27,29,30],"killed_by":"Champ","ascension_level":15}}