{"host":"pyelotildgrd5mks","time":1612180077,"event":{"mods":["BaseMod","Downfall","Minty Spire (QoL Compilation)","Quick Restart","StSLib"],"gold_per_floor":[99,99,99,99,156,156,156,183,194,213,213,313,213,123,136,240,240,240,256,273,158,178,278,302,334,234,247,264,264,264,293,303,404,404,404,418,429,330,346,346,346,366,266,317,328,361,373,373,391,391,391,418,123,123,123,123],"floor_reached":57,"language":"ZHS","playtime":3640,"items_purged":["downfall:Malfunctioning","champ:Strike","champ:Strike","champ:FocusedBerserking"],"score":1393,"play_id":"8c6fcdfe-1209-46b9-9110-5001358ab6b7","local_time":"20210201194757","is_ascension_mode":true,"campfire_choices":[{"data":"champ:Taunt","floor":1.0,"key":"SMITH"},{"data":"champ:Execute","floor":6.0,"key":"SMITH"},{"data":"champ:FancyFootwork","floor":13.0,"key":"SMITH"},{"data":"champ:UltimateStance","floor":18.0,"key":"SMITH"},{"data":"champ:UltimateStance","floor":26.0,"key":"SMITH"},{"data":"champ:ViciousMockery","floor":30.0,"key":"SMITH"},{"data":"champ:IgnorePain","floor":35.0,"key":"SMITH"},{"floor":40.0,"key":"RECALL"},{"data":"champ:FaceSlap","floor":43.0,"key":"SMITH"},{"data":"champ:VampiricStrike","floor":54.0,"key":"SMITH"}],"circlet_count":0,"master_deck":["champ:Defend","champ:Defend+1","champ:Defend","champ:Execute+1","champ:Taunt+1","champ:IgnorePain+1","champ:FaceSlap+1","champ:DefensiveShout+1","champ:FancyFootwork+1","champ:UltimateStance+1","champ:PreciseThrust+1","champ:ViciousMockery+1","champ:UltimateStance+1","champ:Improvising","champ:VampiricStrike+1","champ:Improvising"],"relics":["champ:ChampionCrown","downfall:HeartsMalice","champ:LiftRelic","Akabeko","InkBottle","champ:FightingForDummies","Kunai","Champion Belt","downfall:HeartBlessingGreen","champ:PowerArmor","MutagenicStrength","Blood Vial","downfall:HeartBlessingBlue","sneckomod:BlankCard","Coffee Dripper","Medical Kit","Guardian:PocketSentry","champ:SpectersHand","downfall:HeartBlessingRed","Gambling Chip","Slimebound:StickyStick","champ:DefensiveTrainingManual"],"acts_visited":["Exordium","TheCity","TheBeyond","TheEnding"],"potions_floor_usage":[],"damage_taken":[{"damage":0.0,"enemies":"2 Louse","floor":2.0,"turns":1.0},{"damage":0.0,"enemies":"Jaw Worm","floor":4.0,"turns":1.0},{"damage":0.0,"enemies":"Lagavulin Event","floor":5.0,"turns":1.0},{"damage":51.0,"enemies":"3 Sentries","floor":8.0,"turns":9.0},{"damage":10.0,"enemies":"Cultist","floor":9.0,"turns":3.0},{"damage":9.0,"enemies":"2 Fungi Beasts","floor":10.0,"turns":4.0},{"damage":9.0,"enemies":"2 Fungi Beasts","floor":12.0,"turns":2.0},{"damage":21.0,"enemies":"downfall:FleeingMerchant","floor":14.0,"turns":4.0},{"damage":20.0,"enemies":"Large Slime","floor":15.0,"turns":4.0},{"damage":65.0,"enemies":"WA_ARCHETYPE_RETAIN","floor":16.0,"turns":8.0},{"damage":11.0,"enemies":"Spheric Guardian","floor":19.0,"turns":3.0},{"damage":24.0,"enemies":"Chosen and Byrds","floor":20.0,"turns":8.0},{"damage":38.0,"enemies":"downfall:FleeingMerchant","floor":21.0,"turns":4.0},{"damage":7.0,"enemies":"Snake Plant","floor":22.0,"turns":3.0},{"damage":33.0,"enemies":"downfall:Augmenter","floor":23.0,"turns":6.0},{"damage":30.0,"enemies":"Gremlin Leader","floor":25.0,"turns":5.0},{"damage":20.0,"enemies":"3 Cultists","floor":27.0,"turns":4.0},{"damage":47.0,"enemies":"Chosen and Byrds","floor":28.0,"turns":6.0},{"damage":43.0,"enemies":"Slavers","floor":31.0,"turns":4.0},{"damage":20.0,"enemies":"Cultist and Chosen","floor":32.0,"turns":4.0},{"damage":82.0,"enemies":"SI_MIRROR_ARCHETYPE","floor":33.0,"turns":10.0},{"damage":26.0,"enemies":"3 Darklings","floor":36.0,"turns":4.0},{"damage":20.0,"enemies":"3 Shapes","floor":37.0,"turns":5.0},{"damage":15.0,"enemies":"downfall:FleeingMerchant","floor":38.0,"turns":3.0},{"damage":22.0,"enemies":"Jaw Worm Horde","floor":39.0,"turns":4.0},{"damage":25.0,"enemies":"3 Darklings","floor":42.0,"turns":5.0},{"damage":15.0,"enemies":"2 Orb Walkers","floor":44.0,"turns":4.0},{"damage":15.0,"enemies":"Sphere and 2 Shapes","floor":45.0,"turns":3.0},{"damage":15.0,"enemies":"Reptomancer","floor":46.0,"turns":6.0},{"damage":20.0,"enemies":"4 Shapes","floor":47.0,"turns":3.0},{"damage":15.0,"enemies":"3 Darklings","floor":49.0,"turns":4.0},{"damage":64.0,"enemies":"DF_ARCHETYPE_ORBS","floor":50.0,"turns":5.0},{"damage":50.0,"enemies":"downfall:CharBossMerchant","floor":52.0,"turns":6.0},{"damage":64.0,"enemies":"downfall:NeowBoss","floor":55.0,"turns":11.0},{"damage":89,"enemies":"downfall:NeowBossFinal","floor":56,"turns":7}],"seed_played":"91149883235592100","potions_obtained":[{"floor":5.0,"key":"SpeedPotion"},{"floor":8.0,"key":"champ:CounterPotion"},{"floor":9.0,"key":"champ:CounterPotion"},{"floor":16.0,"key":"champ:TechniquePotion"},{"floor":20.0,"key":"FearPotion"},{"floor":25.0,"key":"Ancient Potion"}],"is_trial":false,"path_per_floor":["R","M","?","M","?","R","T","E","M","M","?","?","R","$","M","B",null,"R","M","M","$","M","?","T","E","R","M","M","?","R","E","M","B",null,"R","M","M","$","M","R","T","M","R","?","M","E","M","?","M","B",null,"E","$","R","B","B",null],"character_chosen":"THE_CHAMP","items_purchased":["Medical Kit","Guardian:PocketSentry","champ:DefensiveTrainingManual"],"campfire_rested":0,"item_purchase_floors":[38,38,53],"current_hp_per_floor":[90,90,90,90,90,90,90,74,74,70,70,61,61,60,60,25,90,90,89,75,67,65,62,62,62,72,74,69,69,69,58,60,35,100,100,99,100,100,98,98,98,100,100,100,100,100,100,100,100,81,100,100,100,100,91,39],"gold":123,"neow_bonus":"THREE_ENEMY_KILL","is_daily":false,"chose_seed":false,"campfire_upgraded":9,"win_rate":0.0,"timestamp":1612180077,"path_taken":["R","M","?","M","?","R","T","E","M","?","?","?","R","$","M","BOSS","R","M","M","$","M","?","T","E","R","M","M","?","R","E","M","BOSS","R","M","M","$","M","R","T","M","R","?","M","E","M","?","M","BOSS","E","$","R","BOSS","BOSS"],"items_purchased_type":["Relic","Relic","Relic"],"build_version":"2020-12-22","purchased_purges":4,"victory":true,"max_hp_per_floor":[90,90,90,90,90,90,90,90,90,90,90,90,90,90,90,90,90,90,90,90,90,90,90,90,90,100,100,100,100,100,100,100,100,100,100,100,100,100,100,100,100,100,100,100,100,100,100,100,100,100,100,100,100,100,100,100],"card_choices":[{"not_picked":["champ:FalseCounter","champ:EnragedBash","champ:FlashCut"],"picked":"SKIP","floor":2.0},{"not_picked":["champ:ShieldSigil","champ:ArenaPreparation","champ:CrownThrow"],"picked":"SKIP","floor":4.0},{"not_picked":["champ:DefensiveShout","champ:StanceDance"],"picked":"champ:IgnorePain","floor":8.0},{"not_picked":["champ:EnGarde","champ:ArenaPreparation"],"picked":"champ:FaceSlap","floor":9.0},{"not_picked":["champ:EnGarde","champ:Shatter"],"picked":"champ:DefensiveShout","floor":10.0},{"not_picked":["champ:FlashCut","champ:PreemptiveStrike"],"picked":"champ:FancyFootwork","floor":12.0},{"not_picked":["champ:BladeFlurry","champ:ArenaPreparation","champ:IronFortress"],"picked":"SKIP","floor":14.0},{"not_picked":["champ:GutPunch","champ:SwordSigil","champ:RecklessLeap"],"picked":"SKIP","floor":15.0},{"not_picked":["champ:EnchantShield","champ:DancingMaster"],"picked":"champ:UltimateStance","floor":16.0},{"not_picked":["champ:AdrenalArmor","champ:PerfectedStrike+1"],"picked":"champ:PreciseThrust+1","floor":19.0},{"not_picked":["champ:CrownThrow","champ:RecklessLeap","champ:HeartStrike+1"],"picked":"SKIP","floor":20.0},{"not_picked":["champ:RapidStrikes","champ:GutPunch"],"picked":"champ:ViciousMockery","floor":21.0},{"not_picked":["champ:BerserkersShout","champ:Parry+1","champ:AdrenalArmor"],"picked":"SKIP","floor":22.0},{"not_picked":["champ:EnGarde+1","champ:Circumvent","champ:AdrenalArmor"],"picked":"SKIP","floor":25.0},{"not_picked":["champ:EnGarde+1","champ:Circumvent","champ:AdrenalArmor"],"picked":"SKIP","floor":25.0},{"not_picked":["champ:ViciousMockery","champ:BladeFlurry+1","champ:Haymaker+1"],"picked":"SKIP","floor":27.0},{"not_picked":["champ:SwordThrow","champ:GutPunch","champ:BerserkersShout"],"picked":"SKIP","floor":28.0},{"not_picked":["champ:Haymaker","champ:Parry","champ:DeathBlow"],"picked":"SKIP","floor":31.0},{"not_picked":["champ:CrookedStrike","champ:EnGarde","champ:FaceSlap+1"],"picked":"SKIP","floor":32.0},{"not_picked":["champ:Devastate","champ:HoldFirm"],"picked":"champ:Improvising","floor":33.0},{"not_picked":["champ:ArenaPreparation","champ:Circumvent+1","champ:FocusedDefense"],"picked":"SKIP","floor":36.0},{"not_picked":["champ:ViciousMockery+1","champ:EndlessRage","champ:Shatter+1"],"picked":"SKIP","floor":37.0},{"not_picked":["champ:ViciousMockery+1","champ:EndlessRage","champ:Shatter+1"],"picked":"SKIP","floor":37.0},{"not_picked":["champ:StanceDance","champ:DeathBlow","champ:SkillfulDodge"],"picked":"SKIP","floor":38.0},{"not_picked":["champ:BerserkersShout+1","champ:FlashCut","champ:Endure"],"picked":"SKIP","floor":39.0},{"not_picked":["champ:BerserkersShout+1","champ:FlashCut","champ:Endure"],"picked":"SKIP","floor":39.0},{"not_picked":["champ:SkillfulDodge","champ:CrownThrow+1","champ:ShieldSigil+1"],"picked":"SKIP","floor":42.0},{"not_picked":["champ:Shatter","champ:GutPunch+1","champ:StanceDance"],"picked":"SKIP","floor":45.0},{"not_picked":["champ:FancyFootwork","champ:PreciseThrust"],"picked":"champ:VampiricStrike","floor":46.0},{"not_picked":["champ:BladeFlurry","champ:EnGarde+1","champ:Shatter+1"],"picked":"SKIP","floor":47.0},{"not_picked":["champ:AdrenalArmor+1","champ:BerserkersShout+1","champ:PreciseThrust"],"picked":"SKIP","floor":49.0},{"not_picked":["champ:AdrenalArmor+1","champ:StanceDance"],"picked":"champ:Improvising","floor":52.0}],"player_experience":685021,"relics_obtained":[{"floor":5.0,"key":"InkBottle"},{"floor":7.0,"key":"champ:FightingForDummies"},{"floor":8.0,"key":"Kunai"},{"floor":12.0,"key":"Champion Belt"},{"floor":23.0,"key":"MutagenicStrength"},{"floor":25.0,"key":"Blood Vial"},{"floor":31.0,"key":"sneckomod:BlankCard"},{"floor":41.0,"key":"champ:SpectersHand"},{"floor":44.0,"key":"Gambling Chip"},{"floor":52.0,"key":"Slimebound:StickyStick"}],"event_choices":[{"damage_healed":0.0,"max_hp_gain":0.0,"max_hp_loss":0.0,"gold_gain":0.0,"event_name":"Mysterious Sphere","player_choice":"Fight","floor":44.0,"gold_loss":0.0,"damage_taken":0.0},{"cards_removed":["champ:Strike"],"damage_healed":0.0,"max_hp_gain":0.0,"max_hp_loss":0.0,"gold_gain":0.0,"event_name":"Falling","player_choice":"Removed Attack","floor":48.0,"gold_loss":0.0,"damage_taken":0.0}],"is_beta":false,"boss_relics":[{"not_picked":["Calling Bell","Busted Crown"],"picked":"champ:PowerArmor"},{"not_picked":["Velvet Choker","Fusion Hammer"],"picked":"Coffee Dripper"}],"items_purged_floors":[14,21,38,53],"is_endless":false,"potions_floor_spawned":[5,8,9,10,16,20,25,27,31,32,36,39,42,45],"ascension_level":3}}