{"host":"6gwm7y0tp7acoxay","time":1612169225,"event":{"mods":["BaseMod","Colored Map","Keyboard Shortcuts","Minty Spire (QoL Compilation)","Quick Restart","StSLib","SuperFastMode","everything is the same but u backflip on backflip"],"gold_per_floor":[111,111,111,170,44,71,71,96,96,125,141,141,141,195,195,267,267,277,277,327,61,0,33,59,59,138,169,194,194,223,148,148,221,271,282,282,262,262,95,128,128,157,169,213,254,266,312,349,361,373,385,397,409,85,110,110,110],"floor_reached":56,"language":"KOR","playtime":1855,"items_purged":["Flame Barrier","Metallicize"],"score":2411,"play_id":"c264753f-0e9b-48b4-80c6-1885d1176162","local_time":"20210201174705","daily_mods":["SealedDeck","Heirloom","Flight"],"is_ascension_mode":true,"campfire_choices":[{"data":"Body Slam","floor":7.0,"key":"SMITH"},{"data":"Disarm","floor":12.0,"key":"SMITH"},{"data":"Disarm","floor":13.0,"key":"SMITH"},{"data":"Heavy Blade","floor":15.0,"key":"SMITH"},{"data":"Limit Break","floor":25.0,"key":"SMITH"},{"data":"Sword Boomerang","floor":29.0,"key":"SMITH"},{"data":"True Grit","floor":32.0,"key":"SMITH"},{"floor":46,"key":"RECALL"},{"data":"Disarm","floor":49,"key":"SMITH"},{"data":"Disarm","floor":53,"key":"SMITH"}],"circlet_count":0,"master_deck":["AscendersBane","Entrench+1","Body Slam+1","Heavy Blade+1","Flex","Shrug It Off","Inflame+1","Disarm+1","Disarm+1","True Grit+1","Feel No Pain","Second Wind","Disarm+1","Limit Break+1","Immolate+1","Sword Boomerang+1","Disarm+1","Disarm+1","Inflame","Inflame","Evolve"],"relics":["Burning Blood","Magic Flower","Blood Vial","Girya","Blue Candle","Meat on the Bone","SlaversCollar","Singing Bowl","Ancient Tea Set","Kunai","Self Forming Clay","Juzu Bracelet","Shuriken","Dream Catcher","Tiny House","Happy Flower","CaptainsWheel","MawBank","Question Card","Strawberry","The Courier","Gremlin Horn","Lizard Tail","Membership Card","Art of War"],"acts_visited":["Exordium","TheCity","TheBeyond","TheEnding"],"potions_floor_usage":[42,50,55,56],"damage_taken":[{"damage":0.0,"enemies":"Cultist","floor":1.0,"turns":4.0},{"damage":26.0,"enemies":"Lagavulin","floor":6.0,"turns":9.0},{"damage":2.0,"enemies":"3 Sentries","floor":8.0,"turns":5.0},{"damage":45.0,"enemies":"Gremlin Nob","floor":10.0,"turns":6.0},{"damage":0.0,"enemies":"2 Louse","floor":11.0,"turns":4.0},{"damage":0.0,"enemies":"Hexaghost","floor":16.0,"turns":10.0},{"damage":15.0,"enemies":"Shell Parasite","floor":18.0,"turns":5.0},{"damage":14.0,"enemies":"Book of Stabbing","floor":23.0,"turns":6.0},{"damage":48.0,"enemies":"Slavers","floor":24.0,"turns":6.0},{"damage":10.0,"enemies":"Gremlin Leader","floor":27.0,"turns":7.0},{"damage":12.0,"enemies":"Book of Stabbing","floor":28.0,"turns":7.0},{"damage":45.0,"enemies":"Gremlin Leader","floor":30.0,"turns":5.0},{"damage":44.0,"enemies":"Collector","floor":33.0,"turns":8.0},{"damage":55.0,"enemies":"3 Darklings","floor":35.0,"turns":6.0},{"damage":82.0,"enemies":"Reptomancer","floor":40.0,"turns":8.0},{"damage":24,"enemies":"Nemesis","floor":42,"turns":11},{"damage":46,"enemies":"Giant Head","floor":44,"turns":7},{"damage":48,"enemies":"Nemesis","floor":45,"turns":7},{"damage":66,"enemies":"Giant Head","floor":47,"turns":7},{"damage":2,"enemies":"Mind Bloom Boss Battle","floor":48,"turns":6},{"damage":9,"enemies":"Awakened One","floor":50,"turns":12},{"damage":66,"enemies":"Time Eater","floor":51,"turns":13},{"damage":42,"enemies":"Shield and Spear","floor":55,"turns":6},{"damage":155,"enemies":"The Heart","floor":56,"turns":9}],"seed_played":"3719618614743372479","potions_obtained":[{"floor":6.0,"key":"EntropicBrew"},{"floor":10.0,"key":"PowerPotion"},{"floor":24.0,"key":"GamblersBrew"},{"floor":30.0,"key":"LiquidBronze"},{"floor":34.0,"key":"BlessingOfTheForge"},{"floor":40.0,"key":"Fruit Juice"},{"floor":42,"key":"FairyPotion"},{"floor":45,"key":"ElixirPotion"},{"floor":47,"key":"AttackPotion"}],"is_trial":true,"path_per_floor":["M","?","?","?","$","E","R","E","T","E","M","R","R","T","R","B",null,"M","?","?","$","?","E","E","R","T","E","E","R","E","$","R","B",null,"M","?","?","?","$","E","?","E","T","E","E","R","E","?","R","B","B",null,"R","$","E","B"],"character_chosen":"IRONCLAD","items_purchased":["Feel No Pain","Second Wind","Singing Bowl","Happy Flower","Membership Card","Metallicize","Inflame","Inflame","Evolve","DistilledChaos"],"campfire_rested":0,"item_purchase_floors":[5,5,21,39,54,54,54,54,54,54],"current_hp_per_floor":[75,52,52,52,52,35,35,45,45,27,57,57,57,57,57,69,74,69,48,48,48,48,66,48,48,48,70,72,72,59,59,59,47,86,63,63,63,99,99,49,85,72,72,63,47,47,69,81,81,84,48,86,86,86,76,0,0],"gold":110,"neow_bonus":"","is_daily":false,"chose_seed":false,"campfire_upgraded":9,"win_rate":0.0,"timestamp":1612169225,"path_taken":["M","?","?","?","?","E","R","E","T","E","M","R","R","?","R","BOSS","M","?","?","$","?","E","E","R","T","E","E","R","E","$","R","BOSS","M","?","?","?","?","E","?","E","T","E","E","R","E","?","R","BOSS","BOSS","R","$","E","BOSS"],"items_purchased_type":["Card","Card","Relic","Relic","Relic","Card","Card","Card","Card","Potion"],"build_version":"2020-12-22","purchased_purges":2,"victory":false,"max_hp_per_floor":[75,75,75,75,75,75,75,75,75,75,75,75,75,75,75,75,75,75,80,80,80,80,82,82,82,82,84,86,86,88,88,88,90,97,99,99,99,99,99,104,85,87,87,94,96,96,96,98,98,98,98,98,98,98,100,100,100],"card_choices":[{"not_picked":["Wild Strike","Clothesline"],"picked":"True Grit","floor":1.0},{"not_picked":["Flex","Juggernaut"],"picked":"Disarm","floor":6.0},{"not_picked":["Heavy Blade","Anger","Rupture"],"picked":"SKIP","floor":8.0},{"not_picked":["Intimidate","Havoc","Bloodletting"],"picked":"SKIP","floor":10.0},{"not_picked":["Body Slam","Clash"],"picked":"Sword Boomerang","floor":11.0},{"not_picked":["Juggernaut","Feed"],"picked":"Limit Break","floor":16.0},{"not_picked":["Warcry","Body Slam","Anger+1"],"picked":"SKIP","floor":18.0},{"not_picked":["Iron Wave","Feel No Pain","Twin Strike"],"picked":"Singing Bowl","floor":23.0},{"not_picked":["Sentinel","Inflame"],"picked":"Immolate","floor":24.0},{"not_picked":["Rampage","Spot Weakness+1","Clash"],"picked":"Singing Bowl","floor":27.0},{"not_picked":["Sword Boomerang","Anger+1","Infernal Blade"],"picked":"Singing Bowl","floor":28.0},{"not_picked":["Double Tap","Wild Strike","Dark Embrace"],"picked":"Singing Bowl","floor":30.0},{"not_picked":["Demon Form","Fiend Fire","Limit Break"],"picked":"Singing Bowl","floor":33.0},{"not_picked":["Combust","Twin Strike","Body Slam"],"picked":"Singing Bowl","floor":34.0},{"not_picked":["Seeing Red","Body Slam","Dropkick"],"picked":"Singing Bowl","floor":35.0},{"not_picked":["Seeing Red","Pummel"],"picked":"Sword Boomerang+1","floor":40.0},{"not_picked":["Seeing Red","Thunderclap+1","Barricade"],"picked":"Singing Bowl","floor":42},{"not_picked":["Sword Boomerang","Carnage","Combust"],"picked":"Disarm","floor":44},{"not_picked":["Anger","Wild Strike","Searing Blow+1","Flex+1"],"picked":"Singing Bowl","floor":45},{"not_picked":["Iron Wave","Burning Pact","True Grit"],"picked":"Disarm","floor":47},{"not_picked":["Perfected Strike","Headbutt","Fiend Fire","Blood for Blood"],"picked":"Singing Bowl","floor":48},{"not_picked":["Flex+1","Armaments","Pummel","Shrug It Off"],"picked":"Singing Bowl","floor":55}],"player_experience":4459472,"relics_obtained":[{"floor":6.0,"key":"Blood Vial"},{"floor":8.0,"key":"Girya"},{"floor":9.0,"key":"Blue Candle"},{"floor":10.0,"key":"Meat on the Bone"},{"floor":23.0,"key":"Ancient Tea Set"},{"floor":24.0,"key":"Kunai"},{"floor":26.0,"key":"Self Forming Clay"},{"floor":27.0,"key":"Juzu Bracelet"},{"floor":28.0,"key":"Shuriken"},{"floor":30.0,"key":"Dream Catcher"},{"floor":40.0,"key":"CaptainsWheel"},{"floor":42,"key":"MawBank"},{"floor":43,"key":"Question Card"},{"floor":44,"key":"Strawberry"},{"floor":45,"key":"The Courier"},{"floor":47,"key":"Gremlin Horn"},{"floor":48,"key":"Lizard Tail"},{"floor":55,"key":"Art of War"}],"event_choices":[{"damage_healed":0.0,"max_hp_gain":0.0,"max_hp_loss":0.0,"gold_gain":0.0,"event_name":"Shining Light","player_choice":"Entered Light","floor":2.0,"gold_loss":0.0,"damage_taken":23.0,"cards_upgraded":["Entrench","Disarm"]},{"damage_healed":0.0,"max_hp_gain":0.0,"max_hp_loss":0.0,"gold_gain":0.0,"event_name":"Living Wall","player_choice":"Grow","floor":3.0,"gold_loss":0.0,"damage_taken":0.0,"cards_upgraded":["Inflame"]},{"damage_healed":0.0,"max_hp_gain":0.0,"max_hp_loss":0.0,"gold_gain":59.0,"event_name":"Golden Wing","player_choice":"Gained Gold","floor":4.0,"gold_loss":0.0,"damage_taken":0.0},{"damage_healed":0.0,"max_hp_gain":5.0,"max_hp_loss":0.0,"gold_gain":0.0,"event_name":"Forgotten Altar","player_choice":"Shed Blood","floor":19.0,"gold_loss":0.0,"damage_taken":26.0},{"damage_healed":0.0,"max_hp_gain":0.0,"max_hp_loss":0.0,"gold_gain":50.0,"event_name":"Nest","player_choice":"Stole From Cult","floor":20.0,"gold_loss":0.0,"damage_taken":0.0},{"damage_healed":0.0,"max_hp_gain":0.0,"max_hp_loss":0.0,"gold_gain":0.0,"event_name":"Masked Bandits","player_choice":"Paid Fearfully","floor":22.0,"gold_loss":61.0,"damage_taken":0.0},{"cards_removed":["Sword Boomerang"],"damage_healed":0.0,"max_hp_gain":0.0,"max_hp_loss":0.0,"gold_gain":0.0,"event_name":"Falling","player_choice":"Removed Attack","floor":36.0,"gold_loss":0.0,"damage_taken":0.0},{"damage_healed":0.0,"max_hp_gain":0.0,"max_hp_loss":0.0,"gold_gain":0.0,"event_name":"The Woman in Blue","player_choice":"Bought 1 Potion","floor":37.0,"gold_loss":0.0,"damage_taken":0.0},{"cards_removed":["Fire Breathing"],"damage_healed":36.0,"max_hp_gain":0.0,"max_hp_loss":0.0,"gold_gain":0.0,"event_name":"Bonfire Elementals","player_choice":"Offered Uncommon","floor":38.0,"gold_loss":0.0,"damage_taken":0.0},{"damage_healed":85.0,"max_hp_gain":0.0,"max_hp_loss":19.0,"gold_gain":0.0,"event_name":"The Moai Head","player_choice":"Heal","floor":41.0,"gold_loss":0.0,"damage_taken":0.0},{"damage_healed":0,"gold_gain":0,"player_choice":"Fight","damage_taken":0,"max_hp_gain":0,"max_hp_loss":0,"event_name":"MindBloom","floor":48,"gold_loss":0}],"is_beta":false,"boss_relics":[{"not_picked":["SacredBark","Mark of Pain"],"picked":"SlaversCollar"},{"not_picked":["Fusion Hammer","Sozu"],"picked":"Tiny House"}],"items_purged_floors":[31,54],"is_endless":false,"potions_floor_spawned":[6,10,16,24,30,40,42,45,47],"killed_by":"The Heart","ascension_level":20}}