{"host":"8d3fefv2347kqkpz","time":1612201570,"event":{"mods":["AchievementEnabler","Act Like it!","Aspiration","BaseMod","Better Vampires","Colored Map","Colored Powertips","Conspire","GifTheSpireLib","Highlight Path","Hubris","Mimic Mod","Minty Spire (QoL Compilation)","Quick Restart","Rare Cards Sparkle","Relic Stats","Replay The Spire","Spicy Shops","StSLib","The Jungle","Waifu the Spire"],"gold_per_floor":[114,114,114,10,10,45,45,63,96,109,34,34,34,53,53,151,151,170,170,170,187,205,205,205],"floor_reached":23,"language":"ZHS","playtime":716,"items_purged":["hubris:Wrath"],"score":214,"play_id":"795e065f-45cc-415a-830d-f8b057803914","local_time":"20210202014610","is_ascension_mode":false,"campfire_choices":[{"floor":7.0,"key":"REST"},{"floor":12.0,"key":"REST"},{"floor":15.0,"key":"REST"}],"circlet_count":0,"master_deck":["conspire:GhostlyStrike","conspire:GhostlyStrike","conspire:GhostlyStrike","conspire:GhostlyDefend+1","conspire:GhostlyDefend","conspire:GhostlyDefend","conspire:GhostlyDefend","Zap+1","Dualcast","Capacitor","hubris:Ukulele","hubris:DoWhile","Capacitor","hubris:Ukulele","Echo Form"],"relics":["Cracked Core","hubris:Towel","Replay:PocketPolymizer","War Paint","Centennial Puzzle","hubris:TerracottaHorce","Replay:WaspNest"],"acts_visited":["Exordium","TheCity"],"potions_floor_usage":[],"damage_taken":[{"damage":1.0,"enemies":"Jaw Worm","floor":1.0,"turns":3.0},{"damage":47.0,"enemies":"3 Sentries","floor":6.0,"turns":9.0},{"damage":2.0,"enemies":"Small Slimes","floor":8.0,"turns":3.0},{"damage":9.0,"enemies":"Cultist","floor":9.0,"turns":5.0},{"damage":9.0,"enemies":"Cultist","floor":10.0,"turns":3.0},{"damage":3.0,"enemies":"Large Slime","floor":14.0,"turns":2.0},{"damage":41.0,"enemies":"Hexaghost","floor":16.0,"turns":7.0},{"damage":16.0,"enemies":"Chosen","floor":18.0,"turns":5.0},{"damage":8,"enemies":"Shell Parasite","floor":21,"turns":4},{"damage":18,"enemies":"Chosen and Byrds","floor":22,"turns":2},{"damage":56,"enemies":"Slavers","floor":23,"turns":3}],"seed_played":"9039479564875851348","potions_obtained":[{"floor":6.0,"key":"Elixir"},{"floor":14.0,"key":"Block Potion"},{"floor":18.0,"key":"EntropicBrew"}],"is_trial":false,"path_per_floor":["M","?","?","$","?","E","R","M","MIM","M","$","R","?","M","R","B",null,"M","T","?","M","M","E"],"character_chosen":"DEFECT","items_purchased":["FairyPotion"],"campfire_rested":3,"item_purchase_floors":[4],"current_hp_per_floor":[74,74,79,79,79,32,56,54,45,36,36,60,60,57,80,39,70,54,54,54,46,28,0,0],"gold":205,"neow_bonus":"THREE_RARE_CARDS","is_daily":false,"chose_seed":false,"campfire_upgraded":0,"win_rate":0.0,"timestamp":1612201570,"path_taken":["M","?","?","$","?","E","R","M","MIM","M","$","R","?","M","R","BOSS","M","?","?","?","M","E"],"items_purchased_type":["Potion"],"build_version":"2020-12-22","purchased_purges":1,"victory":false,"max_hp_per_floor":[75,75,80,80,80,80,80,80,80,80,80,80,80,80,80,80,80,80,80,80,80,80,80,80],"relic_stats":{"Centennial Puzzle":[21],"counters":[11,46],"War Paint":["Zap","conspire:GhostlyDefend"],"obtain_stats":[{"Centennial Puzzle":9,"Replay:PocketPolymizer":6,"Replay:WaspNest":19,"hubris:Towel":5,"War Paint":9,"Cracked Core":0,"hubris:TerracottaHorce":17},{"Centennial Puzzle":4,"Replay:PocketPolymizer":2,"Replay:WaspNest":8,"hubris:Towel":1,"War Paint":4,"Cracked Core":0,"hubris:TerracottaHorce":7},{"Centennial Puzzle":20,"Replay:PocketPolymizer":12,"Replay:WaspNest":37,"hubris:Towel":3,"War Paint":20,"Cracked Core":0,"hubris:TerracottaHorce":32}]},"card_choices":[{"not_picked":["Barrage","ReplaySort"],"picked":"Capacitor","floor":1.0},{"not_picked":["Cold Snap","ReplayGash"],"picked":"hubris:Ukulele","floor":6.0},{"not_picked":["Hologram","Redo"],"picked":"hubris:DoWhile","floor":8.0},{"not_picked":["Recycle","Go for the Eyes"],"picked":"Capacitor","floor":9.0},{"not_picked":["Compile Driver","ReplayTheSpireMod:Repulse"],"picked":"hubris:Ukulele","floor":10.0},{"not_picked":["Coolheaded","Compile Driver","Undo"],"picked":"SKIP","floor":14.0},{"not_picked":["Multi-Cast","hubris:Prefetch"],"picked":"Echo Form","floor":16.0},{"not_picked":["Beam Cell","Chill","Rebound"],"picked":"SKIP","floor":18.0},{"not_picked":["Scrape+1","Gash","Redo+1"],"picked":"SKIP","floor":21},{"not_picked":["hubris:Prefetch","Heatsinks","Go for the Eyes"],"picked":"SKIP","floor":22}],"player_experience":241280,"relics_obtained":[{"floor":6.0,"key":"Replay:PocketPolymizer"},{"floor":9.0,"key":"War Paint"},{"floor":9.0,"key":"Centennial Puzzle"},{"floor":19.0,"key":"Replay:WaspNest"}],"event_choices":[{"damage_healed":0.0,"max_hp_gain":0.0,"max_hp_loss":0.0,"gold_gain":0.0,"event_name":"conspire:LoneGhost","player_choice":"Agree","floor":2.0,"gold_loss":0.0,"damage_taken":0.0},{"damage_healed":0.0,"max_hp_gain":5.0,"max_hp_loss":0.0,"gold_gain":0.0,"event_name":"Big Fish","player_choice":"Donut","floor":3.0,"gold_loss":0.0,"damage_taken":0.0},{"cards_removed":["conspire:GhostlyStrike"],"damage_healed":0.0,"max_hp_gain":0.0,"max_hp_loss":0.0,"gold_gain":0.0,"event_name":"Purifier","player_choice":"Purged","floor":13.0,"gold_loss":0.0,"damage_taken":0.0},{"damage_healed":0,"gold_gain":0,"player_choice":"Ignored","damage_taken":0,"max_hp_gain":0,"max_hp_loss":0,"event_name":"NoteForYourself","floor":20,"gold_loss":0}],"is_beta":false,"boss_relics":[{"not_picked":["Kintsugi","Philosopher\u0027s Stone"],"picked":"hubris:TerracottaHorce"}],"items_purged_floors":[11],"is_endless":false,"potions_floor_spawned":[6,14,18],"killed_by":"Slavers","ascension_level":0}}