{"host":"fuszjwm6fqgjjp4d","time":1612141049,"event":{"mods":["BaseMod","Bestiary","Colored Map","DeckTracker","Minty Spire (QoL Compilation)","Permanent Neow","Relic Sorter","Relic Stats","StSLib"],"gold_per_floor":[115,115,138,150,164,196,196,223,246,246,264,275,275,275],"floor_reached":13,"language":"ENG","playtime":426,"items_purged":[],"score":190,"play_id":"3c651bf8-cb2f-45a5-8238-9095b8081c0f","local_time":"20210131185729","is_ascension_mode":true,"campfire_choices":[{"data":"Zap","floor":7,"key":"SMITH"},{"floor":10,"key":"REST"}],"circlet_count":0,"master_deck":["AscendersBane","Strike_B","Strike_B","Strike_B","Strike_B","Defend_B","Defend_B","Defend_B","Zap+1","Dualcast","Reboot","Leap","Loop","White Noise","Echo Form","Hologram","Force Field"],"relics":["Cracked Core","Dream Catcher","Orichalcum","Meat on the Bone","Akabeko"],"acts_visited":["Exordium"],"potions_floor_usage":[6,8,8,12],"damage_taken":[{"damage":5,"enemies":"2 Louse","floor":1,"turns":2},{"damage":2,"enemies":"Jaw Worm","floor":4,"turns":4},{"damage":2,"enemies":"Cultist","floor":5,"turns":4},{"damage":12,"enemies":"Lagavulin","floor":6,"turns":8},{"damage":33,"enemies":"3 Sentries","floor":8,"turns":9},{"damage":0,"enemies":"Lots of Slimes","floor":11,"turns":5},{"damage":13,"enemies":"Exordium Thugs","floor":12,"turns":6},{"damage":51,"enemies":"Gremlin Nob","floor":13,"turns":4}],"seed_played":"-8415539147323200882","potions_obtained":[{"floor":4,"key":"SkillPotion"},{"floor":5,"key":"SkillPotion"},{"floor":6,"key":"PowerPotion"},{"floor":8,"key":"Weak Potion"}],"is_trial":false,"path_per_floor":["M","?","T","M","M","E","R","E","T","R","M","M","E"],"character_chosen":"DEFECT","items_purchased":[],"campfire_rested":1,"item_purchase_floors":[],"current_hp_per_floor":[59,52,52,50,48,36,36,3,3,24,36,35,0,0],"gold":275,"neow_bonus":"ONE_RANDOM_RARE_CARD","is_daily":false,"chose_seed":false,"campfire_upgraded":1,"win_rate":0.0,"timestamp":1612141049,"path_taken":["M","?","?","M","M","E","R","E","T","R","?","?","E"],"items_purchased_type":[],"build_version":"2020-12-22","purchased_purges":0,"victory":false,"max_hp_per_floor":[71,71,71,71,71,71,71,71,71,71,71,71,71,71],"relic_stats":{"Dream Catcher":1,"counters":[8,42],"Orichalcum":[54],"obtain_stats":[{"Dream Catcher":3,"Orichalcum":6,"Cracked Core":0,"Akabeko":9,"Meat on the Bone":8},{"Dream Catcher":1,"Orichalcum":4,"Cracked Core":0,"Akabeko":5,"Meat on the Bone":5},{"Dream Catcher":2,"Orichalcum":18,"Cracked Core":0,"Akabeko":27,"Meat on the Bone":27}],"Meat on the Bone":24},"card_choices":[{"not_picked":["Rebound","Redo"],"picked":"Leap","floor":1},{"not_picked":["Turbo","Coolheaded"],"picked":"Loop","floor":4},{"not_picked":["Sunder","Hologram"],"picked":"White Noise","floor":5},{"not_picked":["FTL","Stack"],"picked":"Echo Form","floor":6},{"not_picked":["Streamline","Reprogram","Redo"],"picked":"SKIP","floor":8},{"not_picked":["Steam","Leap"],"picked":"Hologram","floor":10},{"not_picked":["Hyperbeam","Rebound","Hologram"],"picked":"SKIP","floor":11},{"not_picked":["Go for the Eyes","Hologram"],"picked":"Force Field","floor":12}],"player_experience":1409539,"relics_obtained":[{"floor":3,"key":"Dream Catcher"},{"floor":6,"key":"Orichalcum"},{"floor":8,"key":"Meat on the Bone"},{"floor":9,"key":"Akabeko"}],"event_choices":[{"cards_removed":["Defend_B"],"damage_healed":0,"gold_gain":0,"player_choice":"Card Removal","damage_taken":7,"max_hp_gain":0,"max_hp_loss":0,"event_name":"Golden Wing","floor":2,"gold_loss":0}],"is_beta":false,"boss_relics":[],"items_purged_floors":[],"is_endless":false,"potions_floor_spawned":[4,5,6,8],"killed_by":"Gremlin Nob","ascension_level":20}}