{"host":"qcf259yvvmr1jh6w","time":1612202404,"event":{"mods":["Act Like it!","Aspiration","BaseMod","Beaked The Cultist","Better Third Choice","BetterRewards","Colored Map","Conspire","Custom Start","Downfall","Energized Spire","Hubris","Infinite Spire","Mimic Mod","Minty Spire (QoL Compilation)","Relic Sorter","Replay The Spire","Reworked Bosses","StSLib","The Construct","The Jungle"],"gold_per_floor":[99,99,13,23,23,23,61,92,92,103,203,214,214,232,249,249,249,249],"floor_reached":16,"language":"ENG","playtime":881,"items_purged":[],"score":100,"play_id":"7cfa805f-2db8-4ab4-8c52-43c71834596d","local_time":"20210201190004","is_ascension_mode":false,"campfire_choices":[{"data":"Guardian:CurlUp","floor":1,"key":"SMITH"},{"floor":6,"key":"REST"},{"data":"Guardian:RefractedBeam","floor":9,"key":"SMITH"}],"circlet_count":0,"master_deck":["Guardian:Strike_Guardian","Guardian:Strike_Guardian","Guardian:Strike_Guardian","Guardian:Defend_Guardian","Guardian:Defend_Guardian","Guardian:CurlUp+1","Guardian:TwinSlam","Guardian:GuardianWhirl","Guardian:TemporalStrike","Guardian:RefractedBeam+1","Guardian:Reroute","Guardian:Gem_Red","Guardian:TimeSifter","Guardian:ChargeCore","Guardian:BronzeArmor"],"relics":["Guardian:ModeShifter","Ancient Tea Set","Potion Belt"],"acts_visited":["Exordium"],"potions_floor_usage":[],"damage_taken":[{"damage":5,"enemies":"downfall:FleeingMerchant","floor":3,"turns":4},{"damage":7,"enemies":"conspire:RoseBush","floor":4,"turns":4},{"damage":8,"enemies":"Jaw Worm","floor":7,"turns":14},{"damage":17,"enemies":"Gremlin Nob","floor":8,"turns":6},{"damage":5,"enemies":"Jaw Worm","floor":10,"turns":2},{"damage":0,"enemies":"Small Slimes","floor":12,"turns":4},{"damage":7,"enemies":"3 Louse","floor":14,"turns":4},{"damage":11,"enemies":"2 Fungi Beasts","floor":15,"turns":3},{"damage":36,"enemies":"IC_STATUS_ARCHETYPE","floor":16,"turns":10}],"seed_played":"8043186745775158458","potions_obtained":[{"floor":4,"key":"Guardian:AcceleratePotion"},{"floor":8,"key":"EssenceOfSteel"},{"floor":12,"key":"Energy Potion"}],"is_trial":false,"path_per_floor":["R","?","$","M","?","R","MIM","E","R","M","?","M","?","M","M","B"],"character_chosen":"GUARDIAN","items_purchased":["Guardian:Gem_White"],"campfire_rested":1,"item_purchase_floors":[3],"current_hp_per_floor":[80,80,75,68,68,80,72,55,55,50,50,50,50,43,32,0,0,0],"gold":249,"neow_bonus":"REMOVE_CARD","is_daily":false,"chose_seed":false,"campfire_upgraded":2,"win_rate":0.0,"timestamp":1612202404,"path_taken":["R","?","?","M","?","R","MIM","E","R","M","?","M","?","?","M","BOSS"],"items_purchased_type":["Card"],"build_version":"2020-12-22","purchased_purges":0,"victory":false,"max_hp_per_floor":[80,80,80,80,80,80,80,80,80,80,80,80,80,80,80,80,80,80],"card_choices":[{"not_picked":["Guardian:VentSteam","Guardian:PrimingBeam"],"picked":"Guardian:GuardianWhirl","floor":3},{"not_picked":["Guardian:PiercingHide","Guardian:PrimingBeam"],"picked":"Guardian:TemporalStrike","floor":4},{"not_picked":["Guardian:CrystalBeam","Guardian:VentSteam"],"picked":"Guardian:Gem_Cyan","floor":7},{"not_picked":["Guardian:RollAttack","Guardian:ShieldCharger"],"picked":"Guardian:RefractedBeam","floor":8},{"not_picked":["Guardian:RefractedBeam","Guardian:Gem_Synthetic"],"picked":"Guardian:Reroute","floor":10},{"not_picked":["Guardian:Reroute","Guardian:Gem_Yellow"],"picked":"Guardian:Gem_Red","floor":12},{"not_picked":["Guardian:FloatingOrbs","Guardian:Gem_Cyan"],"picked":"Guardian:ChargeCore","floor":14},{"not_picked":["Guardian:TemporalShield","Guardian:VentSteam"],"picked":"Guardian:BronzeArmor","floor":15}],"player_experience":144275,"relics_obtained":[{"floor":7,"key":"Ancient Tea Set"},{"floor":8,"key":"Potion Belt"}],"event_choices":[{"cards_removed":["Guardian:PrismaticBeam"],"damage_healed":0,"gold_gain":0,"player_choice":"Offered Uncommon","damage_taken":0,"max_hp_gain":0,"max_hp_loss":0,"event_name":"Bonfire Elementals","floor":2,"gold_loss":0}],"is_beta":false,"boss_relics":[],"items_purged_floors":[],"is_endless":false,"potions_floor_spawned":[4,8,12],"killed_by":"IC_STATUS_ARCHETYPE","ascension_level":0}}