{"host":"0068lo8nqxkxlxxx","time":1612153618,"event":{"mods":["2.2 Compatiblity","AchievementEnabler","Act Like it!","Aspiration","BaseMod","Better Altar","Better Match","Better Note","Better Sensory Stone","Better Skull","Better Third Choice","BetterRewards","Colored Map","Elementarium","Energized Spire","Fox Events","Friendly Minions","GifTheSpireLib","Halation","Hubris","Infinite Spire","Jedi Mod","Minty Spire (QoL Compilation)","Pale of the Ancients","Potionbrewer","Replay The Spire","Shop Mod","Somnambulant","Spikes Relics","StSLib","Stuff the Spire","The Disciple","The Jungle","The Marked","The Sage","Trackpad"],"gold_per_floor":[109,126,126,51,51,51,77,10,83,96,107,107,123,114,114,114,114,114,114,114,114],"floor_reached":20,"language":"ENG","playtime":1638,"items_purged":["Defend_Br","Strike_Br"],"score":172,"play_id":"28c09242-6c21-4cb5-85f3-4177d3258d1c","local_time":"20210131232658","is_ascension_mode":false,"campfire_choices":[{"data":"LockedWarPaint","floor":6,"key":"SMITH"},{"floor":12,"key":"REST"},{"floor":15,"key":"REST"}],"circlet_count":0,"master_deck":["Strike_Br","Strike_Br","Defend_Br","SecondHand","PatternShift","WindUp","LockedWarPaint+1","LockedAnchor","LockedOrichalcum","LockedMedicine","LockedBlood","WatchCommand","WindUp","LockedLightning","Echoward+1"],"relics":["Chronometer","hubris:Icosahedron","halation:EternalFortune","ReplayTheSpireMod:Lightbulb","hubris:Reverence","jedi:ominousloannote","MerchantsRug","Empty Cage"],"acts_visited":["Exordium","TheCity"],"potions_floor_usage":[7,10,13,16,16,16],"damage_taken":[{"damage":8,"enemies":"Cultist","floor":1,"turns":5},{"damage":3,"enemies":"Small Slimes","floor":2,"turns":3},{"damage":2,"enemies":"Replay:BlueRogue","floor":7,"turns":9},{"damage":2,"enemies":"Jaw Worm","floor":10,"turns":5},{"damage":3,"enemies":"Blue Slaver","floor":11,"turns":6},{"damage":19,"enemies":"3 Louse","floor":13,"turns":3},{"damage":40,"enemies":"Fading Forest","floor":16,"turns":11},{"damage":27,"enemies":"Spheric Guardian","floor":18,"turns":17},{"damage":16,"enemies":"Chosen","floor":20,"turns":8}],"seed_played":"-6172163763852887534","potions_obtained":[{"floor":7,"key":"potionbrewer:SplittingPotion"},{"floor":10,"key":"potionbrewer:BarricadePotion"},{"floor":11,"key":"Elixir"},{"floor":13,"key":"Fire Potion"}],"is_trial":false,"path_per_floor":["M","M","?","$","?","R","E","$","T","M","M","R","M","$","R","B",null,"M","?","M"],"character_chosen":"CHRONO_CLASS","items_purchased":["LockedOrichalcum","jedi:ominousloannote","MerchantsRug","WatchCommand","WindUp"],"campfire_rested":2,"item_purchase_floors":[8,14,14,14,14],"current_hp_per_floor":[63,60,60,60,63,63,61,61,61,59,56,74,59,59,74,34,74,53,53,43,43],"gold":114,"neow_bonus":"TEN_PERCENT_HP_BONUS","is_daily":false,"chose_seed":false,"campfire_upgraded":1,"win_rate":0.0,"timestamp":1612153618,"path_taken":["M","?","?","$","?","R","E","?","T","M","?","R","?","$","R","BOSS","M","?","M"],"items_purchased_type":["Card","Relic","Relic","Card","Card"],"build_version":"2020-12-22","purchased_purges":2,"victory":false,"max_hp_per_floor":[71,71,71,71,74,74,74,74,74,74,74,74,74,74,74,74,74,74,74,74,74],"card_choices":[{"not_picked":["HandsUpC","Engulf"],"picked":"WindUp","floor":1},{"not_picked":["Tempo","BeatsPerMinute"],"picked":"LockedWarPaint","floor":2},{"not_picked":["CrunchTime","Flay"],"picked":"LockedAnchor","floor":7},{"not_picked":["LockedScales","Backlash"],"picked":"LockedMedicine","floor":10},{"not_picked":["HandsUpC","LockedMedicine"],"picked":"LockedBlood","floor":11},{"not_picked":["LockedUrn","FormalWear","ShortSighted"],"picked":"SKIP","floor":13},{"not_picked":["Chronoelasticity","OldTimer"],"picked":"LockedLightning","floor":16},{"not_picked":["WindUp","Parity"],"picked":"Echoward+1","floor":18}],"player_experience":93786,"relics_obtained":[{"floor":7,"key":"ReplayTheSpireMod:Lightbulb"},{"floor":9,"key":"hubris:Reverence"}],"event_choices":[{"cards_removed":["Defend_Br"],"damage_healed":0,"gold_gain":0,"player_choice":"Purged","damage_taken":0,"max_hp_gain":0,"max_hp_loss":0,"event_name":"Purifier","floor":19,"gold_loss":0}],"is_beta":false,"boss_relics":[{"not_picked":["halation:CatFaceCupcake","halation:Yufonium"],"picked":"Empty Cage"}],"items_purged_floors":[4,14],"is_endless":false,"potions_floor_spawned":[7,10,11,13],"killed_by":"Chosen","ascension_level":0}}