{"host":"2q4w55ev63ot6isg","time":1612167532,"event":{"mods":["Aspiration","BaseMod","Downfall","Hubris","Marisa????????","Minty Spire (QoL Compilation)","Replay The Spire","StSLib","The Cursed","The Jungle","The Servant 0.9.4"],"gold_per_floor":[214,231,231,242,65,65,95,195,221,236,236,271,271,286,286,391,391,410,510,522,535,81,108,108,127,173,206,226,226,253,253,253,358,358,376,393,448,408,408,408,420,434,459,459,459,73,73,85,85,85],"floor_reached":51,"language":"ENG","playtime":2556,"items_purged":["hubris:Lust"],"score":892,"play_id":"dbc94ce6-6cdb-48ba-b4c9-140950c707f4","local_time":"20210201001852","is_ascension_mode":true,"campfire_choices":[{"data":"Bash","floor":6.0,"key":"SMITH"},{"data":"Pommel Strike","floor":11.0,"key":"SMITH"},{"data":"Double Tap","floor":13.0,"key":"SMITH"},{"data":"Shrug It Off","floor":15.0,"key":"SMITH"},{"data":"Carnage","floor":24.0,"key":"SMITH"},{"data":"Eclipse","floor":29.0,"key":"SMITH"},{"data":"ReplayTheSpireMod:Strike From Hell","floor":29.0,"key":"SMITH"},{"data":"Double Tap","floor":40.0,"key":"SMITH"},{"data":"Metallicize","floor":40.0,"key":"SMITH"},{"data":"Reaper","floor":44,"key":"SMITH"},{"data":"ReplayTheSpireMod:Limb From Limb","floor":44,"key":"SMITH"},{"data":"Abandon","floor":47,"key":"SMITH"},{"data":"Replay:Many Hands","floor":47,"key":"SMITH"}],"circlet_count":0,"master_deck":["Bash+1","ReplayTheSpireMod:Strike From Hell+1","Pommel Strike+1","Warcry+1","Shrug It Off+1","Power Through+1","Double Tap+1","Demon Form+1","Armaments+1","Cleave+1","Carnage+1","Carnage+1","Iron Wave+1","Eclipse+1","Metallicize","Demon Form+1","Double Tap+1","Iron Wave","Reaper+1","Anger","Replay:Many Hands+1","Entrench","Metallicize+1","Abandon+1","Cleave+1","ReplayTheSpireMod:Limb From Limb+1","Metallicize+1","Clothesline+1","Eclipse+1","Metallicize+1","hubris:Sloth","hubris:StunningStrike","ReplayTheSpireMod:Splinters"],"relics":["Burning Blood","ReplayTheSpireMod:Ring of Collecting","Ring of Searing","ReplayTheSpireMod:CursedCoin","Matryoshka","HornCleat","aspiration:Lifesprig","Orichalcum","War Paint","Snecko Eye","aspiration:DSix","Guide Book","hubris:FunFungus","aspiration:FetidBarrel","Replay:Arrowhead","hubris:MysteriousPyramids","Ornamental Fan","Red Mask","Pandora\u0027s Box","Pondfish Scales","Frozen Egg 2","Onion Ring","ReplayTheSpireMod:Ring of Exchange","hubris:Teleporter","Shuriken","DollysMirror","downfall:ExtraCursedKey"],"acts_visited":["Exordium","TheCity","TheBeyond"],"potions_floor_usage":[50,50],"damage_taken":[{"damage":7.0,"enemies":"Jaw Worm","floor":1.0,"turns":3.0},{"damage":1.0,"enemies":"Cultist","floor":2.0,"turns":3.0},{"damage":20.0,"enemies":"Small Slimes","floor":4.0,"turns":3.0},{"damage":15.0,"enemies":"3 Sentries","floor":7.0,"turns":6.0},{"damage":8.0,"enemies":"Red Slaver","floor":10.0,"turns":3.0},{"damage":2.0,"enemies":"Gremlin Nob","floor":12.0,"turns":3.0},{"damage":0.0,"enemies":"2 Fungi Beasts","floor":14.0,"turns":3.0},{"damage":6.0,"enemies":"Fading Forest","floor":16.0,"turns":11.0},{"damage":16.0,"enemies":"2 Thieves","floor":18.0,"turns":3.0},{"damage":12.0,"enemies":"3 Byrds","floor":20.0,"turns":5.0},{"damage":5.0,"enemies":"3 Cultists","floor":21.0,"turns":4.0},{"damage":26.0,"enemies":"Replay:Snechameleon","floor":23.0,"turns":6.0},{"damage":2.0,"enemies":"Snecko","floor":25.0,"turns":4.0},{"damage":2.0,"enemies":"Slavers","floor":27.0,"turns":4.0},{"damage":16.0,"enemies":"Snake Plant","floor":28.0,"turns":2.0},{"damage":0.0,"enemies":"Masked Bandits","floor":30.0,"turns":2.0},{"damage":24.0,"enemies":"Pondfish","floor":33.0,"turns":5.0},{"damage":19.0,"enemies":"3 Darklings","floor":35.0,"turns":3.0},{"damage":10.0,"enemies":"Orb Walker","floor":36.0,"turns":3.0},{"damage":10.0,"enemies":"2 Orb Walkers","floor":37.0,"turns":3.0},{"damage":10.0,"enemies":"Spire Growth","floor":41.0,"turns":3.0},{"damage":10,"enemies":"4 Shapes","floor":42,"turns":3},{"damage":12,"enemies":"3 Darklings","floor":48,"turns":3},{"damage":39,"enemies":"Time Eater","floor":50,"turns":5}],"seed_played":"5087824510527607450","potions_obtained":[{"floor":1.0,"key":"Fire Potion"},{"floor":2.0,"key":"Strength Potion"},{"floor":7.0,"key":"Elixir"},{"floor":10.0,"key":"SkillPotion"},{"floor":20.0,"key":"Explosive Potion"},{"floor":21.0,"key":"Explosive Potion"},{"floor":25.0,"key":"Fruit Juice"},{"floor":27.0,"key":"Swift Potion"},{"floor":35.0,"key":"FearPotion"},{"floor":36.0,"key":"BlessingOfTheForge"}],"is_trial":false,"path_per_floor":["M","M","?","M","$","R","E","?","T","M","R","E","R","M","R","B",null,"M","?","M","M","$","E","R","M","T","E","M","R","?","?","R","B",null,"M","M","?","?","$","R","M","M","T","R","T","$","R","M","R","B",null],"character_chosen":"IRONCLAD","items_purchased":["ReplayTheSpireMod:CursedCoin","Matryoshka","aspiration:DSix","Guide Book","Shuriken","DollysMirror"],"campfire_rested":0,"item_purchase_floors":[5,5,22,22,46,46],"current_hp_per_floor":[79,80,80,66,66,66,57,57,57,55,55,59,59,65,65,65,80,70,70,64,65,65,45,45,54,54,59,49,49,56,65,65,47,85,73,69,75,75,75,75,71,70,70,70,70,70,70,80,85,79],"gold":85,"neow_bonus":"HUNDRED_GOLD","is_daily":false,"chose_seed":false,"campfire_upgraded":13,"win_rate":0.0,"timestamp":1612167532,"path_taken":["M","M","?","M","$","R","E","?","T","?","R","E","R","M","R","BOSS","M","?","?","M","$","E","R","M","T","E","M","R","?","?","R","BOSS","M","M","?","?","$","R","?","M","T","R","?","$","R","M","R","BOSS"],"items_purchased_type":["Relic","Relic","Relic","Relic","Relic","Relic"],"build_version":"2020-12-22","purchased_purges":1,"victory":true,"max_hp_per_floor":[80,80,80,80,80,80,80,80,80,80,80,80,80,80,80,80,80,80,80,80,80,80,80,80,85,85,85,85,85,85,85,85,85,85,85,85,85,85,85,85,85,85,85,85,85,85,85,85,90,90],"card_choices":[{"not_picked":["Power Through","Defy Death"],"picked":"ReplayTheSpireMod:Strike From Hell","floor":1.0},{"not_picked":["Clothesline","True Grit"],"picked":"Pommel Strike","floor":2.0},{"not_picked":["Run Through","Defy Death"],"picked":"Warcry","floor":4.0},{"not_picked":["hubris:SharpeningStone","Rampage"],"picked":"Shrug It Off","floor":7.0},{"not_picked":["Warcry","Twin Strike"],"picked":"Power Through","floor":10.0},{"not_picked":["Shockwave","Anger"],"picked":"Double Tap","floor":12.0},{"not_picked":["Clash","Defy Death","Dual Wield"],"picked":"SKIP","floor":14.0},{"not_picked":["Bludgeon","Replay:Many Hands"],"picked":"Demon Form","floor":16.0},{"not_picked":["Abandon","Sentinel+1"],"picked":"Armaments+1","floor":18.0},{"not_picked":["Sword Boomerang","Anger"],"picked":"Cleave+1","floor":20.0},{"not_picked":["ReplayTheSpireMod:Strike From Hell","hubris:ReadiedAction","Wild Strike"],"picked":"SKIP","floor":21.0},{"not_picked":["Anger","Twin Strike+1"],"picked":"Carnage","floor":23.0},{"not_picked":["Twin Strike+1","Clash"],"picked":"Carnage+1","floor":25.0},{"not_picked":["Body Slam","Dark Embrace"],"picked":"Iron Wave+1","floor":27.0},{"not_picked":["Heavy Blade","Sword Boomerang"],"picked":"Eclipse","floor":28.0},{"not_picked":["Thunderclap","Disarm"],"picked":"Metallicize","floor":30.0},{"not_picked":["Feed","Berserk"],"picked":"Demon Form","floor":33.0},{"not_picked":["Anger+1","Entrench+1"],"picked":"Cleave+1","floor":35.0},{"not_picked":["Cleave","hubris:CleavingFinish+1"],"picked":"ReplayTheSpireMod:Limb From Limb","floor":36.0},{"not_picked":["Shrug It Off+1","hubris:ReadiedAction+1"],"picked":"Metallicize","floor":37.0},{"not_picked":["Replay:Undeath\u0027s Touch+1","True Grit"],"picked":"Clothesline+1","floor":41},{"not_picked":["Flex","Anger+1","Brutality"],"picked":"SKIP","floor":42},{"not_picked":["Cleave+1","Life Link+1"],"picked":"Metallicize+1","floor":48}],"player_experience":188755,"relics_obtained":[{"floor":3.0,"key":"ReplayTheSpireMod:Ring of Collecting"},{"floor":3.0,"key":"Ring of Searing"},{"floor":7.0,"key":"HornCleat"},{"floor":9.0,"key":"aspiration:Lifesprig"},{"floor":9.0,"key":"Orichalcum"},{"floor":12.0,"key":"War Paint"},{"floor":23.0,"key":"hubris:FunFungus"},{"floor":26.0,"key":"aspiration:FetidBarrel"},{"floor":26.0,"key":"Replay:Arrowhead"},{"floor":26.0,"key":"hubris:MysteriousPyramids"},{"floor":27.0,"key":"Ornamental Fan"},{"floor":30.0,"key":"Red Mask"},{"floor":37.0,"key":"Pondfish Scales"},{"floor":43,"key":"Frozen Egg 2"},{"floor":43,"key":"Onion Ring"},{"floor":45,"key":"ReplayTheSpireMod:Ring of Exchange"},{"floor":45,"key":"hubris:Teleporter"}],"event_choices":[{"damage_healed":0.0,"max_hp_gain":0.0,"max_hp_loss":0.0,"gold_gain":100.0,"event_name":"Golden Shrine","player_choice":"Pray","floor":8.0,"gold_loss":0.0,"damage_taken":0.0},{"damage_healed":0.0,"max_hp_gain":0.0,"max_hp_loss":0.0,"gold_gain":100.0,"event_name":"Golden Shrine","player_choice":"Pray","floor":19.0,"gold_loss":0.0,"damage_taken":0.0},{"damage_healed":0.0,"max_hp_gain":0.0,"max_hp_loss":0.0,"gold_gain":0.0,"event_name":"Masked Bandits","player_choice":"Fought Bandits","floor":30.0,"gold_loss":0.0,"damage_taken":0.0},{"cards_removed":["Strike_R"],"damage_healed":0.0,"max_hp_gain":0.0,"max_hp_loss":0.0,"gold_gain":0.0,"event_name":"Wheel of Change","player_choice":"Card Removal","floor":32.0,"gold_loss":0.0,"damage_taken":0.0},{"damage_healed":0.0,"max_hp_gain":0.0,"max_hp_loss":0.0,"gold_gain":0.0,"event_name":"Mysterious Sphere","player_choice":"Fight","floor":37.0,"gold_loss":0.0,"damage_taken":0.0},{"damage_healed":0.0,"max_hp_gain":0.0,"max_hp_loss":0.0,"gold_gain":0.0,"event_name":"Designer","player_choice":"Upgraded Two","floor":38.0,"gold_loss":40.0,"damage_taken":0.0,"cards_upgraded":["Metallicize","Demon Form"]}],"is_beta":false,"boss_relics":[{"not_picked":["Kintsugi","hubris:BlackHole"],"picked":"Snecko Eye"},{"not_picked":["Mark of Pain","aspiration:DefectSkillbook"],"picked":"Pandora\u0027s Box"}],"items_purged_floors":[5],"is_endless":false,"potions_floor_spawned":[1,2,7,10,20,21,25,27,35,36,42],"ascension_level":3}}