{"host":"4par9lyhj7bf4dsa","time":1612179230,"event":{"mods":["AchievementEnabler","BaseMod","Colored Map","Minty Spire (QoL Compilation)","Relic Stats","StSLib"],"gold_per_floor":[119,130,95,106,106,106,133,133,156,174,192,205,215,242,242,320,320,331,77,116,16,67,120,134,185,185,185,241,286,322,357,357,433,433,448,160,179,179,192,246,246,301,326,353,393,407,439,453,453,473,473],"floor_reached":50,"language":"ENG","playtime":4215,"items_purged":["Strike_B","Strike_B","Strike_B"],"score":1332,"play_id":"ca2b5172-274b-42a9-af4c-4f33bc781ec4","local_time":"20210201223350","is_ascension_mode":true,"campfire_choices":[{"data":"Undo","floor":6.0,"key":"SMITH"},{"data":"Zap","floor":8.0,"key":"SMITH"},{"floor":15.0,"key":"REST"},{"data":"Biased Cognition","floor":27,"key":"SMITH"},{"data":"Echo Form","floor":32,"key":"SMITH"},{"data":"Lockon","floor":41,"key":"SMITH"},{"floor":49,"key":"RECALL"}],"circlet_count":0,"master_deck":["AscendersBane","Defend_B","Defend_B","Defend_B","Defend_B","Zap+1","Dualcast","Ball Lightning+1","Undo+1","Echo Form+1","Cold Snap+1","Self Repair","Chill","Biased Cognition+1","HandOfGreed","Core Surge+1","Biased Cognition","Lockon+1","Glacier","Storm+1","Coolheaded+1","Loop+1","Multi-Cast+1","Capacitor"],"relics":["Runic Dome","Centennial Puzzle","Symbiotic Virus","Snecko Eye","Red Mask","Letter Opener","Torii","Eternal Feather","Nunchaku","SacredBark","Medical Kit","Boot","Whetstone","MealTicket","Toxic Egg 2","Omamori"],"acts_visited":["Exordium","TheCity","TheBeyond"],"potions_floor_usage":[25,33,44,48],"damage_taken":[{"damage":4.0,"enemies":"2 Louse","floor":1.0,"turns":3.0},{"damage":11.0,"enemies":"Small Slimes","floor":2.0,"turns":4.0},{"damage":0.0,"enemies":"Cultist","floor":4.0,"turns":3.0},{"damage":14.0,"enemies":"3 Sentries","floor":7.0,"turns":7.0},{"damage":0.0,"enemies":"Lots of Slimes","floor":10.0,"turns":2.0},{"damage":9.0,"enemies":"Looter","floor":11.0,"turns":3.0},{"damage":9.0,"enemies":"Exordium Wildlife","floor":12.0,"turns":4.0},{"damage":23.0,"enemies":"Gremlin Gang","floor":13.0,"turns":5.0},{"damage":14.0,"enemies":"Gremlin Nob","floor":14.0,"turns":3.0},{"damage":13.0,"enemies":"Hexaghost","floor":16.0,"turns":9.0},{"damage":6,"enemies":"Shell Parasite","floor":18,"turns":5},{"damage":0,"enemies":"2 Thieves","floor":20,"turns":4},{"damage":15,"enemies":"Masked Bandits","floor":22,"turns":6},{"damage":7,"enemies":"Slavers","floor":23,"turns":5},{"damage":0,"enemies":"Sentry and Sphere","floor":24,"turns":4},{"damage":5,"enemies":"Book of Stabbing","floor":25,"turns":5},{"damage":15,"enemies":"Cultist and Chosen","floor":28,"turns":7},{"damage":32,"enemies":"Gremlin Leader","floor":29,"turns":5},{"damage":1,"enemies":"Chosen and Byrds","floor":30,"turns":7},{"damage":0,"enemies":"Snecko","floor":31,"turns":6},{"damage":1,"enemies":"Champ","floor":33,"turns":16},{"damage":19,"enemies":"3 Darklings","floor":35,"turns":7},{"damage":0,"enemies":"3 Shapes","floor":37,"turns":5},{"damage":1,"enemies":"Spire Growth","floor":39,"turns":6},{"damage":42,"enemies":"Giant Head","floor":40,"turns":12},{"damage":26,"enemies":"Nemesis","floor":42,"turns":9},{"damage":9,"enemies":"Giant Head","floor":44,"turns":7},{"damage":23,"enemies":"4 Shapes","floor":45,"turns":4},{"damage":1,"enemies":"3 Darklings","floor":46,"turns":5},{"damage":0,"enemies":"Nemesis","floor":47,"turns":9},{"damage":16,"enemies":"Maw","floor":48,"turns":8},{"damage":77,"enemies":"Awakened One","floor":50,"turns":11}],"seed_played":"-3813433155150070929","potions_obtained":[{"floor":2.0,"key":"SkillPotion"},{"floor":4.0,"key":"Explosive Potion"},{"floor":11.0,"key":"SkillPotion"},{"floor":13.0,"key":"ColorlessPotion"},{"floor":14.0,"key":"Explosive Potion"},{"floor":18,"key":"CultistPotion"},{"floor":24,"key":"ColorlessPotion"},{"floor":25,"key":"PotionOfCapacity"},{"floor":31,"key":"Weak Potion"},{"floor":33,"key":"Ancient Potion"},{"floor":40,"key":"Ancient Potion"},{"floor":47,"key":"BlessingOfTheForge"}],"is_trial":false,"path_per_floor":["M","M","?","M","?","R","E","R","T","M","M","M","M","E","R","B",null,"M","$","M","$","?","E","M","E","T","R","M","E","M","M","R","B",null,"M","$","M","?","M","E","R","E","T","E","M","M","E","M","R","B"],"character_chosen":"DEFECT","items_purchased":["HandOfGreed","Medical Kit"],"campfire_rested":1,"item_purchase_floors":[19,36],"current_hp_per_floor":[60,49,66,66,66,66,52,52,52,52,43,34,18,4,25,19,58,59,59,66,66,58,58,65,67,67,71,63,38,44,51,63,71,71,59,59,71,71,71,36,48,36,36,41,32,45,59,63,71,0,0],"gold":473,"neow_bonus":"BOSS_RELIC","is_daily":false,"chose_seed":false,"campfire_upgraded":5,"win_rate":0.0,"timestamp":1612179230,"path_taken":["M","M","?","M","?","R","E","R","T","M","M","?","M","E","R","BOSS","M","?","M","$","?","E","M","E","T","R","?","E","?","M","R","BOSS","M","$","M","?","M","E","R","E","T","E","M","M","E","M","R","BOSS"],"items_purchased_type":["Card","Relic"],"build_version":"2020-12-22","purchased_purges":3,"victory":false,"max_hp_per_floor":[71,71,71,71,71,71,71,71,71,71,71,71,71,71,71,71,71,71,71,71,71,71,71,71,71,71,71,71,71,71,71,71,71,71,71,71,71,71,71,71,71,71,71,71,71,71,71,71,71,71,71],"relic_stats":{"Centennial Puzzle":[66],"Nunchaku":[14],"Torii":24,"counters":[32,196],"Snecko Eye":[247,255,238,262],"Eternal Feather":36,"MealTicket":0,"Letter Opener":[233],"Whetstone":["Core Surge","Cold Snap"],"Medical Kit":[24],"Boot":[24],"obtain_stats":[{"Torii":25,"SacredBark":34,"Eternal Feather":26,"Omamori":47,"Letter Opener":23,"Whetstone":42,"Medical Kit":36,"Boot":40,"Runic Dome":0,"Centennial Puzzle":7,"Nunchaku":29,"Snecko Eye":17,"MealTicket":43,"Red Mask":22,"Toxic Egg 2":44,"Cracked Core":0,"Symbiotic Virus":14},{"Torii":16,"SacredBark":21,"Eternal Feather":16,"Omamori":30,"Letter Opener":14,"Whetstone":26,"Medical Kit":22,"Boot":25,"Runic Dome":0,"Centennial Puzzle":4,"Nunchaku":18,"Snecko Eye":10,"MealTicket":26,"Red Mask":13,"Toxic Egg 2":27,"Cracked Core":0,"Symbiotic Virus":9},{"Torii":72,"SacredBark":113,"Eternal Feather":72,"Omamori":177,"Letter Opener":63,"Whetstone":152,"Medical Kit":120,"Boot":143,"Runic Dome":0,"Centennial Puzzle":17,"Nunchaku":84,"Snecko Eye":43,"MealTicket":152,"Red Mask":58,"Toxic Egg 2":159,"Cracked Core":0,"Symbiotic Virus":34}]},"card_choices":[{"not_picked":["Sunder","Undo"],"picked":"Ball Lightning","floor":1.0},{"not_picked":["Stack","Aggregate"],"picked":"Undo","floor":2.0},{"not_picked":["Stack","Turbo","Conserve Battery"],"picked":"SKIP","floor":4.0},{"not_picked":["Rebound","Fusion"],"picked":"Echo Form","floor":7.0},{"not_picked":["Sweeping Beam","Rebound"],"picked":"Cold Snap","floor":10.0},{"not_picked":["Compile Driver","Melter","Conserve Battery"],"picked":"SKIP","floor":11.0},{"not_picked":["Stack","Turbo"],"picked":"Self Repair","floor":12.0},{"not_picked":["Buffer","Streamline","Sunder"],"picked":"SKIP","floor":13.0},{"not_picked":["Hologram","Beam Cell"],"picked":"Chill","floor":14.0},{"not_picked":["Core Surge","All For One"],"picked":"Biased Cognition","floor":16.0},{"not_picked":["Leap","Turbo","Ball Lightning"],"picked":"SKIP","floor":18},{"not_picked":["Go for the Eyes","Stack","Compile Driver"],"picked":"SKIP","floor":20},{"not_picked":["Reinforced Body","Steam Power"],"picked":"Core Surge","floor":23},{"not_picked":["Beam Cell+1","Conserve Battery","Heatsinks"],"picked":"SKIP","floor":24},{"not_picked":["Beam Cell+1","Conserve Battery","Heatsinks"],"picked":"SKIP","floor":24},{"not_picked":["Coolheaded","Ball Lightning","Sweeping Beam"],"picked":"SKIP","floor":25},{"not_picked":["Hologram","Sweeping Beam","Go for the Eyes"],"picked":"SKIP","floor":28},{"not_picked":["Ball Lightning","Aggregate","Gash"],"picked":"SKIP","floor":29},{"not_picked":["Steam Power","Go for the Eyes"],"picked":"Biased Cognition","floor":30},{"not_picked":["Steam","Rebound"],"picked":"Lockon","floor":31},{"not_picked":["Compile Driver+1","Turbo"],"picked":"Glacier","floor":35},{"not_picked":["Sunder+1","Cold Snap"],"picked":"Storm+1","floor":37},{"not_picked":["Self Repair","Ball Lightning"],"picked":"Coolheaded+1","floor":39},{"not_picked":["Coolheaded","Melter","Go for the Eyes"],"picked":"SKIP","floor":40},{"not_picked":["Beam Cell+1","Stack"],"picked":"Loop+1","floor":42},{"not_picked":["Turbo+1","Melter"],"picked":"Multi-Cast+1","floor":44},{"not_picked":["Ball Lightning","Melter","Tempest+1"],"picked":"SKIP","floor":45},{"not_picked":["FTL","Coolheaded+1"],"picked":"Capacitor","floor":46},{"not_picked":["Leap+1","Skim+1","Barrage"],"picked":"SKIP","floor":47},{"not_picked":["Self Repair","Consume+1","Leap+1"],"picked":"SKIP","floor":48}],"player_experience":906621,"relics_obtained":[{"floor":7.0,"key":"Centennial Puzzle"},{"floor":14.0,"key":"Symbiotic Virus"},{"floor":22,"key":"Red Mask"},{"floor":23,"key":"Letter Opener"},{"floor":25,"key":"Torii"},{"floor":26,"key":"Eternal Feather"},{"floor":29,"key":"Nunchaku"},{"floor":40,"key":"Boot"},{"floor":42,"key":"Whetstone"},{"floor":43,"key":"MealTicket"},{"floor":44,"key":"Toxic Egg 2"},{"floor":47,"key":"Omamori"}],"event_choices":[{"damage_healed":17.0,"max_hp_gain":0.0,"max_hp_loss":0.0,"gold_gain":0.0,"event_name":"The Cleric","player_choice":"Healed","floor":3.0,"gold_loss":35.0,"damage_taken":0.0},{"damage_healed":0.0,"max_hp_gain":0.0,"max_hp_loss":0.0,"gold_gain":0.0,"event_name":"Upgrade Shrine","player_choice":"Upgraded","floor":5.0,"gold_loss":0.0,"damage_taken":0.0,"cards_upgraded":["Ball Lightning"]},{"damage_healed":0,"gold_gain":0,"player_choice":"Fought Bandits","damage_taken":0,"max_hp_gain":0,"max_hp_loss":0,"event_name":"Masked Bandits","floor":22,"gold_loss":0},{"cards_removed":["Strike_B"],"damage_healed":0,"gold_gain":0,"player_choice":"Offered Basic","damage_taken":0,"max_hp_gain":0,"max_hp_loss":0,"event_name":"Bonfire Elementals","floor":38,"gold_loss":0}],"is_beta":false,"boss_relics":[{"not_picked":["Philosopher\u0027s Stone","Velvet Choker"],"picked":"Snecko Eye"},{"not_picked":["Fusion Hammer","Busted Crown"],"picked":"SacredBark"}],"items_purged_floors":[19,21,36],"is_endless":false,"potions_floor_spawned":[2,4,11,13,14,18,24,25,31,33,39,40,42,47],"killed_by":"Awakened One","ascension_level":18}}