{"host":"nx6t4q2fc0vdue7l","time":1612194034,"event":{"mods":["2.2 Compatiblity","BaseMod","Minty Spire (QoL Compilation)"],"gold_per_floor":[111,111,111,70,87,117,136,165,165,180,191,218,228,228,228],"floor_reached":14,"language":"ENG","playtime":347,"items_purged":[],"score":133,"play_id":"dbd77d54-41fb-4748-a704-552f3e376c12","local_time":"20210201164034","is_ascension_mode":true,"campfire_choices":[],"circlet_count":0,"master_deck":["Strike_B","Strike_B","Strike_B","Strike_B","Defend_B","Defend_B","Defend_B","Defend_B","Zap+1","Dualcast","Redo+1","Loop","Ball Lightning","Loop","Ball Lightning","Gash","Consume","Echo Form"],"relics":["Cracked Core","NeowsBlessing","Shuriken","Anchor","Odd Mushroom","Centennial Puzzle","War Paint"],"acts_visited":["Exordium"],"potions_floor_usage":[10,12,12,14],"damage_taken":[{"damage":0,"enemies":"Small Slimes","floor":1,"turns":1},{"damage":0,"enemies":"2 Louse","floor":5,"turns":1},{"damage":0,"enemies":"3 Sentries","floor":6,"turns":1},{"damage":6,"enemies":"Cultist","floor":7,"turns":3},{"damage":34,"enemies":"The Mushroom Lair","floor":8,"turns":4},{"damage":2,"enemies":"Blue Slaver","floor":10,"turns":3},{"damage":0,"enemies":"2 Fungi Beasts","floor":11,"turns":2},{"damage":13,"enemies":"Lagavulin","floor":12,"turns":6},{"damage":10,"enemies":"Looter","floor":13,"turns":3},{"damage":9,"enemies":"3 Sentries","floor":14,"turns":2}],"seed_played":"-4797700460540906199","potions_obtained":[{"floor":3,"key":"BlessingOfTheForge"},{"floor":3,"key":"SteroidPotion"},{"floor":3,"key":"Swift Potion"},{"floor":10,"key":"Weak Potion"}],"is_trial":false,"path_per_floor":["M","?","?","$","M","E","M","?","T","M","M","E","M","E"],"character_chosen":"DEFECT","items_purchased":["Loop"],"campfire_rested":0,"item_purchase_floors":[4],"current_hp_per_floor":[75,68,68,68,68,68,62,28,28,26,26,13,3,0,0],"gold":228,"neow_bonus":"THREE_ENEMY_KILL","is_daily":false,"chose_seed":false,"campfire_upgraded":0,"win_rate":0.0,"timestamp":1612194034,"path_taken":["M","?","?","$","?","E","M","?","T","M","M","E","M","E"],"items_purchased_type":["Card"],"build_version":"2020-12-22","purchased_purges":0,"victory":false,"max_hp_per_floor":[75,75,75,75,75,75,75,75,75,75,75,75,75,75,75],"card_choices":[{"not_picked":["Stack","Rip and Tear"],"picked":"Redo","floor":1},{"not_picked":["Auto Shields","Coolheaded"],"picked":"Ball Lightning","floor":5},{"not_picked":["Reboot","Sweeping Beam"],"picked":"Loop","floor":6},{"not_picked":["Stack","Storm"],"picked":"Ball Lightning","floor":7},{"not_picked":["Steam","Sweeping Beam"],"picked":"Gash","floor":8},{"not_picked":["Cold Snap","Go for the Eyes","Gash"],"picked":"SKIP","floor":10},{"not_picked":["Coolheaded","Steam"],"picked":"Consume","floor":11},{"not_picked":["Fusion","Ball Lightning"],"picked":"Echo Form","floor":12},{"not_picked":["Double Energy","Reinforced Body","Beam Cell"],"picked":"SKIP","floor":13}],"player_experience":329226,"relics_obtained":[{"floor":6,"key":"Anchor"},{"floor":8,"key":"Odd Mushroom"},{"floor":9,"key":"Centennial Puzzle"},{"floor":12,"key":"War Paint"}],"event_choices":[{"damage_healed":0,"gold_gain":0,"player_choice":"Success","damage_taken":7,"relics_obtained":["Shuriken"],"max_hp_gain":0,"max_hp_loss":0,"event_name":"Scrap Ooze","floor":2,"gold_loss":0},{"damage_healed":0,"gold_gain":0,"player_choice":"Got Potions","damage_taken":0,"max_hp_gain":0,"max_hp_loss":0,"event_name":"Lab","floor":3,"gold_loss":0},{"damage_healed":0,"gold_gain":0,"player_choice":"Fought Mushrooms","damage_taken":0,"max_hp_gain":0,"max_hp_loss":0,"event_name":"Mushrooms","floor":8,"gold_loss":0}],"is_beta":false,"boss_relics":[],"items_purged_floors":[],"is_endless":false,"potions_floor_spawned":[6,8,10],"killed_by":"3 Sentries","ascension_level":1}}