{"host":"tvwbxqry54t86y0v","time":1612150403,"event":{"mods":["2.2 Compatiblity","A Magickal Journey","Arknights","Astrologer","BaseMod","Beaked The Cultist","BetterRewards","Block Reminder","Clockwork Mod","Colored Powertips","DeckTracker","Downfall","Fiend Mod","GungeonMod","Hermit","Hubris","Infinite Spire","Ironclad Rager","Marked Mod","Mimic Mod","Minty Spire (QoL Compilation)","Potionbrewer","Replay The Spire","Shade Mod","Somnambulant","StSLib","The Bug Knight","The Cursed","The Death Knight","The Druid","The Elementalist","The Exalted","The Forsaken","The Hierophant","The Jungle","The Marked","The Mystic","The Problem Sleuth","The Runesmith","The Senshi","The Spell Scribe","The Valiant","The Wild Card","TheFirefly","TheHeartMod","Unceasing Turn Reminder","thorton"],"gold_per_floor":[113,39,39,39,39,39,50,55,55,109,185,217,217,262,262,290,290,188,188],"floor_reached":18,"language":"ENG","playtime":796,"items_purged":[],"score":126,"play_id":"d9af16dc-4829-45a8-beeb-1d6b0f56ddb4","local_time":"20210201143323","is_ascension_mode":true,"campfire_choices":[{"floor":9,"key":"REST"},{"floor":15,"key":"REST"},{"floor":17,"key":"REST"}],"circlet_count":0,"master_deck":["hierophant:Strike_Hierophant","hierophant:Strike_Hierophant","hierophant:Strike_Hierophant","hierophant:Strike_Hierophant","hierophant:Punish","hierophant:Defend_Hierophant","hierophant:Defend_Hierophant","hierophant:Defend_Hierophant","hierophant:Defend_Hierophant","hierophant:ChurchCoffers","Regret","hierophant:OrnateJavelin","hierophant:Glossolalia","hierophant:RustyCrate","hierophant:Doubloon","hierophant:Doubloon","hierophant:SealAway","hierophant:Doubloon","hierophant:Dazzle","hierophant:Glossolalia","hierophant:Shelter"],"relics":["hierophant:PropheticMaskRelic","DemoMod:Antibody","Blood Vial","Bromod:ArcaneAegis","HollowMod:LifeEnderRelic"],"acts_visited":["Exordium"],"potions_floor_usage":[8,8,10,13,14,16,18],"damage_taken":[{"damage":12,"enemies":"Cultist","floor":1,"turns":4},{"damage":11,"enemies":"Small Slimes","floor":7,"turns":3},{"damage":16,"enemies":"Replay:BlueRogue","floor":8,"turns":5},{"damage":57,"enemies":"Gremlin Nob","floor":10,"turns":5},{"damage":7,"enemies":"2 Louse","floor":12,"turns":3},{"damage":12,"enemies":"Exordium Wildlife","floor":14,"turns":4},{"damage":11,"enemies":"3 Louse","floor":16,"turns":5},{"damage":78,"enemies":"The Guardian","floor":18,"turns":15}],"seed_played":"-4565414995379219212","potions_obtained":[{"floor":7,"key":"potionbrewer:SplittingPotion"},{"floor":12,"key":"Ancient Potion"},{"floor":13,"key":"Fruit Juice"},{"floor":13,"key":"Toxic Potion"},{"floor":13,"key":"EssenceOfSteel"},{"floor":14,"key":"Dexterity Potion"}],"is_trial":false,"path_per_floor":["M","$","$","?","PTL","PTL","M","E","R","E","T","M","?","M","R","M","R","B"],"character_chosen":"HIEROPHANT","items_purchased":["hierophant:Glossolalia"],"campfire_rested":3,"item_purchase_floors":[2],"current_hp_per_floor":[63,63,63,63,63,63,52,36,75,18,18,15,20,10,34,25,73,0,0],"gold":188,"neow_bonus":"RANDOM_EVENT","is_daily":false,"chose_seed":false,"campfire_upgraded":0,"win_rate":0.0,"timestamp":1612150403,"path_taken":["M","?","$","?","PTL","PTL","M","E","R","E","T","M","?","?","R","M","R","BOSS"],"items_purchased_type":["Card"],"build_version":"2020-12-22","purchased_purges":0,"victory":false,"max_hp_per_floor":[75,75,75,75,75,75,75,75,75,75,75,75,80,80,80,80,80,80,80],"card_choices":[{"not_picked":["hierophant:FlamingChariot","hierophant:AuricBeam"],"picked":"hierophant:OrnateJavelin","floor":1},{"not_picked":["hierophant:Encroach","hierophant:Alms","hierophant:Bribe"],"picked":"SKIP","floor":7},{"not_picked":["hierophant:OrnateJavelin","hierophant:Dazzle"],"picked":"hierophant:RustyCrate","floor":8},{"not_picked":["hierophant:AuricShield","hierophant:Flagellation"],"picked":"hierophant:SealAway","floor":10},{"not_picked":["hierophant:Patience","hierophant:Flagellation"],"picked":"hierophant:Dazzle","floor":12},{"not_picked":["hierophant:Racketeering","hierophant:Cornucopia"],"picked":"hierophant:Glossolalia","floor":14},{"not_picked":["hierophant:Upheaval","hierophant:Purify"],"picked":"hierophant:Shelter","floor":16}],"player_experience":1125525,"relics_obtained":[{"floor":8,"key":"Blood Vial"},{"floor":10,"key":"Bromod:ArcaneAegis"},{"floor":11,"key":"HollowMod:LifeEnderRelic"}],"event_choices":[{"damage_healed":0,"gold_gain":0,"player_choice":"Box","damage_taken":0,"relics_obtained":["DemoMod:Antibody"],"max_hp_gain":0,"max_hp_loss":0,"event_name":"Big Fish","floor":0,"gold_loss":0,"cards_obtained":["Regret"]},{"damage_healed":0,"gold_gain":0,"player_choice":"Got Potions","damage_taken":0,"max_hp_gain":0,"max_hp_loss":0,"event_name":"Lab","floor":13,"gold_loss":0}],"is_beta":false,"boss_relics":[],"items_purged_floors":[],"is_endless":false,"potions_floor_spawned":[7,12,14],"killed_by":"The Guardian","ascension_level":1}}