{"host":"3y2rtlgteqp2nuo3","time":1612184692,"event":{"mods":["2.2 Compatiblity","AchievementEnabler","BaseMod","Colored Map","DeckTracker","Highlight Path","Keyboard Shortcuts","Minty Spire (QoL Compilation)","Permanent Neow","Quick Restart","StSLib","SuperFastMode","everything is the same but u backflip on backflip"],"gold_per_floor":[112,127,143,68,78,78,104,104,104,118,133,133,153,73,73,73,73],"floor_reached":16,"language":"KOR","playtime":229,"items_purged":["Strike_R","Strike_R"],"score":151,"play_id":"4d799c37-0e00-4306-9ffe-dca7d563029d","local_time":"20210201220452","is_ascension_mode":true,"campfire_choices":[{"data":"Bash","floor":6.0,"key":"SMITH"},{"data":"Immolate","floor":12.0,"key":"SMITH"},{"data":"Clothesline","floor":15,"key":"SMITH"}],"circlet_count":0,"master_deck":["Strike_R","Defend_R","Defend_R","Defend_R","Defend_R","Bash+1","Immolate+1","Clothesline+1","Armaments","Heavy Blade","Fire Breathing","Shrug It Off","Thunderclap"],"relics":["Burning Blood","The Courier","Mummified Hand"],"acts_visited":["Exordium"],"potions_floor_usage":[],"damage_taken":[{"damage":0.0,"enemies":"2 Louse","floor":1.0,"turns":1.0},{"damage":0.0,"enemies":"Cultist","floor":2.0,"turns":2.0},{"damage":0.0,"enemies":"Jaw Worm","floor":3.0,"turns":3.0},{"damage":27.0,"enemies":"Exordium Thugs","floor":5.0,"turns":5.0},{"damage":37.0,"enemies":"3 Sentries","floor":7.0,"turns":5.0},{"damage":8.0,"enemies":"3 Louse","floor":10.0,"turns":2.0},{"damage":13.0,"enemies":"Exordium Wildlife","floor":11.0,"turns":5.0},{"damage":0,"enemies":"2 Fungi Beasts","floor":13,"turns":2},{"damage":25,"enemies":"Hexaghost","floor":16,"turns":7}],"seed_played":"-6479370154164453655","potions_obtained":[{"floor":5.0,"key":"SteroidPotion"},{"floor":7.0,"key":"Explosive Potion"},{"floor":11.0,"key":"SmokeBomb"}],"is_trial":false,"path_per_floor":["M","M","M","$","M","R","E","?","T","M","M","R","M","$","R","B"],"character_chosen":"IRONCLAD","items_purchased":[],"campfire_rested":0,"item_purchase_floors":[],"current_hp_per_floor":[78,80,80,80,59,59,28,28,28,26,19,19,25,25,25,0,0],"gold":73,"neow_bonus":"TRANSFORM_CARD","is_daily":false,"chose_seed":false,"campfire_upgraded":3,"win_rate":0.0,"timestamp":1612184692,"path_taken":["M","M","M","$","M","R","E","?","T","M","M","R","M","$","R","BOSS"],"items_purchased_type":[],"build_version":"2020-12-22","purchased_purges":2,"victory":false,"max_hp_per_floor":[80,80,80,80,80,80,80,80,80,80,80,80,80,80,80,80,80],"card_choices":[{"not_picked":["Warcry","Shrug It Off"],"picked":"Clothesline","floor":1.0},{"not_picked":["Headbutt","Twin Strike"],"picked":"Armaments","floor":2.0},{"not_picked":["Clash","Ghostly Armor"],"picked":"Heavy Blade","floor":3.0},{"not_picked":["Warcry","Hemokinesis","Havoc"],"picked":"SKIP","floor":5.0},{"not_picked":["Heavy Blade","Sever Soul","Cleave"],"picked":"SKIP","floor":7.0},{"not_picked":["Dropkick","Uppercut"],"picked":"Fire Breathing","floor":10.0},{"not_picked":["Heavy Blade","Rage"],"picked":"Shrug It Off","floor":11.0},{"not_picked":["Reckless Charge","Havoc"],"picked":"Thunderclap","floor":13}],"player_experience":739897,"relics_obtained":[{"floor":7.0,"key":"The Courier"},{"floor":9.0,"key":"Mummified Hand"}],"event_choices":[{"cards_removed":["Strike_R"],"damage_healed":0.0,"max_hp_gain":0.0,"max_hp_loss":0.0,"gold_gain":0.0,"event_name":"Wheel of Change","player_choice":"Card Removal","floor":8.0,"gold_loss":0.0,"damage_taken":0.0}],"is_beta":false,"boss_relics":[],"items_purged_floors":[4,14],"is_endless":false,"potions_floor_spawned":[5,7,11,13],"killed_by":"Hexaghost","ascension_level":9}}