{"host":"2x189hkb4impm2gi","time":1612216793,"event":{"mods":["BaseMod","Colored Map","Colored Powertips","Minty Spire (QoL Compilation)"],"gold_per_floor":[116,131,145,145,162,162,226,226,226,261,226,261,277,292,292,395,395,411,427,446,457,471,501,501,426,479,491,510,510,510],"floor_reached":29,"language":"ENG","playtime":2378,"items_purged":["Strike_R"],"score":261,"play_id":"02ef6b3d-6359-4529-b32d-b7dd47c045e6","local_time":"20210201165953","is_ascension_mode":false,"campfire_choices":[{"data":"Rage","floor":6,"key":"SMITH"},{"data":"Blood for Blood","floor":8,"key":"SMITH"},{"data":"Strike_R","floor":15,"key":"PURGE"},{"floor":24,"key":"REST"}],"circlet_count":0,"master_deck":["Strike_R","Strike_R","Strike_R","Defend_R","Defend_R","Defend_R","Defend_R","Bash","Second Wind","Rage+1","Headbutt","Infernal Blade","Blood for Blood+1","Warcry","Armaments","Heavy Blade","Uppercut","Berserk","Shockwave+1","Armaments","Flex","Inflame","Flex","Whirlwind","Iron Wave","Shrug It Off"],"relics":["Runic Pyramid","Boot","Ancient Tea Set","Mummified Hand","Shuriken","Peace Pipe","Philosopher\u0027s Stone","Ice Cream","Tiny Chest"],"acts_visited":["Exordium","TheCity"],"potions_floor_usage":[7,7,16,16,22,28,29],"damage_taken":[{"damage":1,"enemies":"Jaw Worm","floor":1,"turns":6},{"damage":0,"enemies":"2 Louse","floor":2,"turns":4},{"damage":0,"enemies":"Cultist","floor":3,"turns":3},{"damage":2,"enemies":"Red Slaver","floor":5,"turns":3},{"damage":7,"enemies":"Lagavulin Event","floor":7,"turns":7},{"damage":6,"enemies":"Lagavulin","floor":10,"turns":5},{"damage":6,"enemies":"Gremlin Nob","floor":12,"turns":4},{"damage":2,"enemies":"Large Slime","floor":13,"turns":3},{"damage":0,"enemies":"Looter","floor":14,"turns":2},{"damage":14,"enemies":"Hexaghost","floor":16,"turns":7},{"damage":8,"enemies":"Chosen","floor":18,"turns":4},{"damage":5,"enemies":"3 Byrds","floor":19,"turns":5},{"damage":14,"enemies":"Sentry and Sphere","floor":20,"turns":5},{"damage":2,"enemies":"Snecko","floor":21,"turns":4},{"damage":0,"enemies":"Centurion and Healer","floor":22,"turns":4},{"damage":39,"enemies":"Book of Stabbing","floor":23,"turns":5},{"damage":12,"enemies":"Cultist and Chosen","floor":27,"turns":4},{"damage":0,"enemies":"Snecko","floor":28,"turns":4},{"damage":25,"enemies":"Gremlin Leader","floor":29,"turns":4}],"seed_played":"-7848397053435696864","potions_obtained":[{"floor":1,"key":"Dexterity Potion"},{"floor":5,"key":"Weak Potion"},{"floor":12,"key":"Swift Potion"},{"floor":13,"key":"CultistPotion"},{"floor":16,"key":"SteroidPotion"},{"floor":20,"key":"Ancient Potion"},{"floor":21,"key":"Fire Potion"},{"floor":23,"key":"Ancient Potion"}],"is_trial":false,"path_per_floor":["M","M","M","?","M","R","?","R","T","E","?","E","M","M","R","B",null,"M","M","M","M","M","E","R","$","T","M","M","E"],"character_chosen":"IRONCLAD","items_purchased":[],"campfire_rested":1,"item_purchase_floors":[],"current_hp_per_floor":[79,79,79,54,52,52,45,45,45,39,59,53,51,51,51,37,80,72,67,53,51,51,12,36,36,36,24,24,0,0],"gold":510,"neow_bonus":"BOSS_RELIC","is_daily":false,"chose_seed":false,"campfire_upgraded":2,"win_rate":0.0,"timestamp":1612216793,"path_taken":["M","M","M","?","M","R","?","R","T","E","?","E","M","?","R","BOSS","M","M","M","M","M","E","R","$","T","M","M","E"],"items_purchased_type":[],"build_version":"2020-12-22","purchased_purges":1,"victory":false,"max_hp_per_floor":[80,80,80,80,80,80,80,80,80,80,80,80,80,80,80,80,80,80,80,80,80,80,80,80,80,80,80,80,80,80],"card_choices":[{"not_picked":["Warcry","True Grit"],"picked":"Second Wind","floor":1},{"not_picked":["Twin Strike","Iron Wave"],"picked":"Rage","floor":2},{"not_picked":["Disarm","Perfected Strike"],"picked":"Headbutt","floor":3},{"not_picked":["Thunderclap","Uppercut"],"picked":"Infernal Blade","floor":5},{"not_picked":["Warcry","Whirlwind"],"picked":"Blood for Blood","floor":7},{"not_picked":["Headbutt","Blood for Blood"],"picked":"Warcry","floor":10},{"not_picked":["Dropkick","Heavy Blade"],"picked":"Armaments","floor":12},{"not_picked":["Double Tap","Dropkick"],"picked":"Heavy Blade","floor":13},{"not_picked":["Headbutt","Pommel Strike"],"picked":"Uppercut","floor":14},{"not_picked":["Brutality","Impervious"],"picked":"Berserk","floor":16},{"not_picked":["Burning Pact+1","Seeing Red"],"picked":"Shockwave+1","floor":18},{"not_picked":["Twin Strike+1","Pummel"],"picked":"Armaments","floor":19},{"not_picked":["Pommel Strike+1","Wild Strike"],"picked":"Flex","floor":20},{"not_picked":["Burning Pact","Sword Boomerang"],"picked":"Inflame","floor":21},{"not_picked":["Sword Boomerang","Clothesline"],"picked":"Flex","floor":22},{"not_picked":["Iron Wave","Perfected Strike"],"picked":"Whirlwind","floor":23},{"not_picked":["Dark Embrace+1","Thunderclap+1"],"picked":"Iron Wave","floor":27},{"not_picked":["Cleave","Disarm"],"picked":"Shrug It Off","floor":28}],"player_experience":40747,"relics_obtained":[{"floor":9,"key":"Mummified Hand"},{"floor":10,"key":"Shuriken"},{"floor":12,"key":"Peace Pipe"},{"floor":23,"key":"Ice Cream"},{"floor":26,"key":"Tiny Chest"}],"event_choices":[{"damage_healed":0,"gold_gain":0,"player_choice":"Success","damage_taken":25,"relics_obtained":["Boot"],"max_hp_gain":0,"max_hp_loss":0,"event_name":"Scrap Ooze","floor":4,"gold_loss":0},{"damage_healed":0,"gold_gain":30,"player_choice":"Searched \u00273\u0027 times","damage_taken":0,"relics_obtained":["Ancient Tea Set"],"max_hp_gain":0,"max_hp_loss":0,"event_name":"Dead Adventurer","floor":7,"gold_loss":0},{"damage_healed":20,"gold_gain":0,"player_choice":"Healed","damage_taken":0,"max_hp_gain":0,"max_hp_loss":0,"event_name":"The Cleric","floor":11,"gold_loss":35}],"is_beta":false,"boss_relics":[{"not_picked":["Cursed Key","Snecko Eye"],"picked":"Philosopher\u0027s Stone"}],"items_purged_floors":[25],"is_endless":false,"potions_floor_spawned":[1,5,12,13,16,20,21,23],"killed_by":"Gremlin Leader","ascension_level":0}}