{"host":"u1ja96cwu1wu8jpx","time":1612216127,"event":{"mods":["BaseMod","Better Match","Colored Map","Minty Spire (QoL Compilation)","Permanent Neow","StSLib"],"gold_per_floor":[113,113,113,65,29,61,71,106,184,200,200,200],"floor_reached":11,"language":"ENG","playtime":757,"items_purged":[],"score":85,"play_id":"22977521-71da-45ae-ba39-09dfa418ad03","local_time":"20210201164847","is_ascension_mode":true,"campfire_choices":[],"circlet_count":0,"master_deck":["Strike_G","Strike_G","Strike_G","Strike_G","Strike_G","Defend_G","Defend_G","Defend_G","Defend_G","Survivor+1","Neutralize","Cloak And Dagger","Footwork","Deadly Poison","Dodge and Roll","Deadly Poison","Poisoned Stab"],"relics":["Philosopher\u0027s Stone","Smiling Mask","Dream Catcher"],"acts_visited":[],"potions_floor_usage":[6,8],"damage_taken":[{"damage":0,"enemies":"2 Louse","floor":1,"turns":5},{"damage":22,"enemies":"3 Sentries","floor":6,"turns":14},{"damage":4,"enemies":"Small Slimes","floor":7,"turns":3},{"damage":19,"enemies":"Lagavulin","floor":8,"turns":8},{"damage":0,"enemies":"Jaw Worm","floor":10,"turns":4},{"damage":25,"enemies":"Gremlin Nob","floor":11,"turns":4}],"seed_played":"-3919426480898271482","potions_obtained":[{"floor":1,"key":"Poison Potion"},{"floor":6,"key":"SkillPotion"}],"is_trial":false,"path_per_floor":["M","?","?","?","$","E","M","E","T","M","E"],"character_chosen":"THE_SILENT","items_purchased":["Footwork"],"campfire_rested":0,"item_purchase_floors":[5],"current_hp_per_floor":[70,70,63,63,63,41,37,18,18,18,0,0],"gold":200,"neow_bonus":"BOSS_RELIC","is_daily":false,"chose_seed":false,"campfire_upgraded":0,"win_rate":0.0,"timestamp":1612216127,"path_taken":["M","?","?","?","?","E","M","E","T","M","E"],"items_purchased_type":["Card"],"build_version":"2020-12-22","purchased_purges":0,"victory":false,"max_hp_per_floor":[70,70,70,70,70,70,70,70,70,70,70,70],"card_choices":[{"not_picked":["Well Laid Plans","Outmaneuver"],"picked":"Cloak And Dagger","floor":1},{"not_picked":["Masterful Stab","Acrobatics"],"picked":"Deadly Poison","floor":6},{"not_picked":["Skewer","Deflect"],"picked":"Dodge and Roll","floor":7},{"not_picked":["Dodge and Roll","PiercingWail"],"picked":"Deadly Poison","floor":8},{"not_picked":["Underhanded Strike","Sucker Punch"],"picked":"Poisoned Stab","floor":10}],"player_experience":438892,"relics_obtained":[{"floor":6,"key":"Smiling Mask"},{"floor":8,"key":"Dream Catcher"}],"event_choices":[{"damage_healed":0,"gold_gain":0,"player_choice":"Grow","damage_taken":0,"max_hp_gain":0,"max_hp_loss":0,"event_name":"Living Wall","floor":2,"gold_loss":0,"cards_upgraded":["Survivor"]},{"cards_removed":["Defend_G"],"damage_healed":0,"gold_gain":0,"player_choice":"Card Removal","damage_taken":7,"max_hp_gain":0,"max_hp_loss":0,"event_name":"Golden Wing","floor":3,"gold_loss":0},{"damage_healed":0,"gold_gain":0,"player_choice":"Left Gold","damage_taken":0,"max_hp_gain":0,"max_hp_loss":0,"event_name":"World of Goop","floor":4,"gold_loss":48}],"is_beta":false,"boss_relics":[],"items_purged_floors":[],"is_endless":false,"potions_floor_spawned":[1,6],"killed_by":"Gremlin Nob","ascension_level":1}}