{"host":"hm2va3obgs5yv0m7","time":1612165494,"event":{"mods":["AchievementEnabler","Act Like it!","BaseMod","Conspire","Infinite Spire","Marisa（F雨　魔理沙）","Minty Spire (QoL Compilation)","Prisma Mod","Relic Stats","Replay The Spire","Spicy Shops","StSLib","The Animator","The Cursed","The Servant 0.9.4","WarShipGirlsR/战舰少女R mod"],"gold_per_floor":[109,126,126,126,126,154,164,199,223,257,276,289,289,59,59,157,157,177,177,177,77,77,77,96,122,148,148,172,172,183,183,183,183,183],"floor_reached":33,"language":"ZHS","playtime":1805,"items_purged":["Strike_B","Defend_B"],"score":308,"play_id":"a9eb8cab-133b-4674-a59a-15f93f5c1ec8","local_time":"20210201154454","is_ascension_mode":false,"campfire_choices":[{"data":"Hologram","floor":13.0,"key":"SMITH"},{"floor":15.0,"key":"RECALL"},{"data":"ReplayGash","floor":23,"key":"SMITH"},{"data":"Gash","floor":27,"key":"SMITH"},{"data":"Scrape","floor":29,"key":"SMITH"},{"data":"ReplayGash","floor":32,"key":"SMITH"}],"circlet_count":0,"master_deck":["Strike_B","Defend_B","Defend_B","Zap","Dualcast","ReplayGash+1","Hologram+1","Cold Snap","Scrape+1","Self Repair","Gash+1","Reboot","Panic Button","ReplayGash+1"],"relics":["Cracked Core","NeowsBlessing","Centennial Puzzle","Strawberry","ReplayFunnel","Bag of Marbles","Replay:Towering Pillar of Hats","conspire:SpecialSausage","MutagenicStrength","Thread and Needle","infinitespire:Satchel","Orichalcum"],"acts_visited":["Exordium","TheCity"],"potions_floor_usage":[30,31,33],"damage_taken":[{"damage":0.0,"enemies":"Cultist","floor":1.0,"turns":1.0},{"damage":0.0,"enemies":"2 Louse","floor":2.0,"turns":1.0},{"damage":0.0,"enemies":"Lagavulin","floor":6.0,"turns":1.0},{"damage":0.0,"enemies":"Small Slimes","floor":7.0,"turns":4.0},{"damage":20.0,"enemies":"3 Sentries","floor":8.0,"turns":6.0},{"damage":22.0,"enemies":"Gremlin Nob","floor":10.0,"turns":4.0},{"damage":14.0,"enemies":"Blue Slaver","floor":11.0,"turns":3.0},{"damage":3.0,"enemies":"Red Slaver","floor":12.0,"turns":3.0},{"damage":14.0,"enemies":"Slime Boss","floor":16.0,"turns":10.0},{"damage":16.0,"enemies":"Shell Parasite","floor":18.0,"turns":4.0},{"damage":10,"enemies":"3 Byrds","floor":24,"turns":4},{"damage":58,"enemies":"Gremlin Leader","floor":25,"turns":5},{"damage":0,"enemies":"3 Cultists","floor":30,"turns":4},{"damage":0,"enemies":"Sentry and Sphere","floor":31,"turns":3},{"damage":26,"enemies":"Champ","floor":33,"turns":3}],"seed_played":"7614675751073734985","potions_obtained":[{"floor":1.0,"key":"SpeedPotion"},{"floor":7.0,"key":"Dexterity Potion"},{"floor":10.0,"key":"Strength Potion"},{"floor":16.0,"key":"Elixir"},{"floor":30,"key":"SmokeBomb"}],"is_trial":false,"path_per_floor":["M","M","?","?","T","E","M","E","T","E","M","M","R","$","R","B",null,"M","?","?","$","?","R","M","E","T","R","T","R","M","M","R","B"],"character_chosen":"DEFECT","items_purchased":["Replay:Towering Pillar of Hats"],"campfire_rested":0,"item_purchase_floors":[14],"current_hp_per_floor":[75,75,75,68,68,75,75,55,55,33,26,30,30,30,30,16,82,66,66,66,66,66,66,63,12,12,12,12,12,19,26,26,0,0],"gold":183,"neow_bonus":"THREE_ENEMY_KILL","is_daily":false,"chose_seed":false,"campfire_upgraded":5,"win_rate":0.0,"timestamp":1612165494,"path_taken":["M","?","?","?","?","E","M","E","T","E","?","M","R","$","R","BOSS","M","?","?","$","?","R","M","E","T","R","?","R","?","M","R","BOSS"],"items_purchased_type":["Relic"],"build_version":"2020-12-22","purchased_purges":2,"victory":false,"max_hp_per_floor":[75,75,75,75,75,82,82,82,82,82,82,82,82,82,82,82,82,82,82,82,82,82,82,82,82,82,82,82,82,82,82,82,82,82],"relic_stats":{"Centennial Puzzle":[27],"counters":[15,56],"Orichalcum":[6],"obtain_stats":[{"ReplayFunnel":8,"Centennial Puzzle":5,"NeowsBlessing":0,"Replay:Towering Pillar of Hats":14,"Strawberry":6,"MutagenicStrength":22,"infinitespire:Satchel":26,"conspire:SpecialSausage":17,"Thread and Needle":25,"Bag of Marbles":10,"Orichalcum":28,"Cracked Core":0},{"ReplayFunnel":5,"Centennial Puzzle":2,"NeowsBlessing":0,"Replay:Towering Pillar of Hats":8,"Strawberry":3,"MutagenicStrength":10,"infinitespire:Satchel":12,"conspire:SpecialSausage":9,"Thread and Needle":12,"Bag of Marbles":6,"Orichalcum":12,"Cracked Core":0},{"ReplayFunnel":13,"Centennial Puzzle":2,"NeowsBlessing":0,"Replay:Towering Pillar of Hats":23,"Strawberry":3,"MutagenicStrength":37,"infinitespire:Satchel":46,"conspire:SpecialSausage":33,"Thread and Needle":46,"Bag of Marbles":17,"Orichalcum":46,"Cracked Core":0}]},"card_choices":[{"not_picked":["Stack","Ball Lightning"],"picked":"ReplayGash","floor":1.0},{"not_picked":["Cold Snap","Steam"],"picked":"Hologram","floor":2.0},{"not_picked":["Leap","BasicCrystalCard"],"picked":"Cold Snap","floor":6.0},{"not_picked":["Rebound","Compile Driver"],"picked":"Scrape","floor":7.0},{"not_picked":["conspire:SharedLibrary","Redo","Beam Cell"],"picked":"SKIP","floor":8.0},{"not_picked":["Sweeping Beam","Reboot"],"picked":"Self Repair","floor":10.0},{"not_picked":["Redo","Reprogram","Streamline"],"picked":"SKIP","floor":11.0},{"not_picked":["Hologram","Conserve Battery"],"picked":"Gash","floor":12.0},{"not_picked":["Amplify","Multi-Cast"],"picked":"Reboot","floor":16.0},{"not_picked":["Rebound","Coolheaded"],"picked":"Panic Button","floor":18},{"not_picked":["ReplayTheSpireMod:Calculation Training","Hello World+1","Steam"],"picked":"SKIP","floor":24},{"not_picked":["Redo","Cold Snap"],"picked":"ReplayGash","floor":25},{"not_picked":["Leap","Cold Snap","Redo"],"picked":"SKIP","floor":30}],"player_experience":67475,"relics_obtained":[{"floor":5.0,"key":"Centennial Puzzle"},{"floor":6.0,"key":"Strawberry"},{"floor":8.0,"key":"ReplayFunnel"},{"floor":10.0,"key":"Bag of Marbles"},{"floor":25,"key":"Thread and Needle"},{"floor":26,"key":"infinitespire:Satchel"},{"floor":28,"key":"Orichalcum"}],"event_choices":[{"cards_removed":["Strike_B"],"damage_healed":0.0,"max_hp_gain":0.0,"max_hp_loss":0.0,"gold_gain":0.0,"event_name":"Golden Wing","player_choice":"Card Removal","floor":4.0,"gold_loss":0.0,"damage_taken":7.0},{"damage_healed":0,"gold_gain":0,"player_choice":"Ignored","damage_taken":0,"max_hp_gain":0,"max_hp_loss":0,"event_name":"Vampires","floor":19,"gold_loss":0},{"cards_removed":["Strike_B"],"damage_healed":0,"gold_gain":0,"player_choice":"Elegance","damage_taken":0,"max_hp_gain":0,"max_hp_loss":0,"event_name":"Back to Basics","floor":20,"gold_loss":0},{"damage_healed":0,"gold_gain":0,"player_choice":"Inject Mutagens","damage_taken":0,"relics_obtained":["MutagenicStrength"],"max_hp_gain":0,"max_hp_loss":0,"event_name":"Drug Dealer","floor":22,"gold_loss":0}],"is_beta":false,"boss_relics":[{"not_picked":["Honey Jar","SacredBark"],"picked":"conspire:SpecialSausage"}],"items_purged_floors":[14,21],"is_endless":false,"potions_floor_spawned":[1,7,10,11,16,30],"killed_by":"Champ","ascension_level":0}}