{"host":"kg61lsvem4dxoat8","time":1612157059,"event":{"mods":["AchievementEnabler","BaseMod","Better Altar","Better Match","Better Sensory Stone","Highlight Path","Minty Spire (QoL Compilation)","Quick Restart","Relic Sorter","Relic Stats","StSLib","Synergy Search","slay the spire mod where everything is the same but ironclad has a cowboy hat"],"gold_per_floor":[110,15,15,35,48,48,77,77,77,102,102,102,120,133,133,133,133],"floor_reached":16,"language":"ENG","playtime":281,"items_purged":[],"score":160,"play_id":"23bc878c-6469-449d-b6ff-b1c91109113f","local_time":"20210201132419","is_ascension_mode":true,"campfire_choices":[{"data":"Metallicize","floor":6,"key":"SMITH"},{"floor":8,"key":"DIG"},{"floor":11,"key":"DIG"},{"floor":15,"key":"DIG"}],"circlet_count":0,"master_deck":["Strike_R","Strike_R","Strike_R","Strike_R","Defend_R","Defend_R","Defend_R","Defend_R","Bash","Metallicize+1","Twin Strike","Pommel Strike"],"relics":["Burning Blood","NeowsBlessing","Shovel","Molten Egg 2","HornCleat","Boot","StrikeDummy","Juzu Bracelet","Omamori"],"acts_visited":["Exordium"],"potions_floor_usage":[10,16],"damage_taken":[{"damage":0,"enemies":"2 Louse","floor":1,"turns":1},{"damage":0,"enemies":"Cultist","floor":4,"turns":1},{"damage":0,"enemies":"Small Slimes","floor":5,"turns":1},{"damage":16,"enemies":"Gremlin Nob","floor":7,"turns":4},{"damage":18,"enemies":"Lagavulin","floor":10,"turns":5},{"damage":16,"enemies":"3 Louse","floor":13,"turns":3},{"damage":13,"enemies":"Blue Slaver","floor":14,"turns":3},{"damage":38,"enemies":"Hexaghost","floor":16,"turns":9}],"seed_played":"-7390674648515342380","potions_obtained":[{"floor":4,"key":"PowerPotion"},{"floor":5,"key":"Dexterity Potion"}],"is_trial":false,"path_per_floor":["M","$","?","M","M","R","E","R","T","E","R","?","M","M","R","B"],"character_chosen":"IRONCLAD","items_purchased":["Metallicize","Twin Strike"],"campfire_rested":0,"item_purchase_floors":[2,2],"current_hp_per_floor":[78,78,78,80,80,80,70,70,70,58,58,55,45,38,38,0,0],"gold":133,"neow_bonus":"THREE_ENEMY_KILL","is_daily":false,"chose_seed":false,"campfire_upgraded":1,"win_rate":0.0,"timestamp":1612157059,"path_taken":["M","$","?","?","M","R","E","R","T","E","R","?","M","M","R","BOSS"],"items_purchased_type":["Card","Card"],"build_version":"2020-12-22","purchased_purges":0,"victory":false,"max_hp_per_floor":[80,80,80,80,80,80,80,80,80,80,80,80,80,80,80,80,80],"relic_stats":{"Shovel":3,"counters":[8,27],"Juzu Bracelet":0,"Boot":[4],"obtain_stats":[{"Shovel":7,"HornCleat":9,"NeowsBlessing":0,"Molten Egg 2":8,"Juzu Bracelet":12,"Omamori":15,"Boot":10,"StrikeDummy":11,"Burning Blood":0},{"Shovel":4,"HornCleat":4,"NeowsBlessing":0,"Molten Egg 2":4,"Juzu Bracelet":5,"Omamori":7,"Boot":5,"StrikeDummy":5,"Burning Blood":0},{"Shovel":7,"HornCleat":7,"NeowsBlessing":0,"Molten Egg 2":7,"Juzu Bracelet":12,"Omamori":18,"Boot":12,"StrikeDummy":12,"Burning Blood":0}],"Burning Blood":32},"card_choices":[{"not_picked":["Iron Wave","Body Slam","Thunderclap"],"picked":"SKIP","floor":1},{"not_picked":["Clash","Dropkick","Body Slam"],"picked":"SKIP","floor":4},{"not_picked":["Perfected Strike","Sentinel"],"picked":"Pommel Strike","floor":5},{"not_picked":["Rage","Havoc","Bludgeon"],"picked":"SKIP","floor":7},{"not_picked":["Clash+1","Heavy Blade+1","Pommel Strike+1"],"picked":"SKIP","floor":10},{"not_picked":["Iron Wave+1","Corruption","Wild Strike+1"],"picked":"SKIP","floor":13},{"not_picked":["Headbutt+1","Havoc","True Grit"],"picked":"SKIP","floor":14}],"player_experience":1424621,"relics_obtained":[{"floor":7,"key":"Shovel"},{"floor":8,"key":"Molten Egg 2"},{"floor":9,"key":"HornCleat"},{"floor":10,"key":"Boot"},{"floor":11,"key":"StrikeDummy"},{"floor":15,"key":"Omamori"}],"event_choices":[{"cards_removed":["Strike_R"],"damage_healed":0,"gold_gain":0,"player_choice":"Offered Basic","damage_taken":0,"max_hp_gain":0,"max_hp_loss":0,"event_name":"Bonfire Elementals","floor":3,"gold_loss":0},{"damage_healed":0,"gold_gain":0,"player_choice":"Success","damage_taken":3,"relics_obtained":["Juzu Bracelet"],"max_hp_gain":0,"max_hp_loss":0,"event_name":"Scrap Ooze","floor":12,"gold_loss":0}],"is_beta":false,"boss_relics":[],"items_purged_floors":[],"is_endless":false,"potions_floor_spawned":[4,5],"killed_by":"Hexaghost","ascension_level":9}}