{"host":"vyiqbz5w606ur92t","time":1612145898,"event":{"mods":["BaseMod","Downfall","Minty Spire (QoL Compilation)","StSLib"],"gold_per_floor":[99,111,121,106,106,133,133,158,177,212,212,222,22,40,51,51,51,51],"floor_reached":16,"language":"ENG","playtime":1422,"items_purged":[],"score":169,"play_id":"2c3b6a05-6d7f-432f-b0bf-c56c38971adc","local_time":"20210201021818","is_ascension_mode":true,"campfire_choices":[{"floor":1,"key":"RECALL"},{"floor":13,"key":"REST"}],"circlet_count":0,"master_deck":["sneckomod:Strike","sneckomod:Strike","sneckomod:Strike","sneckomod:Defend","sneckomod:Defend","sneckomod:Defend","sneckomod:TailWhip","sneckomod:SnekBite","sneckomod:Unknown","sneckomod:Unknown","sneckomod:ImprovisedGuard","sneckomod:UnknownColorless","sneckomod:QuickBite","sneckomod:UnknownClassSLIMEBOUND","sneckomod:Unknown1Cost","sneckomod:UnknownBlock","sneckomod:SoulCleanse","sneckomod:UnknownRarePower","sneckomod:ImprovisedGuard","sneckomod:QuickMove","sneckomod:SnakeSap"],"relics":["Philosopher\u0027s Stone","downfall:ShatteredFragment","sneckomod:SneckoCommon","White Beast Statue","Juzu Bracelet","Calipers","downfall:HeartBlessingRed","downfall:HeartBlessingGreen"],"acts_visited":["Exordium"],"potions_floor_usage":[8,8,8,10,10,12,14],"damage_taken":[{"damage":3,"enemies":"2 Louse","floor":2,"turns":3},{"damage":8,"enemies":"Cultist","floor":3,"turns":4},{"damage":0,"enemies":"downfall:FleeingMerchant","floor":4,"turns":4},{"damage":23,"enemies":"3 Sentries","floor":6,"turns":6},{"damage":22,"enemies":"Lagavulin","floor":8,"turns":4},{"damage":2,"enemies":"Jaw Worm","floor":9,"turns":2},{"damage":0,"enemies":"3 Sentries","floor":10,"turns":5},{"damage":12,"enemies":"Exordium Wildlife","floor":12,"turns":2},{"damage":8,"enemies":"Exordium Thugs","floor":14,"turns":4},{"damage":0,"enemies":"3 Louse","floor":15,"turns":3},{"damage":29,"enemies":"DF_ARCHETYPE_STREAMLINE","floor":16,"turns":7}],"seed_played":"-3237215681320470409","potions_obtained":[{"floor":2,"key":"FearPotion"},{"floor":3,"key":"LiquidMemories"},{"floor":6,"key":"hexamod:SoulburnPotion"},{"floor":8,"key":"Fruit Juice"},{"floor":9,"key":"BlessingOfTheForge"},{"floor":10,"key":"Regen Potion"},{"floor":12,"key":"PowerPotion"},{"floor":14,"key":"bronze:BurnAndBuffPotion"},{"floor":15,"key":"Fire Potion"}],"is_trial":false,"path_per_floor":["R","M","M","$","?","E","T","E","M","E","?","M","R","M","M","B"],"character_chosen":"THE_SNECKO","items_purchased":[],"campfire_rested":1,"item_purchase_floors":[],"current_hp_per_floor":[90,87,79,79,58,35,35,18,16,16,16,9,37,29,29,0,0,0],"gold":51,"neow_bonus":"BOSS_RELIC","is_daily":false,"chose_seed":false,"campfire_upgraded":0,"win_rate":0.0,"timestamp":1612145898,"path_taken":["R","M","M","$","?","E","T","E","M","E","?","M","R","M","M","BOSS"],"items_purchased_type":[],"build_version":"2020-12-22","purchased_purges":0,"victory":false,"max_hp_per_floor":[90,90,90,90,90,90,90,95,95,95,95,95,95,95,95,95,95,95],"card_choices":[{"not_picked":["sneckomod:PureSnecko","sneckomod:WideSting"],"picked":"sneckomod:ImprovisedGuard","floor":2},{"not_picked":["sneckomod:MasterEye","sneckomod:DefensiveFlair"],"picked":"sneckomod:UnknownColorless","floor":3},{"not_picked":["sneckomod:WideSting","sneckomod:Nope"],"picked":"sneckomod:QuickBite","floor":4},{"not_picked":["sneckomod:DefensiveFlair","sneckomod:UnknownCommonSkill"],"picked":"sneckomod:Unknown1Cost","floor":6},{"not_picked":["sneckomod:RainOfDice","sneckomod:SlitherStrike"],"picked":"sneckomod:UnknownBlock","floor":8},{"not_picked":["sneckomod:ImprovisedAttack","sneckomod:UnknownCommonAttack"],"picked":"sneckomod:SoulCleanse","floor":9},{"not_picked":["sneckomod:SoulRoll","sneckomod:DiceBlock"],"picked":"sneckomod:UnknownRarePower","floor":10},{"not_picked":["sneckomod:DiceCrush","sneckomod:UnknownCommonSkill"],"picked":"sneckomod:ImprovisedGuard","floor":12},{"not_picked":["sneckomod:SoulDraw","sneckomod:UnknownCommonSkill"],"picked":"sneckomod:QuickMove","floor":14},{"not_picked":["sneckomod:UnknownColorless","sneckomod:UnknownStrike"],"picked":"sneckomod:SnakeSap","floor":15}],"player_experience":1328377,"relics_obtained":[{"floor":6,"key":"sneckomod:SneckoCommon"},{"floor":7,"key":"White Beast Statue"},{"floor":8,"key":"Juzu Bracelet"},{"floor":10,"key":"Calipers"}],"event_choices":[],"is_beta":false,"boss_relics":[],"items_purged_floors":[],"is_endless":false,"potions_floor_spawned":[2,3,6,8,9,10,12,14,15],"killed_by":"DF_ARCHETYPE_STREAMLINE","ascension_level":3}}