{"host":"yx5rao87132cy5xq","time":1612142331,"event":{"mods":["2.2 Compatiblity","AchievementEnabler","BaseMod","Bestiary","Colored Map","Colored Powertips","Minty Spire (QoL Compilation)","Quick Restart","Relic Stats","Slay-I","SuperFastMode"],"gold_per_floor":[114,114,128,140,155,155,155,155,155,183,197,197,256,289,289,289,289],"floor_reached":16,"language":"ENG","playtime":1807,"items_purged":[],"score":198,"play_id":"19dda1d4-d178-4803-a283-beed25e2391b","local_time":"20210201021851","is_ascension_mode":true,"campfire_choices":[{"data":"Iron Wave","floor":6.0,"key":"SMITH"},{"data":"Bash","floor":8.0,"key":"SMITH"},{"floor":15,"key":"REST"}],"circlet_count":0,"master_deck":["AscendersBane","Strike_R","Strike_R","Strike_R","Strike_R","Strike_R","Defend_R","Defend_R","Defend_R","Defend_R","Bash+1","Cleave","Iron Wave+1","Sever Soul","Flex","Impervious+1","Feel No Pain","Battle Trance","Shrug It Off"],"relics":["Burning Blood","Mummified Hand","The Courier","Art of War","Meat on the Bone","Anchor"],"acts_visited":["Exordium"],"potions_floor_usage":[11,13,16],"damage_taken":[{"damage":8.0,"enemies":"Jaw Worm","floor":1.0,"turns":4.0},{"damage":0.0,"enemies":"Small Slimes","floor":3.0,"turns":3.0},{"damage":1.0,"enemies":"Cultist","floor":4.0,"turns":3.0},{"damage":23.0,"enemies":"Exordium Thugs","floor":5.0,"turns":5.0},{"damage":45.0,"enemies":"Lagavulin","floor":10.0,"turns":7.0},{"damage":1,"enemies":"3 Louse","floor":11,"turns":4},{"damage":20,"enemies":"Gremlin Nob","floor":13,"turns":4},{"damage":25,"enemies":"3 Sentries","floor":14,"turns":9},{"damage":38,"enemies":"The Guardian","floor":16,"turns":15}],"seed_played":"8511015840081523001","potions_obtained":[{"floor":4.0,"key":"Ancient Potion"},{"floor":5.0,"key":"GamblersBrew"},{"floor":10.0,"key":"SpeedPotion"},{"floor":11,"key":"Block Potion"},{"floor":14,"key":"Fire Potion"}],"is_trial":false,"path_per_floor":["M","?","M","M","M","R","T","R","T","E","M","?","?","E","R","B"],"character_chosen":"IRONCLAD","items_purchased":[],"campfire_rested":1,"item_purchase_floors":[],"current_hp_per_floor":[73,73,79,82,65,65,65,65,65,26,31,31,29,22,46,8,8],"gold":289,"neow_bonus":"TEN_PERCENT_HP_BONUS","is_daily":false,"chose_seed":false,"campfire_upgraded":2,"win_rate":0.0,"timestamp":1612142331,"path_taken":["M","?","M","M","M","R","?","R","T","E","M","?","?","E","R","BOSS"],"items_purchased_type":[],"build_version":"2020-12-22","purchased_purges":0,"victory":false,"max_hp_per_floor":[82,82,82,82,82,82,82,82,82,82,82,82,82,82,82,82,82],"relic_stats":{"counters":[9,54],"Mummified Hand":[2],"Art of War":[4],"obtain_stats":[{"Anchor":14,"Mummified Hand":7,"The Courier":9,"Art of War":10,"Burning Blood":0,"Meat on the Bone":13},{"Anchor":8,"Mummified Hand":4,"The Courier":4,"Art of War":5,"Burning Blood":0,"Meat on the Bone":6},{"Anchor":39,"Mummified Hand":15,"The Courier":15,"Art of War":22,"Burning Blood":0,"Meat on the Bone":26}],"Burning Blood":46,"Meat on the Bone":24},"card_choices":[{"not_picked":["Warcry","Headbutt"],"picked":"Cleave","floor":1.0},{"not_picked":["Anger","Pommel Strike"],"picked":"Iron Wave","floor":3.0},{"not_picked":["Cleave","Hemokinesis"],"picked":"Sever Soul","floor":4.0},{"not_picked":["Pommel Strike","Thunderclap"],"picked":"Flex","floor":5.0},{"not_picked":["Juggernaut","Disarm"],"picked":"Impervious","floor":10.0},{"not_picked":["Sword Boomerang","Thunderclap"],"picked":"Feel No Pain","floor":11},{"not_picked":["Inflame","Thunderclap"],"picked":"Battle Trance","floor":13},{"not_picked":["Iron Wave","Perfected Strike"],"picked":"Shrug It Off","floor":14}],"player_experience":954168,"relics_obtained":[{"floor":7.0,"key":"Mummified Hand"},{"floor":9.0,"key":"The Courier"},{"floor":10.0,"key":"Art of War"},{"floor":14,"key":"Anchor"}],"event_choices":[{"damage_healed":0.0,"max_hp_gain":0.0,"max_hp_loss":0.0,"gold_gain":0.0,"event_name":"Golden Wing","player_choice":"Ignored","floor":2.0,"gold_loss":0.0,"damage_taken":0.0},{"damage_healed":0,"gold_gain":0,"player_choice":"Grow","damage_taken":0,"max_hp_gain":0,"max_hp_loss":0,"event_name":"Living Wall","floor":12,"gold_loss":0,"cards_upgraded":["Impervious"]},{"damage_healed":0,"gold_gain":0,"player_choice":"Searched \u00273\u0027 times","damage_taken":0,"relics_obtained":["Meat on the Bone"],"max_hp_gain":0,"max_hp_loss":0,"event_name":"Dead Adventurer","floor":13,"gold_loss":0}],"is_beta":false,"boss_relics":[],"items_purged_floors":[],"is_endless":false,"potions_floor_spawned":[4,5,10,11,14],"killed_by":"The Guardian","ascension_level":16}}