{"host":"13o02hya6v6rzuva","time":1612196349,"event":{"mods":["BaseMod","Minty Spire (QoL Compilation)","Relic Stats"],"gold_per_floor":[113,113,188,34,209,244,244,244,244,294,326,368,396,419,431,539,551,544,556,585,597,625,672,711,723,723],"floor_reached":25,"language":"ENG","playtime":798,"items_purged":[],"score":305,"play_id":"d30e46ef-1735-4741-9a02-ecd7e442e10c","local_time":"20210201171909","is_ascension_mode":true,"campfire_choices":[{"data":"Eruption","floor":7.0,"key":"SMITH"},{"data":"SandsOfTime","floor":15.0,"key":"SMITH"}],"circlet_count":0,"master_deck":["Strike_P","Strike_P","Strike_P","Strike_P","Defend_P","Defend_P","Defend_P","Defend_P","Eruption+1","Vigilance","FearNoEvil","Doubt","Indignation","BowlingBash","InnerPeace","Evaluate","SandsOfTime+1","DeusExMachina","LikeWater","ThirdEye+1","Fasting2+1"],"relics":["PureWater","NeowsBlessing","Tiny Chest","Lee\u0027s Waffle","Pantograph","MawBank","MealTicket","SlaversCollar","NlothsMask","Regal Pillow"],"acts_visited":["Exordium","TheCity"],"potions_floor_usage":[22,23,23,23],"damage_taken":[{"damage":0.0,"enemies":"Small Slimes","floor":1.0,"turns":1.0},{"damage":0.0,"enemies":"3 Sentries","floor":6.0,"turns":2.0},{"damage":0.0,"enemies":"Jaw Worm","floor":11.0,"turns":1.0},{"damage":35.0,"enemies":"Lagavulin","floor":12.0,"turns":7.0},{"damage":0.0,"enemies":"2 Louse","floor":13.0,"turns":2.0},{"damage":12.0,"enemies":"Lots of Slimes","floor":14.0,"turns":5.0},{"damage":34.0,"enemies":"The Guardian","floor":16.0,"turns":9.0},{"damage":24,"enemies":"2 Thieves","floor":18,"turns":4},{"damage":10,"enemies":"Shell Parasite","floor":20,"turns":6},{"damage":2,"enemies":"Shelled Parasite and Fungi","floor":22,"turns":3},{"damage":43,"enemies":"Book of Stabbing","floor":23,"turns":6},{"damage":21,"enemies":"Gremlin Leader","floor":25,"turns":2}],"seed_played":"1828109255951198599","potions_obtained":[{"floor":1.0,"key":"DuplicationPotion"},{"floor":12.0,"key":"Energy Potion"},{"floor":14.0,"key":"Strength Potion"},{"floor":18,"key":"ColorlessPotion"},{"floor":20,"key":"PowerPotion"},{"floor":22,"key":"SkillPotion"}],"is_trial":false,"path_per_floor":["M","?","?","$","?","E","R","?","T","T","M","E","M","M","R","B",null,"M","?","M","$","M","E","T","E"],"character_chosen":"WATCHER","items_purchased":["Lee\u0027s Waffle"],"campfire_rested":0,"item_purchase_floors":[4],"current_hp_per_floor":[72,47,36,79,79,79,79,84,84,84,84,49,49,37,37,28,84,60,60,50,65,63,20,20,0,0],"gold":723,"neow_bonus":"THREE_ENEMY_KILL","is_daily":false,"chose_seed":false,"campfire_upgraded":2,"win_rate":0.0,"timestamp":1612196349,"path_taken":["M","?","?","$","?","E","R","?","T","?","M","E","?","M","R","BOSS","M","?","?","$","M","E","?","E"],"items_purchased_type":["Relic"],"build_version":"2020-12-22","purchased_purges":0,"victory":false,"max_hp_per_floor":[72,72,72,79,79,79,79,84,84,84,84,84,84,84,84,84,84,84,84,84,84,84,84,84,84,84],"relic_stats":{"Lee\u0027s Waffle":43,"Regal Pillow":0,"counters":[12,48],"Pantograph":25,"Tiny Chest":2,"MealTicket":15,"MawBank":180,"obtain_stats":[{"SlaversCollar":17,"Lee\u0027s Waffle":4,"Regal Pillow":23,"NeowsBlessing":0,"Pantograph":6,"Tiny Chest":2,"MealTicket":12,"PureWater":0,"MawBank":10,"NlothsMask":19},{"SlaversCollar":7,"Lee\u0027s Waffle":1,"Regal Pillow":11,"NeowsBlessing":0,"Pantograph":2,"Tiny Chest":1,"MealTicket":4,"PureWater":0,"MawBank":2,"NlothsMask":8},{"SlaversCollar":27,"Lee\u0027s Waffle":1,"Regal Pillow":46,"NeowsBlessing":0,"Pantograph":3,"Tiny Chest":1,"MealTicket":11,"PureWater":0,"MawBank":3,"NlothsMask":31}]},"card_choices":[{"not_picked":["CrushJoints","FlurryOfBlows"],"picked":"FearNoEvil","floor":1.0},{"not_picked":["Meditate","CrushJoints"],"picked":"Indignation","floor":6.0},{"not_picked":["FollowUp","Study"],"picked":"BowlingBash","floor":11.0},{"not_picked":["Conclude","Prostrate"],"picked":"InnerPeace","floor":12.0},{"not_picked":["Halt","Crescendo"],"picked":"Evaluate","floor":13.0},{"not_picked":["BowlingBash","Pray"],"picked":"SandsOfTime","floor":14.0},{"not_picked":["Wish","Brilliance"],"picked":"DeusExMachina","floor":16.0},{"not_picked":["JustLucky","EmptyBody"],"picked":"LikeWater","floor":18},{"not_picked":["Prostrate","Vengeance"],"picked":"ThirdEye+1","floor":20},{"not_picked":["SashWhip","Nirvana","Swivel"],"picked":"SKIP","floor":22},{"not_picked":["Pray","EmptyBody+1"],"picked":"Fasting2+1","floor":23}],"player_experience":1173414,"relics_obtained":[{"floor":6.0,"key":"Pantograph"},{"floor":10.0,"key":"MawBank"},{"floor":12.0,"key":"MealTicket"},{"floor":23,"key":"Regal Pillow"}],"event_choices":[{"damage_healed":0.0,"max_hp_gain":0.0,"max_hp_loss":0.0,"gold_gain":0.0,"event_name":"Scrap Ooze","player_choice":"Success","floor":2.0,"gold_loss":0.0,"damage_taken":25.0,"relics_obtained":["Tiny Chest"]},{"damage_healed":0.0,"max_hp_gain":0.0,"max_hp_loss":0.0,"gold_gain":75.0,"event_name":"World of Goop","player_choice":"Gather Gold","floor":3.0,"gold_loss":0.0,"damage_taken":11.0},{"damage_healed":0.0,"max_hp_gain":0.0,"max_hp_loss":0.0,"gold_gain":175.0,"event_name":"Liars Game","player_choice":"AGREE","floor":5.0,"gold_loss":0.0,"damage_taken":0.0,"cards_obtained":["Doubt"]},{"damage_healed":0.0,"max_hp_gain":5.0,"max_hp_loss":0.0,"gold_gain":0.0,"event_name":"Big Fish","player_choice":"Donut","floor":8.0,"gold_loss":0.0,"damage_taken":0.0},{"damage_healed":0,"gold_gain":0,"player_choice":"Trade","damage_taken":0,"relics_obtained":["NlothsMask"],"max_hp_gain":0,"max_hp_loss":0,"event_name":"FaceTrader","floor":19,"gold_loss":0}],"is_beta":false,"boss_relics":[{"not_picked":["Sozu","Fusion Hammer"],"picked":"SlaversCollar"}],"items_purged_floors":[],"is_endless":false,"potions_floor_spawned":[1,12,14,18,20,22],"killed_by":"Gremlin Leader","ascension_level":4}}