{"host":"8is2j71l4wmybkoi","time":1612182510,"event":{"mods":["AchievementEnabler","BaseMod","Colored Map","Minty Spire (QoL Compilation)","Rare Cards Sparkle","StSLib","SuperFastMode"],"gold_per_floor":[115,128,278,55,68,68,102,102,102,177,187,198,198,198,198,198,198],"floor_reached":16,"language":"KOR","playtime":529,"items_purged":["Doubt"],"score":175,"play_id":"19b5a9c5-692c-439c-ac74-0bedea0753ec","local_time":"20210201212830","is_ascension_mode":true,"campfire_choices":[{"data":"Bullet Time","floor":6,"key":"SMITH"},{"data":"Doppelganger","floor":8,"key":"SMITH"},{"data":"Concentrate","floor":13,"key":"SMITH"},{"floor":15,"key":"REST"}],"circlet_count":0,"master_deck":["AscendersBane","Strike_G","Strike_G","Strike_G","Strike_G","Strike_G","Defend_G","Defend_G","Defend_G","Defend_G","Defend_G","Survivor","Neutralize","Bullet Time+1","Backflip","Predator","Dagger Spray","Doppelganger+1","Concentrate+1","Prepared"],"relics":["Ring of the Snake","Sundial","Question Card"],"acts_visited":["Exordium"],"potions_floor_usage":[7,7,16],"damage_taken":[{"damage":3,"enemies":"2 Louse","floor":1,"turns":3},{"damage":4,"enemies":"Small Slimes","floor":2,"turns":6},{"damage":4,"enemies":"Cultist","floor":5,"turns":3},{"damage":23,"enemies":"Gremlin Nob","floor":7,"turns":5},{"damage":0,"enemies":"2 Fungi Beasts","floor":11,"turns":2},{"damage":6,"enemies":"Exordium Thugs","floor":12,"turns":4},{"damage":32,"enemies":"Slime Boss","floor":16,"turns":7}],"seed_played":"6191542762211134392","potions_obtained":[{"floor":1,"key":"Ancient Potion"},{"floor":11,"key":"BlessingOfTheForge"}],"is_trial":false,"path_per_floor":["M","M","?","$","M","R","E","R","T","?","M","M","R","?","R","B"],"character_chosen":"THE_SILENT","items_purchased":["Predator","CunningPotion"],"campfire_rested":1,"item_purchase_floors":[4,4],"current_hp_per_floor":[56,52,52,52,48,48,25,25,25,14,14,8,8,8,27,0,0],"gold":198,"neow_bonus":"ONE_RANDOM_RARE_CARD","is_daily":false,"chose_seed":false,"campfire_upgraded":3,"win_rate":0.0,"timestamp":1612182510,"path_taken":["M","M","?","$","M","R","E","R","T","?","M","M","R","?","R","BOSS"],"items_purchased_type":["Card","Potion"],"build_version":"2020-12-22","purchased_purges":1,"victory":false,"max_hp_per_floor":[66,66,66,66,66,66,66,66,66,66,66,66,66,66,66,66,66],"card_choices":[{"not_picked":["Concentrate","Outmaneuver","Bane"],"picked":"SKIP","floor":1},{"not_picked":["Calculated Gamble","Deadly Poison"],"picked":"Backflip","floor":2},{"not_picked":["Dagger Throw","Quick Slash"],"picked":"Dagger Spray","floor":5},{"not_picked":["Dagger Spray","Bouncing Flask"],"picked":"Doppelganger","floor":7},{"not_picked":["Underhanded Strike","Deadly Poison","Dagger Spray"],"picked":"Concentrate","floor":11},{"not_picked":["Catalyst","Eviscerate","Dagger Throw"],"picked":"Prepared","floor":12}],"player_experience":916761,"relics_obtained":[{"floor":7,"key":"Sundial"},{"floor":9,"key":"Question Card"}],"event_choices":[{"damage_healed":0,"gold_gain":150,"player_choice":"AGREE","damage_taken":0,"max_hp_gain":0,"max_hp_loss":0,"event_name":"Liars Game","floor":3,"gold_loss":0,"cards_obtained":["Doubt"]},{"damage_healed":0,"gold_gain":75,"player_choice":"Gather Gold","damage_taken":11,"max_hp_gain":0,"max_hp_loss":0,"event_name":"World of Goop","floor":10,"gold_loss":0},{"damage_healed":0,"gold_gain":0,"player_choice":"Ignored","damage_taken":0,"max_hp_gain":0,"max_hp_loss":0,"event_name":"Shining Light","floor":14,"gold_loss":0}],"is_beta":false,"boss_relics":[],"items_purged_floors":[4],"is_endless":false,"potions_floor_spawned":[1,11],"killed_by":"Slime Boss","ascension_level":15}}