{"host":"utqe55yv0jihe4d6","time":1612152922,"event":{"mods":["2.2 Compatiblity","AchievementEnabler","BaseMod","Block Reminder","Colored Map","Colored Powertips","Minty Spire (QoL Compilation)","Quick Restart","Rare Cards Sparkle","Relic Stats","SuperFastMode"],"gold_per_floor":[115,126,201,11,61,94,94,120,120,120,139,150,164,232,232,232,232],"floor_reached":16,"language":"ENG","playtime":255,"items_purged":[],"score":270,"play_id":"32f8fe38-247e-464c-aaae-cc3b54290cac","local_time":"20210131231522","is_ascension_mode":true,"campfire_choices":[{"data":"Melter","floor":7,"key":"SMITH"},{"floor":10,"key":"REST"},{"floor":15,"key":"REST"}],"circlet_count":0,"master_deck":["AscendersBane","Strike_B","Strike_B","Strike_B","Strike_B","Defend_B","Defend_B","Defend_B","Defend_B","Zap","Dualcast","Melter+1","Streamline","Sweeping Beam","Turbo","Steam","Genetic Algorithm","Seek"],"relics":["Cracked Core","NeowsBlessing","Runic Capacitor","Eternal Feather","Nunchaku","Mercury Hourglass","Gremlin Horn"],"acts_visited":["Exordium"],"potions_floor_usage":[],"damage_taken":[{"damage":0,"enemies":"Small Slimes","floor":1,"turns":1},{"damage":0,"enemies":"2 Louse","floor":2,"turns":1},{"damage":0,"enemies":"3 Sentries","floor":6,"turns":1},{"damage":50,"enemies":"Lagavulin","floor":8,"turns":7},{"damage":1,"enemies":"Cultist","floor":11,"turns":4},{"damage":14,"enemies":"Exordium Wildlife","floor":12,"turns":3},{"damage":8,"enemies":"Lots of Slimes","floor":13,"turns":3},{"damage":51,"enemies":"Slime Boss","floor":16,"turns":6}],"seed_played":"1097159792918397668","potions_obtained":[{"floor":12,"key":"Ancient Potion"},{"floor":13,"key":"Ancient Potion"}],"is_trial":false,"path_per_floor":["M","M","?","$","?","E","R","E","T","R","M","M","M","T","R","B"],"character_chosen":"DEFECT","items_purchased":["Runic Capacitor","Sweeping Beam"],"campfire_rested":2,"item_purchase_floors":[4,4],"current_hp_per_floor":[64,64,53,53,53,53,62,12,12,42,41,27,19,19,49,0,0],"gold":232,"neow_bonus":"THREE_ENEMY_KILL","is_daily":false,"chose_seed":false,"campfire_upgraded":1,"win_rate":0.0,"timestamp":1612152922,"path_taken":["M","M","?","$","?","E","R","E","T","R","M","?","M","?","R","BOSS"],"items_purchased_type":["Relic","Card"],"build_version":"2020-12-22","purchased_purges":0,"victory":false,"max_hp_per_floor":[71,71,71,71,71,71,71,71,71,71,71,71,71,71,71,71,71],"relic_stats":{"Nunchaku":[2],"Gremlin Horn":[1,1],"counters":[8,25],"Eternal Feather":27,"obtain_stats":[{"Nunchaku":8,"NeowsBlessing":0,"Gremlin Horn":14,"Eternal Feather":6,"Runic Capacitor":4,"Cracked Core":0,"Mercury Hourglass":9},{"Nunchaku":4,"NeowsBlessing":0,"Gremlin Horn":7,"Eternal Feather":3,"Runic Capacitor":2,"Cracked Core":0,"Mercury Hourglass":4},{"Nunchaku":10,"NeowsBlessing":0,"Gremlin Horn":19,"Eternal Feather":3,"Runic Capacitor":2,"Cracked Core":0,"Mercury Hourglass":10}],"Mercury Hourglass":[80]},"card_choices":[{"not_picked":["Coolheaded","Turbo"],"picked":"Melter","floor":1},{"not_picked":["Barrage","Leap"],"picked":"Streamline","floor":2},{"not_picked":["Streamline","Rebound"],"picked":"Turbo","floor":6},{"not_picked":["Storm","Gash"],"picked":"Steam","floor":8},{"not_picked":["Beam Cell","Blizzard","Steam"],"picked":"SKIP","floor":11},{"not_picked":["Lockon","Undo"],"picked":"Genetic Algorithm","floor":12},{"not_picked":["Coolheaded","Genetic Algorithm"],"picked":"Seek","floor":13}],"player_experience":2975205,"relics_obtained":[{"floor":6,"key":"Eternal Feather"},{"floor":8,"key":"Nunchaku"},{"floor":9,"key":"Mercury Hourglass"},{"floor":14,"key":"Gremlin Horn"}],"event_choices":[{"damage_healed":0,"gold_gain":75,"player_choice":"Gather Gold","damage_taken":11,"max_hp_gain":0,"max_hp_loss":0,"event_name":"World of Goop","floor":3,"gold_loss":0},{"damage_healed":0,"gold_gain":50,"player_choice":"Pray","damage_taken":0,"max_hp_gain":0,"max_hp_loss":0,"event_name":"Golden Shrine","floor":5,"gold_loss":0}],"is_beta":false,"boss_relics":[],"items_purged_floors":[],"is_endless":false,"potions_floor_spawned":[12,13],"killed_by":"Slime Boss","ascension_level":20}}