{"host":"qdfumeom6htv8yxl","time":1612200132,"event":{"mods":["AchievementEnabler","BaseMod","Bestiary","Block Reminder","Highlight Path","Minty Spire (QoL Compilation)","Quick Restart","Relic Stats"],"gold_per_floor":[113,13,13,36,52,52,79,99,126,158,177,177,202,217,217,294,294,309,309,324,57,70,101,101,101,101,101,101,427,427,439,439,516,566,581,195,207,207,224,224,114,114,114],"floor_reached":42,"language":"ENG","playtime":1796,"items_purged":["Dualcast","Zap"],"score":938,"play_id":"a472990f-8621-42c7-8492-7f82d4e052aa","local_time":"20210201112212","is_ascension_mode":true,"campfire_choices":[{"data":"Sunder","floor":6.0,"key":"SMITH"},{"data":"Beam Cell","floor":12.0,"key":"SMITH"},{"data":"Go for the Eyes","floor":15.0,"key":"SMITH"},{"floor":25.0,"key":"REST"},{"data":"J.A.X.","floor":27.0,"key":"SMITH"},{"floor":30,"key":"REST"},{"floor":32,"key":"REST"},{"data":"Seek","floor":40,"key":"SMITH"}],"circlet_count":0,"master_deck":["AscendersBane","Strike_B+1","Strike_B","Strike_B","Strike_B","Defend_B","Defend_B","Defend_B","Defend_B","Sunder+1","Gash","Leap","Beam Cell+1","Go for the Eyes+1","Self Repair","Rebound","All For One","Auto Shields","J.A.X.+1","Gash","Hologram","Genetic Algorithm","Beam Cell+1","Seek+1","Sadistic Nature","Good Instincts","Madness","Madness","Reinforced Body+1"],"relics":["Cracked Core","NeowsBlessing","Boot","Oddly Smooth Stone","Anchor","HornCleat","Odd Mushroom","Sozu","Molten Egg 2","Bag of Preparation","Du-Vu Doll","DataDisk","Old Coin","Tiny House"],"acts_visited":["Exordium","TheCity","TheBeyond"],"potions_floor_usage":[],"damage_taken":[{"damage":0.0,"enemies":"Cultist","floor":1.0,"turns":1.0},{"damage":0.0,"enemies":"Jaw Worm","floor":5.0,"turns":1.0},{"damage":0.0,"enemies":"Gremlin Nob","floor":7.0,"turns":1.0},{"damage":0.0,"enemies":"Small Slimes","floor":8.0,"turns":1.0},{"damage":4.0,"enemies":"3 Sentries","floor":10.0,"turns":4.0},{"damage":0.0,"enemies":"Exordium Wildlife","floor":11.0,"turns":2.0},{"damage":1.0,"enemies":"The Mushroom Lair","floor":13.0,"turns":4.0},{"damage":0.0,"enemies":"2 Fungi Beasts","floor":14.0,"turns":3.0},{"damage":60.0,"enemies":"Slime Boss","floor":16.0,"turns":8.0},{"damage":11.0,"enemies":"Spheric Guardian","floor":18.0,"turns":4.0},{"damage":7.0,"enemies":"Chosen","floor":20.0,"turns":4.0},{"damage":9.0,"enemies":"Centurion and Healer","floor":22.0,"turns":5.0},{"damage":46.0,"enemies":"Gremlin Leader","floor":23.0,"turns":7.0},{"damage":27,"enemies":"Slavers","floor":29,"turns":5},{"damage":10,"enemies":"Snecko","floor":31,"turns":4},{"damage":59,"enemies":"Automaton","floor":33,"turns":8},{"damage":18,"enemies":"3 Darklings","floor":35,"turns":4},{"damage":4,"enemies":"Orb Walker","floor":37,"turns":4},{"damage":72,"enemies":"Transient","floor":39,"turns":6},{"damage":33,"enemies":"Giant Head","floor":42,"turns":5}],"seed_played":"1026724453057459229","potions_obtained":[{"floor":7.0,"key":"SpeedPotion"},{"floor":11.0,"key":"FairyPotion"},{"floor":13.0,"key":"Fire Potion"}],"is_trial":false,"path_per_floor":["M","$","?","T","M","R","E","M","T","E","M","R","?","M","R","B",null,"M","?","M","$","M","E","?","R","T","R","?","E","R","M","R","B",null,"M","$","M","?","M","R","?","E"],"character_chosen":"DEFECT","items_purchased":["Gash","Molten Egg 2","Sadistic Nature","Good Instincts"],"campfire_rested":3,"item_purchase_floors":[2,21,36,36],"current_hp_per_floor":[64,64,69,69,69,69,69,69,69,65,65,65,71,76,76,23,63,59,59,59,59,57,18,18,40,40,40,40,20,42,39,61,9,64,53,53,56,41,31,31,31,0,0],"gold":114,"neow_bonus":"THREE_ENEMY_KILL","is_daily":false,"chose_seed":false,"campfire_upgraded":5,"win_rate":0.0,"timestamp":1612200132,"path_taken":["M","$","?","?","?","R","E","?","T","E","M","R","?","M","R","BOSS","M","?","M","$","M","E","?","R","T","R","?","E","R","M","R","BOSS","M","$","M","?","M","R","?","E"],"items_purchased_type":["Card","Relic","Card","Card"],"build_version":"2020-12-22","purchased_purges":2,"victory":false,"max_hp_per_floor":[71,71,76,76,76,76,76,76,76,76,76,76,76,76,76,76,76,76,76,76,76,76,76,76,76,76,76,76,76,76,76,76,76,81,81,81,81,81,81,81,81,81,81],"relic_stats":{"Sozu":6,"counters":[20,81],"Bag of Preparation":[14],"Boot":[31],"obtain_stats":[{"Tiny House":34,"NeowsBlessing":0,"Oddly Smooth Stone":7,"Bag of Preparation":23,"Odd Mushroom":13,"Boot":4,"Old Coin":29,"Sozu":17,"Du-Vu Doll":26,"Anchor":9,"DataDisk":28,"HornCleat":10,"Molten Egg 2":21,"Cracked Core":0},{"Tiny House":16,"NeowsBlessing":0,"Oddly Smooth Stone":3,"Bag of Preparation":13,"Odd Mushroom":7,"Boot":1,"Old Coin":14,"Sozu":9,"Du-Vu Doll":13,"Anchor":4,"DataDisk":13,"HornCleat":5,"Molten Egg 2":11,"Cracked Core":0},{"Tiny House":62,"NeowsBlessing":0,"Oddly Smooth Stone":3,"Bag of Preparation":45,"Odd Mushroom":14,"Boot":1,"Old Coin":50,"Sozu":25,"Du-Vu Doll":45,"Anchor":4,"DataDisk":45,"HornCleat":8,"Molten Egg 2":33,"Cracked Core":0}]},"card_choices":[{"not_picked":["Sweeping Beam","Fusion"],"picked":"Sunder","floor":1.0},{"not_picked":["Cold Snap","Coolheaded"],"picked":"Leap","floor":5.0},{"not_picked":["Rebound","Redo"],"picked":"Beam Cell","floor":7.0},{"not_picked":["Leap","Steam","Stack"],"picked":"SKIP","floor":8.0},{"not_picked":["Melter","Electrodynamics"],"picked":"Go for the Eyes","floor":10.0},{"not_picked":["Leap","Storm"],"picked":"Self Repair","floor":11.0},{"not_picked":["Sunder","Stack"],"picked":"Rebound","floor":13.0},{"not_picked":["Meteor Strike","Heatsinks","Turbo"],"picked":"SKIP","floor":14.0},{"not_picked":["Reboot","Echo Form"],"picked":"All For One","floor":16.0},{"not_picked":["Chill","Redo"],"picked":"Auto Shields","floor":18.0},{"not_picked":["Streamline","Reinforced Body"],"picked":"Gash","floor":20.0},{"not_picked":["White Noise","Stack"],"picked":"Hologram","floor":22.0},{"not_picked":["Compile Driver+1","Steam"],"picked":"Genetic Algorithm","floor":23.0},{"not_picked":["Machine Learning","Aggregate+1"],"picked":"Beam Cell+1","floor":29},{"not_picked":["Conserve Battery","Streamline+1","Barrage+1"],"picked":"SKIP","floor":31},{"not_picked":["Rainbow","Core Surge+1"],"picked":"Seek","floor":33},{"not_picked":["Cold Snap+1","White Noise+1","Compile Driver+1"],"picked":"SKIP","floor":35},{"not_picked":["Chaos","Glacier+1","Turbo"],"picked":"SKIP","floor":37},{"not_picked":["Capacitor+1","Compile Driver+1"],"picked":"Reinforced Body","floor":39}],"player_experience":1970481,"relics_obtained":[{"floor":4.0,"key":"Boot"},{"floor":7.0,"key":"Oddly Smooth Stone"},{"floor":9.0,"key":"Anchor"},{"floor":10.0,"key":"HornCleat"},{"floor":13.0,"key":"Odd Mushroom"},{"floor":23.0,"key":"Bag of Preparation"},{"floor":26.0,"key":"Du-Vu Doll"},{"floor":29,"key":"Old Coin"}],"event_choices":[{"damage_healed":0.0,"max_hp_gain":5.0,"max_hp_loss":0.0,"gold_gain":0.0,"event_name":"Big Fish","player_choice":"Donut","floor":3.0,"gold_loss":0.0,"damage_taken":0.0},{"damage_healed":0.0,"max_hp_gain":0.0,"max_hp_loss":0.0,"gold_gain":0.0,"event_name":"Mushrooms","player_choice":"Fought Mushrooms","floor":13.0,"gold_loss":0.0,"damage_taken":0.0},{"damage_healed":0.0,"max_hp_gain":0.0,"max_hp_loss":0.0,"gold_gain":0.0,"event_name":"Drug Dealer","player_choice":"Obtain J.A.X.","floor":19.0,"gold_loss":0.0,"damage_taken":0.0,"cards_obtained":["J.A.X."]},{"damage_healed":0.0,"max_hp_gain":0.0,"max_hp_loss":0.0,"gold_gain":0.0,"event_name":"Cursed Tome","player_choice":"Ignored","floor":24.0,"gold_loss":0.0,"damage_taken":0.0},{"damage_healed":0,"gold_gain":0,"player_choice":"Opened","damage_taken":0,"relics_obtained":["DataDisk"],"max_hp_gain":0,"max_hp_loss":0,"event_name":"The Mausoleum","floor":28,"gold_loss":0,"cards_obtained":["Writhe"]},{"damage_healed":0,"gold_gain":0,"player_choice":"Embrace Madness","damage_taken":15,"max_hp_gain":0,"max_hp_loss":0,"event_name":"Winding Halls","floor":38,"gold_loss":0,"cards_obtained":["Madness","Madness"]},{"cards_removed":["Writhe"],"damage_healed":0,"gold_gain":0,"player_choice":"Upgrade and Remove","damage_taken":0,"max_hp_gain":0,"max_hp_loss":0,"event_name":"Designer","floor":41,"gold_loss":110,"cards_upgraded":["Reinforced Body"]}],"is_beta":false,"boss_relics":[{"not_picked":["Philosopher\u0027s Stone","Inserter"],"picked":"Sozu"},{"not_picked":["Velvet Choker","FrozenCore"],"picked":"Tiny House"}],"items_purged_floors":[2,36],"is_endless":false,"potions_floor_spawned":[7,11,13,18,20,33,35,39],"killed_by":"Giant Head","ascension_level":20}}