{"host":"65a95dzim48ko8ke","time":1612140061,"event":{"mods":["Aspiration","BaseMod","Block Reminder","Colored Powertips","Conspire","Curses Come First","DeckTracker","Energized Spire","Halation","Hubris","Jedi Mod","Minty Spire (QoL Compilation)","Permanent Neow","Quick Restart","Rare Cards Sparkle","Reliquary","Replay The Spire","Spicy Shops","StSLib","Synergy Search","TestMod","Trackpad","Åy?ï®?îvÅzREMEMod"],"gold_per_floor":[116,126,126,126,149,183,183,221,295,335,335,335,355,394,394,517,517,541,566,50,50,50,175,100,100,100,114,114,128,166,41,41,219,219,375,375,375,392,427,467,467,160,186,251,277,329,356,25,25,42],"floor_reached":51,"language":"ENG","playtime":4108,"items_purged":["Regret","Strike_P","Languid","Defend_P"],"score":1524,"play_id":"1dff02d6-970e-44ee-872a-0d36044c0205","local_time":"20210201094101","is_ascension_mode":true,"campfire_choices":[{"data":"REME_AllRoundStrike","floor":7.0,"key":"SMITH"},{"data":"Eruption","floor":11,"key":"SMITH"},{"data":"ClearTheMind","floor":15,"key":"SMITH"},{"data":"Fasting2","floor":25,"key":"SMITH"},{"data":"Ragnarok","floor":28,"key":"SMITH"},{"data":"Vigilance","floor":32,"key":"SMITH"},{"data":"Crescendo","floor":41,"key":"SMITH"},{"data":"Replay:AllIn","floor":49,"key":"SMITH"}],"circlet_count":0,"master_deck":["Strike_P+1","Strike_P+1","Defend_P+1","Defend_P+1","Defend_P","Eruption+1","Vigilance+1","REME_AllRoundStrike+1","FollowUp","Fasting2+1","Perseverance","Prostrate+1","Ragnarok+1","ClearTheMind+1","Conclude+1","FollowUp","DevaForm","Halt","BattleHymn","FlurryOfBlows","Adaptation+1","Tantrum","Replay:Cycle","Protect+1","LessonLearned+1","Wallop+1","Sanctity+1","FollowUp","Crescendo+1","Replay:AllIn+1","Fasting2+1","Vault","CutThroughFate+1","testmod-FightingIntention"],"relics":["PureWater","testmod-TestBox","REME_ComplimentaryCards","testmod-SaigiyounoYou","Golden Idol","reliquary:BallBearing","Eternal Feather","Snack Pack","testmod-LifeArmor","Lizard Tail","halation:SelfBoilingWater","hubris:Backtick","Bottled Tornado","trackpad:HandOfMidas","Dream Catcher","ReplayTheSpireMod:Ring of Collecting","ReplayTheSpireMod:Ring of Exchange","conspire:BottledYoYo","Matryoshka","ReplayTheSpireMod:Ring of Addiction","Toy Ornithopter","hubris:EmptyBottle","REME_PuzzleBoxRelic","testmod-DeterminationOfClimber","Pet Ghost","ReplayFunnel","Pen Nib","Ancient Tea Set","Gremlin Food"],"acts_visited":["Exordium","TheCity","TheBeyond"],"potions_floor_usage":[23,29,30,30,33,39,44,46,46,48,48,48],"damage_taken":[{"damage":0.0,"enemies":"Small Slimes","floor":1.0,"turns":2.0},{"damage":0.0,"enemies":"Jaw Worm","floor":2.0,"turns":4.0},{"damage":0.0,"enemies":"2 Louse","floor":5.0,"turns":3.0},{"damage":0.0,"enemies":"Gremlin Nob","floor":6.0,"turns":2.0},{"damage":7.0,"enemies":"3 Sentries","floor":8.0,"turns":5.0},{"damage":19,"enemies":"Lagavulin","floor":10,"turns":7},{"damage":0,"enemies":"2 Fungi Beasts","floor":13,"turns":1},{"damage":0,"enemies":"Replay:BlueRogue","floor":14,"turns":3},{"damage":4,"enemies":"Slime Boss","floor":16,"turns":2},{"damage":20,"enemies":"2 Thieves","floor":18,"turns":3},{"damage":31,"enemies":"conspire:FuzzyDice","floor":19,"turns":4},{"damage":0,"enemies":"REME_1_Revenger","floor":23,"turns":4},{"damage":11,"enemies":"Sentry and Sphere","floor":27,"turns":3},{"damage":1,"enemies":"Chosen and Byrds","floor":29,"turns":3},{"damage":21,"enemies":"Slavers","floor":30,"turns":3},{"damage":0,"enemies":"Automaton","floor":33,"turns":4},{"damage":2,"enemies":"3 Darklings","floor":35,"turns":4},{"damage":11,"enemies":"3 Shapes","floor":38,"turns":3},{"damage":0,"enemies":"Jaw Worm Horde","floor":39,"turns":5},{"damage":0,"enemies":"R_Hoarder","floor":40,"turns":2},{"damage":22,"enemies":"Writhing Mass","floor":44,"turns":2},{"damage":1,"enemies":"Maw","floor":45,"turns":3},{"damage":0,"enemies":"Reptomancer","floor":46,"turns":1},{"damage":0,"enemies":"Sphere and 2 Shapes","floor":47,"turns":1},{"damage":0,"enemies":"conspire:OrnateMirror","floor":50,"turns":2}],"seed_played":"5012536844834752798","potions_obtained":[{"floor":1.0,"key":"Fire Potion"},{"floor":6.0,"key":"Adrenaline Potion"},{"floor":13,"key":"Elixir"},{"floor":14,"key":"Elixir"},{"floor":16,"key":"SpeedPotion"},{"floor":23,"key":"Adrenaline Potion"},{"floor":26,"key":"DuplicationPotion"},{"floor":26,"key":"BottledMiracle"},{"floor":29,"key":"Swift Potion"},{"floor":33,"key":"ColorlessPotion"},{"floor":39,"key":"LiquidBronze"},{"floor":45,"key":"testmod-SpacePotion"},{"floor":47,"key":"LiquidMemories"}],"is_trial":false,"path_per_floor":["M","M","?","?","M","E","R","E","T","E","R","?","M","E","R","B",null,"M","M","$","?","?","E","?","R","T","M","R","M","E","$","R","B",null,"M","?","?","M","M","E","R","$","T","M","M","E","M","$","R","B",null],"character_chosen":"WATCHER","items_purchased":["trackpad:HandOfMidas","FlurryOfBlows","ReplayFunnel","testmod-FightingIntention","REME_GoldPotion"],"campfire_rested":0,"item_purchase_floors":[20,20,42,48,48],"current_hp_per_floor":[70,72,58,40,46,54,54,70,70,66,72,72,72,72,72,72,72,61,44,44,44,44,60,60,72,72,67,72,72,67,67,72,72,72,72,72,70,70,70,70,70,70,68,61,68,68,68,68,68,68],"gold":42,"neow_bonus":"RANDOM_EVENT","is_daily":false,"chose_seed":false,"campfire_upgraded":8,"win_rate":0.0,"timestamp":1612140061,"path_taken":["M","M","?","?","M","E","R","E","T","E","R","?","M","E","R","BOSS","M","M","$","?","?","E","?","R","T","M","R","M","E","?","R","BOSS","M","?","?","?","M","E","R","?","T","M","?","E","M","$","R","BOSS"],"items_purchased_type":["Relic","Card","Relic","Card","Potion"],"build_version":"2020-12-22","purchased_purges":4,"victory":true,"max_hp_per_floor":[72,72,72,72,72,72,72,72,72,72,72,72,72,72,72,72,72,72,72,72,72,72,72,72,72,72,72,72,72,72,72,72,72,72,72,72,70,70,70,70,70,70,68,68,68,68,68,68,68,68],"card_choices":[{"not_picked":["CrushJoints","Replay:AtTheReady"],"picked":"FollowUp","floor":1.0},{"not_picked":["EmptyFist","Pray"],"picked":"Fasting2","floor":2.0},{"not_picked":["CrushJoints","SashWhip"],"picked":"Perseverance","floor":5.0},{"not_picked":["CrushJoints","Replay:DivineShield"],"picked":"Prostrate","floor":6.0},{"not_picked":["LikeWater","WheelKick"],"picked":"Ragnarok","floor":8},{"not_picked":["Replay:BluntJabs","LikeWater"],"picked":"ClearTheMind","floor":10},{"not_picked":["BowlingBash","Sanctity"],"picked":"Conclude","floor":13},{"not_picked":["InnerPeace","Replay:ManipulateFuture"],"picked":"FollowUp","floor":14},{"not_picked":["Vault","REME_EmptyShield"],"picked":"DevaForm","floor":16},{"not_picked":["FlyingSleeves","BowlingBash"],"picked":"Halt","floor":18},{"not_picked":["Halt","Evaluate"],"picked":"BattleHymn","floor":19},{"not_picked":["BattleHymn","Consecrate+1"],"picked":"Adaptation+1","floor":23},{"not_picked":["FollowUp","LikeWater"],"picked":"Tantrum","floor":27},{"not_picked":["Halt","EmptyMind"],"picked":"Replay:Cycle","floor":29},{"not_picked":["Sanctity","Weave+1"],"picked":"Protect+1","floor":30},{"not_picked":["DeusExMachina","ConjureBlade"],"picked":"LessonLearned","floor":33},{"not_picked":["REME_MusicOfDeath+1","Replay:Hum+1"],"picked":"Wallop+1","floor":35},{"not_picked":["CrushJoints","FollowUp"],"picked":"Sanctity+1","floor":38},{"not_picked":["BowlingBash","EmptyBody+1"],"picked":"FollowUp","floor":39},{"not_picked":["FlyingSleeves","EmptyBody+1"],"picked":"Crescendo","floor":40},{"not_picked":["Replay:Hum+1","JustLucky"],"picked":"Replay:AllIn","floor":44},{"not_picked":["Protect","Halt+1"],"picked":"Fasting2+1","floor":45},{"not_picked":["EmptyFist","Protect"],"picked":"Vault","floor":46},{"not_picked":["SignatureMove+1","CrushJoints+1"],"picked":"CutThroughFate+1","floor":47}],"player_experience":345377,"relics_obtained":[{"floor":6.0,"key":"reliquary:BallBearing"},{"floor":8,"key":"Eternal Feather"},{"floor":9,"key":"Snack Pack"},{"floor":10,"key":"testmod-LifeArmor"},{"floor":14,"key":"halation:SelfBoilingWater"},{"floor":22,"key":"ReplayTheSpireMod:Ring of Collecting"},{"floor":22,"key":"ReplayTheSpireMod:Ring of Exchange"},{"floor":23,"key":"conspire:BottledYoYo"},{"floor":26,"key":"Matryoshka"},{"floor":26,"key":"ReplayTheSpireMod:Ring of Addiction"},{"floor":26,"key":"Toy Ornithopter"},{"floor":26,"key":"hubris:EmptyBottle"},{"floor":30,"key":"REME_PuzzleBoxRelic"},{"floor":40,"key":"Pet Ghost"},{"floor":43,"key":"Pen Nib"},{"floor":43,"key":"Ancient Tea Set"},{"floor":46,"key":"Gremlin Food"}],"event_choices":[{"damage_healed":0.0,"max_hp_gain":0.0,"max_hp_loss":0.0,"gold_gain":0.0,"event_name":"Shining Light","player_choice":"Entered Light","floor":3.0,"gold_loss":0.0,"damage_taken":14.0,"cards_upgraded":["Defend_P","Defend_P"]},{"damage_healed":0.0,"max_hp_gain":0.0,"max_hp_loss":0.0,"gold_gain":0.0,"event_name":"Golden Idol","player_choice":"Take Damage","floor":4.0,"gold_loss":0.0,"damage_taken":18.0,"relics_obtained":["Golden Idol"]},{"damage_healed":0,"gold_gain":0,"player_choice":"Box","damage_taken":0,"relics_obtained":["Lizard Tail"],"max_hp_gain":0,"max_hp_loss":0,"event_name":"Big Fish","floor":12,"gold_loss":0,"cards_obtained":["Regret"]},{"damage_healed":0,"gold_gain":0,"player_choice":"Stole Relic","damage_taken":0,"relics_obtained":["Dream Catcher"],"max_hp_gain":0,"max_hp_loss":0,"event_name":"Addict","floor":21,"gold_loss":0,"cards_obtained":["Shame"]},{"cards_removed":["Shame"],"damage_healed":0,"gold_gain":0,"player_choice":"Gave Gold","damage_taken":0,"max_hp_gain":0,"max_hp_loss":0,"event_name":"Beggar","floor":24,"gold_loss":75},{"damage_healed":0,"gold_gain":0,"player_choice":"Ignored","damage_taken":0,"max_hp_gain":0,"max_hp_loss":0,"event_name":"Tomb of Lord Red Mask","floor":36,"gold_loss":0},{"damage_healed":0,"gold_gain":0,"player_choice":"Ignored","damage_taken":0,"max_hp_gain":0,"max_hp_loss":0,"event_name":"SecretPortal","floor":37,"gold_loss":0}],"is_beta":false,"boss_relics":[{"not_picked":["halation:Risk","testmod-Recursion"],"picked":"hubris:Backtick"},{"not_picked":["hubris:HollowSoul","Empty Cage"],"picked":"testmod-DeterminationOfClimber"}],"items_purged_floors":[20,20,31,42],"is_endless":false,"potions_floor_spawned":[1,6,13,14,16,23,27,29,33,39,45,47],"ascension_level":7}}