{"host":"z5bn7jsck728mmiq","time":1612169879,"event":{"mods":["BaseMod","Bestiary","DeckTracker","Minty Spire (QoL Compilation)","StSLib"],"gold_per_floor":[16,16,26,42,54,54,54,54,54,54,4,23,23,23],"floor_reached":13,"language":"ENG","playtime":271,"items_purged":[],"score":85,"play_id":"6713757c-34d1-4043-9ed6-122ba2db99b6","local_time":"20210201005759","is_ascension_mode":false,"campfire_choices":[{"data":"SignatureMove","floor":6,"key":"SMITH"},{"floor":8,"key":"REST"}],"circlet_count":0,"master_deck":["Strike_P","Strike_P","Strike_P","Strike_P","Defend_P","Defend_P","Defend_P","Eruption+1","SandsOfTime","WreathOfFlame","SignatureMove+1","EmptyFist","Blasphemy"],"relics":["PureWater","Meat on the Bone"],"acts_visited":["Exordium"],"potions_floor_usage":[7,13],"damage_taken":[{"damage":14,"enemies":"2 Louse","floor":1,"turns":2},{"damage":0,"enemies":"Jaw Worm","floor":3,"turns":1},{"damage":2,"enemies":"Cultist","floor":4,"turns":3},{"damage":18,"enemies":"Lots of Slimes","floor":5,"turns":3},{"damage":36,"enemies":"Lagavulin","floor":7,"turns":3},{"damage":6,"enemies":"2 Fungi Beasts","floor":12,"turns":2},{"damage":100026,"enemies":"3 Sentries","floor":13,"turns":4}],"seed_played":"2449373600356522952","potions_obtained":[{"floor":1,"key":"SmokeBomb"},{"floor":12,"key":"Fire Potion"}],"is_trial":false,"path_per_floor":["M","?","M","M","M","R","E","R","T","?","$","M","E"],"character_chosen":"WATCHER","items_purchased":["EmptyFist"],"campfire_rested":1,"item_purchase_floors":[11],"current_hp_per_floor":[58,58,58,56,38,38,2,23,23,23,23,29,0,0],"gold":23,"neow_bonus":"REMOVE_TWO","is_daily":false,"chose_seed":false,"campfire_upgraded":1,"win_rate":0.0,"timestamp":1612169879,"path_taken":["M","?","M","M","M","R","E","R","T","?","$","M","E"],"items_purchased_type":["Card"],"build_version":"2020-12-22","purchased_purges":0,"victory":false,"max_hp_per_floor":[72,72,72,72,72,72,72,72,72,72,72,72,72,72],"card_choices":[{"not_picked":["WheelKick","MentalFortress","Adaptation"],"picked":"SKIP","floor":1},{"not_picked":["Consecrate","ThirdEye"],"picked":"SandsOfTime","floor":3},{"not_picked":["Prostrate","Consecrate"],"picked":"WreathOfFlame","floor":4},{"not_picked":["EmptyFist","BowlingBash"],"picked":"SignatureMove","floor":5},{"not_picked":["Halt","Protect"],"picked":"Blasphemy","floor":12}],"player_experience":91266,"relics_obtained":[{"floor":9,"key":"Meat on the Bone"}],"event_choices":[{"damage_healed":0,"gold_gain":0,"player_choice":"Grow","damage_taken":0,"max_hp_gain":0,"max_hp_loss":0,"event_name":"Living Wall","floor":2,"gold_loss":0,"cards_upgraded":["Eruption"]},{"cards_removed":["Strike_R"],"damage_healed":0,"gold_gain":0,"player_choice":"Took Card","damage_taken":0,"max_hp_gain":0,"max_hp_loss":0,"event_name":"NoteForYourself","floor":10,"gold_loss":0,"cards_obtained":["Strike_R"]}],"is_beta":false,"boss_relics":[],"items_purged_floors":[],"is_endless":false,"potions_floor_spawned":[1,12],"killed_by":"3 Sentries","ascension_level":0}}