{"host":"3j2m8n0ywf988fwb","time":1612139443,"event":{"mods":["2.2 Compatiblity","AchievementEnabler","Act Like it!","Aspiration","BaseMod","Better Altar","Better Match","Better Note","Better Sensory Stone","Better Skull","Better Third Choice","CCEM2","ChefMod","Colored Map","Colored Powertips","Conspire","Dark Map","Energized Spire","GifTheSpireLib","Halation","Hallownest","Highlight Path","Hubris","Infinite Spire","Jedi Mod","Marked Mod","Mimic Mod","Minty Spire (QoL Compilation)","Monster B Gone","Random Character Button","Relic Filter Mod","Relic Stats","Reliquary","Replay The Spire","Robot Space Explorer","Shop Mod","Somnambulant","StS++","StSLib","Stuff the Spire","The Bug Knight","The Hierophant","The Runesmith","TheSurvivalist","Unceasing Turn Reminder","Weighted Paths","everything is the same but u backflip on backflip"],"gold_per_floor":[114,114,37,55,55,88,9,39,39,39,59,59,74,107,107,206,206,224,237,237,237],"floor_reached":20,"language":"ENG","playtime":1091,"items_purged":[],"score":254,"play_id":"4d3e3a2d-df51-45d7-8ebc-9ce75e0b5f63","local_time":"20210131183043","is_ascension_mode":true,"campfire_choices":[{"data":"White Noise","floor":10,"key":"SMITH"},{"data":"Crystallizer","floor":12,"key":"SMITH"},{"floor":15,"key":"REST"}],"circlet_count":0,"master_deck":["Strike_B","Strike_B","Strike_B","Strike_B","Defend_B","Defend_B","Defend_B","Defend_B","Zap","Dualcast","White Noise+1","StuffTheSpire:CuriosityCurse","jedi:spotbugs+1","Compile Driver","Biased Cognition","Crystallizer+1","Defragment","jedi:BurstFrost+1","Darkness+1","StSpp:CopyPaste+1","StuffTheSpire:ForEach+1","StuffTheSpire:Plugnplay+1","White Noise+1"],"relics":["Cracked Core","NeowsBlessing","Toxic Egg 2","reliquary:BallBearing","Onion Ring","Happy Flower","CCEMRelics:LagavulinClaw","aspiration:BursterCore"],"acts_visited":["Exordium","Hallownest:Greenpath"],"potions_floor_usage":[16,16,16],"damage_taken":[{"damage":0,"enemies":"Hallownest:2_Tiktiks_and_1_Crawlid","floor":1,"turns":2},{"damage":0,"enemies":"Hallownest:monsterHuskWarrior","floor":4,"turns":1},{"damage":0,"enemies":"Hallownest:eliteCrystalGuardian","floor":6,"turns":1},{"damage":26,"enemies":"Hallownest:eliteMossKnight","floor":8,"turns":6},{"damage":4,"enemies":"Hallownest:monsterHuskGuard","floor":11,"turns":4},{"damage":4,"enemies":"Hallownest:Wandering_and_Horned","floor":13,"turns":4},{"damage":17,"enemies":"Hallownest:eliteVengeflyKing","floor":14,"turns":6},{"damage":18,"enemies":"Hallownest:BossHornet","floor":16,"turns":9},{"damage":15,"enemies":"Hallownest:2_Mistakes","floor":18,"turns":8},{"damage":25,"enemies":"Hallownest:Guard_and_Sentry","floor":19,"turns":4},{"damage":41,"enemies":"Hallownest:2_Flukemon","floor":20,"turns":5}],"seed_played":"3999672158288726466","potions_obtained":[{"floor":8,"key":"StSpp:ScatteredPotion"},{"floor":11,"key":"Venom Potion"}],"is_trial":false,"path_per_floor":["M","?","$","M","?","E","$","E","T","R","M","R","M","E","R","B",null,"M","M","M"],"character_chosen":"DEFECT","items_purchased":["jedi:spotbugs+1","Crystallizer"],"campfire_rested":1,"item_purchase_floors":[3,7],"current_hp_per_floor":[75,75,75,75,75,75,75,49,49,49,45,45,41,24,46,28,75,60,35,0,0],"gold":237,"neow_bonus":"THREE_ENEMY_KILL","is_daily":false,"chose_seed":false,"campfire_upgraded":2,"win_rate":0.0,"timestamp":1612139443,"path_taken":["M","?","$","M","?","E","$","E","T","R","?","R","M","E","R","BOSS","M","M","M"],"items_purchased_type":["Card","Card"],"build_version":"2020-12-22","purchased_purges":0,"victory":false,"max_hp_per_floor":[75,75,75,75,75,75,75,75,75,75,75,75,75,75,75,75,75,75,75,75,75],"relic_stats":{"Happy Flower":[13],"counters":[11,50],"aspiration:BursterCore":[6],"obtain_stats":[{"NeowsBlessing":0,"Happy Flower":9,"Onion Ring":8,"reliquary:BallBearing":6,"Toxic Egg 2":2,"Cracked Core":0,"aspiration:BursterCore":17,"CCEMRelics:LagavulinClaw":14},{"NeowsBlessing":0,"Happy Flower":4,"Onion Ring":4,"reliquary:BallBearing":3,"Toxic Egg 2":1,"Cracked Core":0,"aspiration:BursterCore":8,"CCEMRelics:LagavulinClaw":7},{"NeowsBlessing":0,"Happy Flower":10,"Onion Ring":10,"reliquary:BallBearing":4,"Toxic Egg 2":2,"Cracked Core":0,"aspiration:BursterCore":33,"CCEMRelics:LagavulinClaw":24}]},"card_choices":[{"not_picked":["Auto Shields","StuffTheSpire:Plugnplay"],"picked":"White Noise","floor":1},{"not_picked":["Beam Cell","Sunder"],"picked":"Compile Driver","floor":4},{"not_picked":["jedi:blockon+1","jedi:spotbugs+1"],"picked":"Biased Cognition","floor":6},{"not_picked":["Blizzard","Steam+1"],"picked":"Defragment","floor":8},{"not_picked":["Streamline","jedi:sharpshooter"],"picked":"jedi:BurstFrost+1","floor":11},{"not_picked":["jedi:BurstLightning","Gash"],"picked":"Darkness+1","floor":13},{"not_picked":["Blizzard","Gash"],"picked":"StSpp:CopyPaste+1","floor":14},{"not_picked":["Creative AI","jedi:readyaimfire+1"],"picked":"StuffTheSpire:ForEach+1","floor":16},{"not_picked":["Leap+1","Reprogram+1"],"picked":"StuffTheSpire:Plugnplay+1","floor":18},{"not_picked":["Cold Snap","Leap+1"],"picked":"White Noise+1","floor":19}],"player_experience":980280,"relics_obtained":[{"floor":6,"key":"reliquary:BallBearing"},{"floor":8,"key":"Onion Ring"},{"floor":9,"key":"Happy Flower"},{"floor":14,"key":"CCEMRelics:LagavulinClaw"}],"event_choices":[],"is_beta":false,"boss_relics":[{"not_picked":["halation:PlatinumPhoenix","SacredBark"],"picked":"aspiration:BursterCore"}],"items_purged_floors":[],"is_endless":false,"potions_floor_spawned":[8,11],"killed_by":"Hallownest:2_Flukemon","ascension_level":4}}