{"host":"Stephanie","time":1612194280,"event":{"mods":["BaseMod","Colored Powertips","Minty Spire (QoL Compilation)","Rare Cards Sparkle","Relic Stats","StSLib","The Marked"],"gold_per_floor":[117,127,227,245,256,256,286,286,310,328,346,378,378,397,397,494,494,506,25,37,37,50,50,76,76,155,155,155],"floor_reached":27,"language":"ENG","playtime":1522,"items_purged":["theMarked:Strike"],"score":257,"play_id":"b26b8a7d-2909-45a3-b8a6-33110c30bdfa","local_time":"20210201104440","is_ascension_mode":true,"campfire_choices":[{"data":"theMarked:SoldierOfQuellstein","floor":6,"key":"SMITH"},{"data":"theMarked:Toughness","floor":8,"key":"SMITH"},{"floor":13,"key":"REST"},{"floor":15,"key":"REST"},{"floor":23,"key":"REST"},{"data":"theMarked:Abjuration","floor":25,"key":"SMITH"}],"circlet_count":0,"master_deck":["theMarked:Strike","theMarked:Strike","theMarked:Strike","theMarked:Strike","theMarked:Defend","theMarked:Defend","theMarked:Defend","theMarked:Defend","theMarked:SoldierOfQuellstein+1","theMarked:WardOff","theMarked:Heritage","theMarked:Toughness+1","theMarked:ResourceFulStrike","theMarked:Overcharge","theMarked:Abjuration+1","theMarked:Panic","theMarked:BanishingStrike","theMarked:Challenge"],"relics":["SacredBark","Potion Belt","Akabeko","Ancient Tea Set","Velvet Choker","PreservedInsect","Mercury Hourglass","GremlinMask","StrikeDummy","Gremlin Horn"],"acts_visited":["Exordium","TheCity"],"potions_floor_usage":[5,11,16,16,18,22],"damage_taken":[{"damage":3,"enemies":"Small Slimes","floor":1,"turns":3},{"damage":5,"enemies":"Cultist","floor":2,"turns":4},{"damage":2,"enemies":"Jaw Worm","floor":4,"turns":6},{"damage":1,"enemies":"Red Slaver","floor":5,"turns":6},{"damage":26,"enemies":"3 Sentries","floor":7,"turns":11},{"damage":8,"enemies":"3 Louse","floor":10,"turns":4},{"damage":3,"enemies":"Exordium Thugs","floor":11,"turns":5},{"damage":21,"enemies":"Gremlin Nob","floor":12,"turns":4},{"damage":6,"enemies":"Exordium Wildlife","floor":14,"turns":3},{"damage":36,"enemies":"The Guardian","floor":16,"turns":12},{"damage":21,"enemies":"2 Thieves","floor":18,"turns":5},{"damage":18,"enemies":"3 Byrds","floor":20,"turns":6},{"damage":6,"enemies":"3 Cultists","floor":22,"turns":5},{"damage":17,"enemies":"Gremlin Leader","floor":24,"turns":5},{"damage":30,"enemies":"Book of Stabbing","floor":27,"turns":2}],"seed_played":"5146399038281741858","potions_obtained":[{"floor":1,"key":"SkillPotion"},{"floor":5,"key":"GamblersBrew"},{"floor":7,"key":"Weak Potion"},{"floor":12,"key":"BlessingOfTheForge"},{"floor":16,"key":"FearPotion"},{"floor":20,"key":"Dexterity Potion"}],"is_trial":false,"path_per_floor":["M","M","?","M","M","R","E","R","T","M","M","E","R","M","R","B",null,"M","$","M","?","M","R","E","R","T","E"],"character_chosen":"THE_DEFAULT","items_purchased":["PreservedInsect","Mercury Hourglass"],"campfire_rested":3,"item_purchase_floors":[19,19],"current_hp_per_floor":[67,62,62,60,59,59,33,33,33,25,22,1,22,16,37,1,70,49,49,31,31,25,46,29,29,29,0,0],"gold":155,"neow_bonus":"BOSS_RELIC","is_daily":false,"chose_seed":false,"campfire_upgraded":3,"win_rate":0.0,"timestamp":1612194280,"path_taken":["M","M","?","M","M","R","E","R","T","M","?","E","R","M","R","BOSS","M","$","M","?","M","R","E","R","T","E"],"items_purchased_type":["Relic","Relic"],"build_version":"2020-12-18","purchased_purges":1,"victory":false,"max_hp_per_floor":[70,70,70,70,70,70,70,70,70,70,70,70,70,70,70,70,70,70,70,70,70,70,70,70,70,70,70,70],"relic_stats":{"Gremlin Horn":[0,0],"counters":[15,80],"PreservedInsect":86,"obtain_stats":[{"Potion Belt":7,"theMarked:ArtifactOfAir":0,"Gremlin Horn":26,"SacredBark":0,"Velvet Choker":17,"GremlinMask":21,"PreservedInsect":19,"Ancient Tea Set":12,"StrikeDummy":24,"Akabeko":9,"Mercury Hourglass":19},{"Potion Belt":5,"theMarked:ArtifactOfAir":0,"Gremlin Horn":14,"SacredBark":0,"Velvet Choker":10,"GremlinMask":12,"PreservedInsect":11,"Ancient Tea Set":8,"StrikeDummy":14,"Akabeko":5,"Mercury Hourglass":11},{"Potion Belt":30,"theMarked:ArtifactOfAir":0,"Gremlin Horn":78,"SacredBark":0,"Velvet Choker":58,"GremlinMask":68,"PreservedInsect":63,"Ancient Tea Set":43,"StrikeDummy":78,"Akabeko":30,"Mercury Hourglass":63}],"Mercury Hourglass":[110]},"card_choices":[{"not_picked":["theMarked:GodGivenPower","theMarked:RepellingDischarge"],"picked":"theMarked:WardOff","floor":1},{"not_picked":["theMarked:TakeCover","theMarked:Maelstrom","theMarked:Reabsorb"],"picked":"SKIP","floor":2},{"not_picked":["theMarked:KeepCalmAndFight","theMarked:MysticalArsenal","theMarked:Improvise"],"picked":"SKIP","floor":4},{"not_picked":["theMarked:TakeCover","theMarked:Memento"],"picked":"theMarked:Heritage","floor":5},{"not_picked":["theMarked:Electrify","theMarked:Friction"],"picked":"theMarked:Toughness","floor":7},{"not_picked":["theMarked:Memento","theMarked:Aftermath"],"picked":"theMarked:ResourceFulStrike","floor":10},{"not_picked":["theMarked:HeightenedSenses","theMarked:WastefulAttack"],"picked":"theMarked:Overcharge","floor":11},{"not_picked":["theMarked:Improvise","theMarked:ResourceFulStrike","theMarked:RepellingDischarge"],"picked":"SKIP","floor":12},{"not_picked":["theMarked:EnhanceMovement","theMarked:TakeCover","theMarked:Improvise"],"picked":"SKIP","floor":14},{"not_picked":["theMarked:Toughness","theMarked:Snap"],"picked":"theMarked:Abjuration","floor":16},{"not_picked":["theMarked:Frustration","theMarked:TakeCover"],"picked":"theMarked:Panic","floor":18},{"not_picked":["theMarked:CreepingChasm","theMarked:Improvise+1"],"picked":"theMarked:BanishingStrike","floor":20},{"not_picked":["theMarked:Parkour","theMarked:Opportunist","theMarked:Standoff"],"picked":"SKIP","floor":22},{"not_picked":["theMarked:DispelDoubt","theMarked:KeepCalmAndFight"],"picked":"theMarked:Challenge","floor":24}],"player_experience":886389,"relics_obtained":[{"floor":7,"key":"Potion Belt"},{"floor":9,"key":"Akabeko"},{"floor":12,"key":"Ancient Tea Set"},{"floor":24,"key":"StrikeDummy"},{"floor":26,"key":"Gremlin Horn"}],"event_choices":[{"damage_healed":0,"gold_gain":100,"player_choice":"Pray","damage_taken":0,"max_hp_gain":0,"max_hp_loss":0,"event_name":"Golden Shrine","floor":3,"gold_loss":0},{"damage_healed":0,"gold_gain":0,"player_choice":"Trade","damage_taken":0,"relics_obtained":["GremlinMask"],"max_hp_gain":0,"max_hp_loss":0,"event_name":"FaceTrader","floor":21,"gold_loss":0}],"is_beta":true,"boss_relics":[{"not_picked":["Empty Cage","Busted Crown"],"picked":"Velvet Choker"}],"items_purged_floors":[19],"is_endless":false,"potions_floor_spawned":[1,5,7,12,16,20],"killed_by":"Book of Stabbing","ascension_level":1}}