{"host":"yans4pr1zf0lm9bx","time":1612195487,"event":{"mods":["AchievementEnabler","BaseMod","Downfall","Minty Spire (QoL Compilation)","StSLib","SuperFastMode","slay the spire mod where everything is the same but ironclad has a cowboy hat"],"gold_per_floor":[99,116,127,302,452,467,467,467,497,514,614,614,634,696,716,716,716,716],"floor_reached":16,"language":"ENG","playtime":1037,"items_purged":[],"score":102,"play_id":"86608870-9518-4b25-851b-d0ff96bd4c7c","local_time":"20210201110447","is_ascension_mode":false,"campfire_choices":[{"data":"champ:Taunt","floor":1,"key":"SMITH"},{"data":"champ:EnragedBash","floor":8,"key":"SMITH"}],"circlet_count":0,"master_deck":["champ:Strike","champ:Strike","champ:Strike","champ:Strike","champ:Defend","champ:Defend+1","champ:Defend","champ:Defend","champ:Execute","champ:Taunt+1","champ:BringItOn+1","champ:CalledShot","Doubt","downfall:Icky","champ:EnragedBash+1","champ:StanceDance","champ:FalseCounter","champ:BringItOn","champ:UltimateStance"],"relics":["champ:ChampionCrown","War Paint","CloakClasp","Mummified Hand","WingedGreaves"],"acts_visited":["Exordium"],"potions_floor_usage":[14],"damage_taken":[{"damage":20,"enemies":"Cultist","floor":2,"turns":3},{"damage":10,"enemies":"2 Louse","floor":3,"turns":3},{"damage":12,"enemies":"Small Slimes","floor":6,"turns":4},{"damage":92,"enemies":"Lagavulin","floor":9,"turns":13},{"damage":10,"enemies":"2 Fungi Beasts","floor":10,"turns":5},{"damage":46,"enemies":"2 Fungi Beasts","floor":11,"turns":10},{"damage":15,"enemies":"Red Slaver","floor":13,"turns":6},{"damage":50,"enemies":"Lagavulin Event","floor":14,"turns":6},{"damage":16,"enemies":"Exordium Wildlife","floor":15,"turns":5},{"damage":23,"enemies":"SI_SHIV_ARCHETYPE","floor":16,"turns":3}],"seed_played":"-8650190200198596691","potions_obtained":[{"floor":10,"key":"Swift Potion"},{"floor":14,"key":"FearPotion"},{"floor":15,"key":"Explosive Potion"}],"is_trial":false,"path_per_floor":["R","M","M","?","?","M","T","R","E","M","?","T","M","?","M","B"],"character_chosen":"THE_CHAMP","items_purchased":[],"campfire_rested":0,"item_purchase_floors":[],"current_hp_per_floor":[99,99,99,99,99,97,97,97,50,45,39,39,39,21,15,0,0,0],"gold":716,"neow_bonus":"TEN_PERCENT_HP_BONUS","is_daily":false,"chose_seed":false,"campfire_upgraded":2,"win_rate":0.0,"timestamp":1612195487,"path_taken":["R","M","M","?","?","M","T","R","E","M","?","?","M","?","M","BOSS"],"items_purchased_type":[],"build_version":"2020-12-22","purchased_purges":0,"victory":false,"max_hp_per_floor":[99,99,99,99,99,99,99,99,99,99,99,99,99,99,99,99,99,99],"card_choices":[{"not_picked":["champ:Circumvent","champ:TornadoPunch"],"picked":"champ:BringItOn","floor":2},{"not_picked":["champ:Endure","champ:IronFortress"],"picked":"champ:CalledShot","floor":3},{"not_picked":["champ:BringItOn","champ:Backstep"],"picked":"champ:EnragedBash","floor":6},{"not_picked":["champ:BerserkersShout","champ:FlashCut"],"picked":"champ:StanceDance","floor":9},{"not_picked":["champ:Shatter","champ:BladeFlurry","champ:FaceSlap"],"picked":"SKIP","floor":10},{"not_picked":["champ:Backstep","champ:Haymaker"],"picked":"champ:FalseCounter","floor":11},{"not_picked":["champ:Encircle","champ:Haymaker","champ:EnragedBash"],"picked":"SKIP","floor":13},{"not_picked":["champ:Haymaker","champ:PerfectedStrike"],"picked":"champ:BringItOn","floor":14},{"not_picked":["champ:BringItOn","champ:BerserkersShout"],"picked":"champ:UltimateStance","floor":15}],"player_experience":279114,"relics_obtained":[{"floor":9,"key":"War Paint"},{"floor":11,"key":"CloakClasp"},{"floor":12,"key":"Mummified Hand"},{"floor":14,"key":"WingedGreaves"}],"event_choices":[],"is_beta":false,"boss_relics":[],"items_purged_floors":[],"is_endless":false,"potions_floor_spawned":[10,14,15],"killed_by":"SI_SHIV_ARCHETYPE","ascension_level":0}}