{"host":"6r3ioyv75hs1gp74","time":1612199081,"event":{"mods":["AchievementEnabler","Act Like it!","BaseMod","Better Sensory Stone","Better Third Choice","Block Reminder","Colored Map","Colored Powertips","Curses Come First","Minty Spire (QoL Compilation)","StSLib"],"gold_per_floor":[117,128,145,155,225,254,264,264,264,8,0,14,25,55,55,150,150,167,179,22,22,34,66,66,78,103,115,126,126,142,142,142,142,142],"floor_reached":33,"language":"ENG","playtime":1854,"items_purged":[],"score":395,"play_id":"c6948484-9bc5-4564-8270-dcbb9d7d80de","local_time":"20210201170441","is_ascension_mode":true,"campfire_choices":[{"data":"Terror","floor":15,"key":"SMITH"},{"data":"Venomology","floor":24,"key":"SMITH"},{"floor":29,"key":"REST"},{"floor":32,"key":"REST"}],"circlet_count":0,"master_deck":["Defend_G","Defend_G","Defend_G","Defend_G","Defend_G","Survivor","Neutralize","Dash","Terror+1","Poisoned Stab","Poisoned Stab","Adrenaline","Flying Knee","Dagger Throw","Backstab","Footwork","Blade Dance","Masterful Stab","Venomology+1","Heel Hook+1","Terror+1","Noxious Fumes","Setup","Underhanded Strike","Bite","Bite","Bite","Bite","Bite","Dagger Spray","Infinite Blades+1","Poisoned Stab","Well Laid Plans"],"relics":["Black Star","Question Card","Bottled Flame","Mummified Hand","Tiny Chest","Pen Nib","Pantograph","Busted Crown","Happy Flower","Anchor","Strawberry"],"acts_visited":["Exordium","TheCity"],"potions_floor_usage":[6,6,12,14,18,22,23,23,23,25,27,27,28,30,33,33],"damage_taken":[{"damage":13,"enemies":"Small Slimes","floor":1,"turns":4},{"damage":3,"enemies":"2 Louse","floor":2,"turns":2},{"damage":1,"enemies":"Cultist","floor":3,"turns":4},{"damage":22,"enemies":"3 Louse","floor":4,"turns":3},{"damage":15,"enemies":"3 Sentries","floor":6,"turns":9},{"damage":1,"enemies":"Blue Slaver","floor":7,"turns":3},{"damage":0,"enemies":"Looter","floor":12,"turns":1},{"damage":0,"enemies":"Exordium Wildlife","floor":13,"turns":2},{"damage":0,"enemies":"Gremlin Nob","floor":14,"turns":3},{"damage":48,"enemies":"The Guardian","floor":16,"turns":9},{"damage":9,"enemies":"3 Byrds","floor":18,"turns":5},{"damage":16,"enemies":"2 Thieves","floor":19,"turns":4},{"damage":36,"enemies":"Chosen and Byrds","floor":22,"turns":5},{"damage":16,"enemies":"Slavers","floor":23,"turns":4},{"damage":3,"enemies":"Snecko","floor":25,"turns":3},{"damage":19,"enemies":"Snake Plant","floor":27,"turns":3},{"damage":2,"enemies":"Chosen and Byrds","floor":28,"turns":4},{"damage":15,"enemies":"Snecko","floor":30,"turns":4},{"damage":64,"enemies":"Collector","floor":33,"turns":5}],"seed_played":"4845066167690109812","potions_obtained":[{"floor":1,"key":"BlessingOfTheForge"},{"floor":3,"key":"GamblersBrew"},{"floor":7,"key":"Fire Potion"},{"floor":13,"key":"Swift Potion"},{"floor":22,"key":"LiquidMemories"},{"floor":23,"key":"SteroidPotion"},{"floor":25,"key":"PowerPotion"},{"floor":28,"key":"PowerPotion"}],"is_trial":false,"path_per_floor":["M","M","M","M","?","E","M","?","T","$","?","M","M","E","R","B",null,"M","M","$","?","M","E","R","M","T","M","M","R","M","?","R","B"],"character_chosen":"THE_SILENT","items_purchased":["Tiny Chest","Dagger Throw","Backstab","Noxious Fumes","Setup","Underhanded Strike"],"campfire_rested":2,"item_purchase_floors":[10,10,10,20,20,20],"current_hp_per_floor":[57,54,53,31,31,16,15,38,38,38,38,38,38,38,38,15,70,61,45,45,45,18,12,12,15,22,5,7,23,14,14,30,0,0],"gold":142,"neow_bonus":"BOSS_RELIC","is_daily":false,"chose_seed":false,"campfire_upgraded":2,"win_rate":0.0,"timestamp":1612199081,"path_taken":["M","M","M","M","?","E","M","?","T","$","?","M","M","E","R","BOSS","M","M","$","?","M","E","R","M","T","M","M","R","M","?","R","BOSS"],"items_purchased_type":["Relic","Card","Card","Card","Card","Card"],"build_version":"2020-12-22","purchased_purges":0,"victory":false,"max_hp_per_floor":[70,70,70,70,70,70,70,70,70,70,70,70,70,70,70,70,70,70,70,70,49,49,49,49,49,56,56,56,56,56,56,56,56,56],"card_choices":[{"not_picked":["Calculated Gamble","Underhanded Strike"],"picked":"Dash","floor":1},{"not_picked":["Backflip","Slice"],"picked":"Terror","floor":2},{"not_picked":["PiercingWail","Heel Hook"],"picked":"Poisoned Stab","floor":3},{"not_picked":["Tactician","Deflect"],"picked":"Poisoned Stab","floor":4},{"not_picked":["Flying Knee","Prepared"],"picked":"Adrenaline","floor":6},{"not_picked":["Dagger Throw","Dodge and Roll","Reflex"],"picked":"Flying Knee","floor":7},{"not_picked":["Dodge and Roll","PiercingWail","Skewer"],"picked":"Footwork","floor":12},{"not_picked":["Concentrate","Catalyst","Slice"],"picked":"Blade Dance","floor":13},{"not_picked":["Slice","Acrobatics","Dash"],"picked":"Masterful Stab","floor":14},{"not_picked":["A Thousand Cuts","Unload","Wraith Form v2"],"picked":"Venomology","floor":16},{"not_picked":["Catalyst"],"picked":"Heel Hook+1","floor":18},{"not_picked":["Blade Dance"],"picked":"Terror+1","floor":19},{"not_picked":["Deflect"],"picked":"Dagger Spray","floor":22},{"not_picked":["Deflect+1"],"picked":"Infinite Blades","floor":23},{"not_picked":["Crippling Poison"],"picked":"Poisoned Stab","floor":25},{"not_picked":["Dash"],"picked":"Well Laid Plans","floor":27},{"not_picked":["Outmaneuver","Quick Slash"],"picked":"SKIP","floor":28},{"not_picked":["Flying Knee+1","Dagger Throw+1"],"picked":"SKIP","floor":30}],"player_experience":134669,"relics_obtained":[{"floor":6,"key":"Question Card"},{"floor":6,"key":"Bottled Flame"},{"floor":9,"key":"Mummified Hand"},{"floor":14,"key":"Pen Nib"},{"floor":14,"key":"Pantograph"},{"floor":23,"key":"Happy Flower"},{"floor":23,"key":"Anchor"},{"floor":26,"key":"Strawberry"}],"event_choices":[{"damage_healed":0,"gold_gain":70,"player_choice":"Gained Gold","damage_taken":0,"max_hp_gain":0,"max_hp_loss":0,"event_name":"Golden Wing","floor":5,"gold_loss":0},{"damage_healed":23,"gold_gain":0,"player_choice":"Banana","damage_taken":0,"max_hp_gain":0,"max_hp_loss":0,"event_name":"Big Fish","floor":8,"gold_loss":0},{"damage_healed":0,"gold_gain":0,"player_choice":"Left","damage_taken":0,"max_hp_gain":0,"max_hp_loss":0,"event_name":"betterThird:BetterGoop","floor":11,"gold_loss":8},{"damage_healed":0,"gold_gain":0,"player_choice":"Became a vampire","damage_taken":0,"max_hp_gain":0,"max_hp_loss":21,"event_name":"Vampires","floor":21,"gold_loss":0,"cards_obtained":["Bite","Bite","Bite","Bite","Bite"]},{"damage_healed":0,"gold_gain":0,"player_choice":"Forge","damage_taken":0,"max_hp_gain":0,"max_hp_loss":0,"event_name":"Accursed Blacksmith","floor":31,"gold_loss":0,"cards_upgraded":["Infinite Blades"]}],"is_beta":false,"boss_relics":[{"not_picked":["Astrolabe","Fusion Hammer"],"picked":"Busted Crown"}],"items_purged_floors":[],"is_endless":false,"potions_floor_spawned":[1,3,7,13,22,23,25,28],"killed_by":"Collector","ascension_level":4}}