{"host":"v2nniiiz7kpx7fwo","time":1612192074,"event":{"mods":["2.2 Compatiblity","AchievementEnabler","BaseMod","Colored Map","Colored Powertips","DeckTracker","Highlight Path","KOR Keyword Fix","Minty Spire (QoL Compilation)","Permanent Neow","Quick Restart","Rare Cards Sparkle","SuperFastMode"],"gold_per_floor":[110,129,149,47,47,47,73,93,143,155,155],"floor_reached":10,"language":"KOR","playtime":366,"items_purged":["Strike_R"],"score":116,"play_id":"cdcf2853-a047-4eb2-806d-dfd6ea9d68db","local_time":"20210202000754","is_ascension_mode":true,"campfire_choices":[{"floor":6.0,"key":"REST"}],"circlet_count":0,"master_deck":["AscendersBane","Strike_R","Strike_R","Strike_R","Strike_R","Defend_R","Defend_R","Defend_R","Defend_R","Bash","Inflame","Rampage+1","True Grit","Immolate"],"relics":["Burning Blood","Champion Belt","Bottled Lightning","MawBank"],"acts_visited":["Exordium"],"potions_floor_usage":[],"damage_taken":[{"damage":14.0,"enemies":"Jaw Worm","floor":1.0,"turns":4.0},{"damage":3.0,"enemies":"2 Louse","floor":2.0,"turns":3.0},{"damage":13.0,"enemies":"Small Slimes","floor":3.0,"turns":3.0},{"damage":44.0,"enemies":"Gremlin Nob","floor":7.0,"turns":5.0},{"damage":16.0,"enemies":"Red Slaver","floor":8.0,"turns":4.0},{"damage":20,"enemies":"3 Sentries","floor":10,"turns":2}],"seed_played":"3966720966937776276","potions_obtained":[{"floor":1.0,"key":"Strength Potion"},{"floor":8.0,"key":"ElixirPotion"}],"is_trial":false,"path_per_floor":["M","M","M","$","?","R","E","M","T","E"],"character_chosen":"IRONCLAD","items_purchased":["True Grit"],"campfire_rested":1,"item_purchase_floors":[4],"current_hp_per_floor":[42,45,38,38,38,60,22,12,12,0,0],"gold":155,"neow_bonus":"ONE_RARE_RELIC","is_daily":false,"chose_seed":false,"campfire_upgraded":0,"win_rate":0.0,"timestamp":1612192074,"path_taken":["M","M","M","$","?","R","E","M","T","E"],"items_purchased_type":["Card"],"build_version":"2020-12-22","purchased_purges":1,"victory":false,"max_hp_per_floor":[75,75,75,75,75,75,75,75,75,75,75],"card_choices":[{"not_picked":["Seeing Red","Warcry","Reckless Charge"],"picked":"SKIP","floor":1.0},{"not_picked":["Combust","Perfected Strike"],"picked":"Inflame","floor":2.0},{"not_picked":["Shockwave","Second Wind"],"picked":"Rampage","floor":3.0},{"not_picked":["Feel No Pain","Reckless Charge"],"picked":"Immolate","floor":7.0},{"not_picked":["Intimidate","True Grit","Warcry"],"picked":"SKIP","floor":8.0}],"player_experience":484520,"relics_obtained":[{"floor":7.0,"key":"Bottled Lightning"},{"floor":9.0,"key":"MawBank"}],"event_choices":[{"damage_healed":0.0,"max_hp_gain":0.0,"max_hp_loss":0.0,"gold_gain":0.0,"event_name":"Living Wall","player_choice":"Grow","floor":5.0,"gold_loss":0.0,"damage_taken":0.0,"cards_upgraded":["Rampage"]}],"is_beta":false,"boss_relics":[],"items_purged_floors":[4],"is_endless":false,"potions_floor_spawned":[1,8],"killed_by":"3 Sentries","ascension_level":14}}