{"host":"xp5rvh2jwe2ejyfm","time":1612148149,"event":{"mods":["Aspiration","BaseMod","BetterRewards","Colored Powertips","Conspire","Downfall","Duelist Mod","GifTheSpireLib","Gremlin Mod","Hermit","Hubris","Minty Spire (QoL Compilation)","Robot Space Explorer","StSLib","The Blackbeard","The Clintock","The Construct","The Cursed","The Disciple","The Forsaken","The Hierophant","The Necromancer","The Runesmith","The Servant 0.9.4"],"gold_per_floor":[117,134,152,163,183,213,213,6,6,6,6,26,51,70,70,174,174,185,125,24,24,37,65,65,65],"floor_reached":24,"language":"ENG","playtime":975,"items_purged":[],"score":228,"play_id":"cc080363-9ac4-4eca-8f79-a5d6ce67a394","local_time":"20210131215549","is_ascension_mode":false,"campfire_choices":[{"floor":7,"key":"REST"},{"floor":10,"key":"RECALL"},{"floor":15,"key":"REST"}],"circlet_count":0,"master_deck":["RobotSpaceExplorer:Strike","RobotSpaceExplorer:Strike","RobotSpaceExplorer:Strike","RobotSpaceExplorer:Strike","RobotSpaceExplorer:Defend","RobotSpaceExplorer:Defend","RobotSpaceExplorer:Defend","RobotSpaceExplorer:Scan","RobotSpaceExplorer:MiniLasers","RobotSpaceExplorer:PowerCollector","RobotSpaceExplorer:SurgingShield","RobotSpaceExplorer:DoubleFind","RobotSpaceExplorer:DoubleFind","RobotSpaceExplorer:Discharger","hubris:DuctTapeCard","RobotSpaceExplorer:MiniDrones","RobotSpaceExplorer:TrailblazerForm","RobotSpaceExplorer:SlimeMissile","RobotSpaceExplorer:BlastShield","RobotSpaceExplorer:Electropulse","RobotSpaceExplorer:ExhaustFan","RobotSpaceExplorer:PowerCollector","RobotSpaceExplorer:ScrapMissile","RobotSpaceExplorer:GearShield+1","RobotSpaceExplorer:Probe"],"relics":["RobotSpaceExplorer:RoboCore","conspire:Flyswatter","Chemical X","hubris:DuctTape","RobotSpaceExplorer:ClockworkSextant","MealTicket","theForsaken:PaleLantern","Potion Belt"],"acts_visited":["Exordium","TheCity"],"potions_floor_usage":[4,13,14,16,19,23,24],"damage_taken":[{"damage":2,"enemies":"2 Louse","floor":1,"turns":3},{"damage":3,"enemies":"Small Slimes","floor":2,"turns":4},{"damage":0,"enemies":"Cultist","floor":3,"turns":3},{"damage":26,"enemies":"Large Slime","floor":4,"turns":10},{"damage":0,"enemies":"Blue Slaver","floor":5,"turns":3},{"damage":9,"enemies":"3 Sentries","floor":6,"turns":6},{"damage":9,"enemies":"Lots of Slimes","floor":12,"turns":4},{"damage":23,"enemies":"Lagavulin","floor":13,"turns":7},{"damage":2,"enemies":"Red Slaver","floor":14,"turns":4},{"damage":12,"enemies":"The Guardian","floor":16,"turns":8},{"damage":11,"enemies":"Chosen","floor":18,"turns":6},{"damage":23,"enemies":"2 Thieves","floor":19,"turns":4},{"damage":1,"enemies":"Snake Plant","floor":22,"turns":4},{"damage":41,"enemies":"Slavers","floor":23,"turns":5},{"damage":15,"enemies":"Snecko","floor":24,"turns":3}],"seed_played":"6730220020064743275","potions_obtained":[{"floor":2,"key":"ColorlessPotion"},{"floor":5,"key":"SpeedPotion"},{"floor":6,"key":"SkillPotion"},{"floor":12,"key":"sneckomod:MuddlingPotion"},{"floor":13,"key":"LiquidMemories"},{"floor":18,"key":"BlessingOfTheForge"},{"floor":22,"key":"Fire Potion"}],"is_trial":false,"path_per_floor":["M","M","M","M","M","E","R","$","T","R","?","M","E","M","R","B",null,"M","M","$","?","M","E","M"],"character_chosen":"RobotSpaceExplorer","items_purchased":["Chemical X","RobotSpaceExplorer:ScrapMissile","RobotSpaceExplorer:PowerCollector","RobotSpaceExplorer:ScrapMissile"],"campfire_rested":2,"item_purchase_floors":[8,8,20,20],"current_hp_per_floor":[73,70,70,44,44,35,57,57,57,57,50,41,18,16,38,26,75,64,41,56,56,55,14,0,0],"gold":65,"neow_bonus":"","is_daily":false,"chose_seed":false,"campfire_upgraded":0,"win_rate":0.0,"timestamp":1612148149,"path_taken":["M","M","M","M","M","E","R","$","T","R","?","M","E","M","R","BOSS","M","M","$","?","M","E","M"],"items_purchased_type":["Relic","Card","Card","Card"],"build_version":"2020-12-22","purchased_purges":0,"victory":false,"max_hp_per_floor":[75,75,75,75,75,75,75,75,75,75,75,75,75,75,75,75,75,75,75,75,75,75,75,75,75],"card_choices":[{"not_picked":["RobotSpaceExplorer:ShockKick","RobotSpaceExplorer:GlueShot"],"picked":"RobotSpaceExplorer:Probe","floor":1},{"not_picked":["RobotSpaceExplorer:GlueSpray","RobotSpaceExplorer:ImprovisedAttack"],"picked":"RobotSpaceExplorer:PowerCollector","floor":2},{"not_picked":["RobotSpaceExplorer:FranticSearch","RobotSpaceExplorer:SelfCleaning"],"picked":"RobotSpaceExplorer:SurgingShield","floor":3},{"not_picked":["RobotSpaceExplorer:Probe","RobotSpaceExplorer:SelfCleaning"],"picked":"RobotSpaceExplorer:DoubleFind","floor":4},{"not_picked":["RobotSpaceExplorer:FrostMissile","RobotSpaceExplorer:ShockKick"],"picked":"RobotSpaceExplorer:DoubleFind","floor":5},{"not_picked":["RobotSpaceExplorer:SlimeMissile","RobotSpaceExplorer:Ammunition"],"picked":"RobotSpaceExplorer:Discharger","floor":6},{"not_picked":["RobotSpaceExplorer:Blitz","RobotSpaceExplorer:Discharger"],"picked":"RobotSpaceExplorer:MiniDrones","floor":12},{"not_picked":["RobotSpaceExplorer:FranticSearch","RobotSpaceExplorer:Ammunition"],"picked":"RobotSpaceExplorer:TrailblazerForm","floor":13},{"not_picked":["RobotSpaceExplorer:GearShield","RobotSpaceExplorer:DoubleBlock"],"picked":"RobotSpaceExplorer:SlimeMissile","floor":14},{"not_picked":["RobotSpaceExplorer:Explosion","RobotSpaceExplorer:Exploration"],"picked":"RobotSpaceExplorer:BlastShield","floor":16},{"not_picked":["RobotSpaceExplorer:SurgingStrike","RobotSpaceExplorer:ShovelStrike"],"picked":"RobotSpaceExplorer:Electropulse","floor":18},{"not_picked":["RobotSpaceExplorer:Ammunition","RobotSpaceExplorer:LuckyStrike"],"picked":"RobotSpaceExplorer:ExhaustFan","floor":19},{"not_picked":["RobotSpaceExplorer:FreezingShield","RobotSpaceExplorer:SurgingShield"],"picked":"RobotSpaceExplorer:GearShield+1","floor":22},{"not_picked":["RobotSpaceExplorer:ImprovisedAttack","RobotSpaceExplorer:Counterblock"],"picked":"RobotSpaceExplorer:Probe","floor":23}],"player_experience":372055,"relics_obtained":[{"floor":6,"key":"conspire:Flyswatter"},{"floor":9,"key":"hubris:DuctTape"},{"floor":13,"key":"MealTicket"},{"floor":23,"key":"Potion Belt"}],"event_choices":[{"damage_healed":0,"gold_gain":0,"player_choice":"Success","damage_taken":7,"relics_obtained":["RobotSpaceExplorer:ClockworkSextant"],"max_hp_gain":0,"max_hp_loss":0,"event_name":"Scrap Ooze","floor":11,"gold_loss":0},{"cards_removed":["RobotSpaceExplorer:Defend"],"damage_healed":0,"gold_gain":0,"player_choice":"Card Removal","damage_taken":0,"max_hp_gain":0,"max_hp_loss":0,"event_name":"Wheel of Change","floor":21,"gold_loss":0}],"is_beta":false,"boss_relics":[{"not_picked":["aspiration:RitualDagger","Empty Cage"],"picked":"theForsaken:PaleLantern"}],"items_purged_floors":[],"is_endless":false,"potions_floor_spawned":[2,5,6,12,13,18,22],"killed_by":"Snecko","ascension_level":0}}