{"host":"d5i1qeb9dejicw1z","time":1612158529,"event":{"mods":["AchievementEnabler","BaseMod","Better Note","BetterRewards","Evolution","Gold Saver","Minty Spire (QoL Compilation)","Permanent Neow","Relic Filter Mod","Reliquary","StSLib"],"gold_per_floor":[1024,1040,1040,1040,1051,1051,1084,1100,1124,1124,1142,1067,1095,1112,1112,1189,1239,1258,919,929,929,615,615,87,87,87,137,153,169,169,189,189,267,267,267,287,287,287,306,306,306,306],"floor_reached":41,"language":"ENG","playtime":1394,"items_purged":[],"score":906,"play_id":"dcd91d89-255b-46f6-a1ab-10cc63c0edcc","local_time":"20210131214849","is_ascension_mode":true,"campfire_choices":[{"data":"Chaos","floor":6,"key":"SMITH"},{"data":"Loop","floor":10,"key":"SMITH"},{"floor":15,"key":"REST"},{"data":"Zap","floor":23,"key":"SMITH"},{"floor":30,"key":"REST"},{"floor":32,"key":"REST"},{"floor":40,"key":"REST"}],"circlet_count":0,"master_deck":["AscendersBane","Cold Snap","Cold Snap","Cold Snap","Conserve Battery+1","Conserve Battery","Zap+1","Dualcast","Chaos+1","Ball Lightning","Cold Snap","Loop+1","Capacitor","Electrodynamics","Conserve Battery+1","Echo Form","Reboot","Bandage Up","White Noise+1"],"relics":["Cracked Core","EVO:Axolotl","Strawberry","reliquary:TatteredRug","reliquary:Stiletto","Tiny House","Lee\u0027s Waffle","Sling","Ancient Tea Set","reliquary:LoveEmittingDiode","reliquary:IridiumChain","SlaversCollar"],"acts_visited":["Exordium","TheCity","TheBeyond"],"potions_floor_usage":[7,7,16,17,18,28,31,35,36,39],"damage_taken":[{"damage":0,"enemies":"Cultist","floor":1,"turns":4},{"damage":0,"enemies":"2 Louse","floor":2,"turns":2},{"damage":0,"enemies":"Small Slimes","floor":5,"turns":3},{"damage":0,"enemies":"Gremlin Nob","floor":7,"turns":3},{"damage":3,"enemies":"3 Louse","floor":8,"turns":3},{"damage":13,"enemies":"Exordium Thugs","floor":11,"turns":5},{"damage":9,"enemies":"Lagavulin","floor":13,"turns":5},{"damage":2,"enemies":"Exordium Wildlife","floor":14,"turns":3},{"damage":1,"enemies":"The Guardian","floor":16,"turns":9},{"damage":22,"enemies":"Shell Parasite","floor":18,"turns":4},{"damage":2,"enemies":"Chosen","floor":20,"turns":5},{"damage":19,"enemies":"Snake Plant","floor":28,"turns":4},{"damage":9,"enemies":"Snecko","floor":29,"turns":6},{"damage":12,"enemies":"Shelled Parasite and Fungi","floor":31,"turns":4},{"damage":30,"enemies":"Champ","floor":33,"turns":11},{"damage":0,"enemies":"Orb Walker","floor":35,"turns":1},{"damage":33,"enemies":"3 Shapes","floor":36,"turns":2},{"damage":26,"enemies":"3 Darklings","floor":39,"turns":4},{"damage":69,"enemies":"Giant Head","floor":41,"turns":7}],"seed_played":"7129618511069345023","potions_obtained":[{"floor":2,"key":"Strength Potion"},{"floor":5,"key":"FearPotion"},{"floor":13,"key":"Strength Potion"},{"floor":16,"key":"Fruit Juice"},{"floor":17,"key":"FearPotion"},{"floor":28,"key":"PowerPotion"},{"floor":31,"key":"SmokeBomb"},{"floor":33,"key":"Explosive Potion"},{"floor":36,"key":"FearPotion"}],"is_trial":false,"path_per_floor":["M","M","?","?","M","R","E","M","T","R","M","?","E","M","R","B",null,"M","$","M","?","$","R","$","?","T","?","M","M","R","M","R","B",null,"M","M","?","?","M","R","E"],"character_chosen":"DEFECT","items_purchased":["Electrodynamics","Lee\u0027s Waffle","Sling","Ancient Tea Set","reliquary:LoveEmittingDiode","Echo Form","DuplicationPotion"],"campfire_rested":4,"item_purchase_floors":[19,19,22,22,24,24,24],"current_hp_per_floor":[64,64,64,64,64,64,71,68,68,68,55,55,46,44,67,66,85,63,95,93,93,93,93,93,93,93,93,74,65,93,81,95,65,88,88,55,55,55,33,61,0,0],"gold":306,"neow_bonus":"REMOVE_CARD","is_daily":false,"chose_seed":false,"campfire_upgraded":3,"win_rate":0.0,"timestamp":1612158529,"path_taken":["M","?","?","?","?","R","E","M","T","R","M","?","E","M","R","BOSS","M","$","M","?","?","R","?","?","T","?","?","M","R","M","R","BOSS","M","M","?","?","M","R","E"],"items_purchased_type":["Card","Relic","Relic","Relic","Relic","Card","Potion"],"build_version":"2020-12-22","purchased_purges":0,"victory":false,"max_hp_per_floor":[71,71,71,71,71,71,78,78,78,78,78,78,78,78,78,78,88,88,95,95,95,95,95,95,95,95,95,95,95,95,95,95,95,95,95,95,95,95,95,95,95,95],"card_choices":[{"not_picked":["Leap","Sweeping Beam"],"picked":"Chaos","floor":1},{"not_picked":["Rip and Tear","Scrape"],"picked":"Ball Lightning","floor":2},{"not_picked":["Turbo","Rebound"],"picked":"Cold Snap","floor":5},{"not_picked":["Redo","Rebound","Go for the Eyes"],"picked":"SKIP","floor":7},{"not_picked":["Go for the Eyes","Conserve Battery"],"picked":"Loop","floor":8},{"not_picked":["Skim","Compile Driver","Aggregate"],"picked":"SKIP","floor":11},{"not_picked":["Scrape","Turbo","White Noise"],"picked":"SKIP","floor":13},{"not_picked":["Chill","Cold Snap"],"picked":"Capacitor","floor":14},{"not_picked":["Streamline","Capacitor","Genetic Algorithm"],"picked":"SKIP","floor":18},{"not_picked":["Double Energy+1","Capacitor+1"],"picked":"Conserve Battery","floor":20},{"not_picked":["Barrage","Hologram","Seek"],"picked":"SKIP","floor":28},{"not_picked":["Consume","Redo","Gash"],"picked":"SKIP","floor":29},{"not_picked":["Conserve Battery","Streamline+1"],"picked":"Reboot","floor":31},{"not_picked":["Rip and Tear","Heatsinks","Melter"],"picked":"SKIP","floor":36},{"not_picked":["Madness","Purity"],"picked":"Bandage Up","floor":38},{"not_picked":["Reprogram","Consume+1"],"picked":"White Noise+1","floor":39}],"player_experience":1222014,"relics_obtained":[{"floor":7,"key":"Strawberry"},{"floor":9,"key":"reliquary:TatteredRug"},{"floor":13,"key":"reliquary:Stiletto"},{"floor":26,"key":"reliquary:IridiumChain"}],"event_choices":[{"damage_healed":0,"gold_gain":0,"player_choice":"Ignored","damage_taken":0,"max_hp_gain":0,"max_hp_loss":0,"event_name":"Liars Game","floor":3,"gold_loss":0},{"damage_healed":0,"gold_gain":0,"player_choice":"Ignored","damage_taken":0,"max_hp_gain":0,"max_hp_loss":0,"event_name":"Transmorgrifier","floor":4,"gold_loss":0},{"cards_removed":["Defend_B"],"damage_healed":0,"gold_gain":0,"player_choice":"Card Removal","damage_taken":0,"max_hp_gain":0,"max_hp_loss":0,"event_name":"The Cleric","floor":12,"gold_loss":75},{"damage_healed":0,"gold_gain":0,"player_choice":"Upgraded","damage_taken":0,"max_hp_gain":0,"max_hp_loss":0,"event_name":"Upgrade Shrine","floor":21,"gold_loss":0,"cards_upgraded":["Conserve Battery"]},{"damage_healed":0,"gold_gain":0,"player_choice":"Ignored","damage_taken":0,"max_hp_gain":0,"max_hp_loss":0,"event_name":"betterNote:BetterNote","floor":25,"gold_loss":0,"cards_obtained":["Electrodynamics"]},{"damage_healed":0,"gold_gain":50,"player_choice":"Stole From Cult","damage_taken":0,"max_hp_gain":0,"max_hp_loss":0,"event_name":"Nest","floor":27,"gold_loss":0},{"cards_removed":["Cold Snap"],"damage_healed":0,"gold_gain":0,"player_choice":"Removed Attack","damage_taken":0,"max_hp_gain":0,"max_hp_loss":0,"event_name":"Falling","floor":37,"gold_loss":0},{"damage_healed":0,"gold_gain":0,"player_choice":"Memory 1","damage_taken":0,"max_hp_gain":0,"max_hp_loss":0,"event_name":"SensoryStone","floor":38,"gold_loss":0}],"is_beta":false,"boss_relics":[{"not_picked":["Sozu","Inserter"],"picked":"Tiny House"},{"not_picked":["Empty Cage","Black Star"],"picked":"SlaversCollar"}],"items_purged_floors":[],"is_endless":false,"potions_floor_spawned":[2,5,13,16,28,31,33,36],"killed_by":"Giant Head","ascension_level":20}}