{"host":"59wnhi65kiwmnpg4","time":1612187929,"event":{"mods":["2.2 Compatiblity","AchievementEnabler","BaseMod","BetterRewards","Colored Map","Custom Start","Disable Question Mark Monsters","Highlight Path","Minty Spire (QoL Compilation)","Permanent Neow","Relic Sorter","Relic Stats"],"gold_per_floor":[364,514,439,449,68,68,97,12,12,12,12],"floor_reached":10,"language":"ENG","playtime":376,"items_purged":["Doubt"],"score":128,"play_id":"de5145ac-2170-40a1-b1c7-c8a61bf4b86f","local_time":"20210201135849","is_ascension_mode":true,"campfire_choices":[{"data":"Riddle With Holes","floor":6,"key":"SMITH"}],"circlet_count":0,"master_deck":["AscendersBane","Strike_G","Strike_G","Strike_G","Strike_G","Strike_G","Defend_G","Defend_G","Defend_G","Defend_G","Defend_G","Survivor","Neutralize","Riddle With Holes+1","Poisoned Stab","Noxious Fumes","Crippling Poison","Well Laid Plans"],"relics":["Ring of the Snake","Mercury Hourglass","Ancient Tea Set","InkBottle"],"acts_visited":["Exordium"],"potions_floor_usage":[10,10],"damage_taken":[{"damage":0,"enemies":"2 Louse","floor":1,"turns":5},{"damage":14,"enemies":"Jaw Worm","floor":4,"turns":6},{"damage":12,"enemies":"3 Sentries","floor":7,"turns":6},{"damage":33,"enemies":"Gremlin Nob","floor":10,"turns":4}],"seed_played":"8640388680341368365","potions_obtained":[{"floor":1,"key":"Block Potion"},{"floor":4,"key":"Weak Potion"}],"is_trial":false,"path_per_floor":["M","?","?","M","$","R","E","$","T","E"],"character_chosen":"THE_SILENT","items_purchased":["Mercury Hourglass","Noxious Fumes","Well Laid Plans"],"campfire_rested":0,"item_purchase_floors":[5,5,8],"current_hp_per_floor":[59,59,59,45,45,45,33,33,33,0,0],"gold":12,"neow_bonus":"TWO_FIFTY_GOLD","is_daily":false,"chose_seed":false,"campfire_upgraded":1,"win_rate":0.0,"timestamp":1612187929,"path_taken":["M","?","?","M","$","R","E","?","T","E"],"items_purchased_type":["Relic","Card","Card"],"build_version":"2020-12-22","purchased_purges":1,"victory":false,"max_hp_per_floor":[66,66,66,66,66,66,66,66,66,66,66],"relic_stats":{"counters":[4,21],"obtain_stats":[{"Ancient Tea Set":7,"InkBottle":9,"Ring of the Snake":0,"Mercury Hourglass":5},{"Ancient Tea Set":3,"InkBottle":3,"Ring of the Snake":0,"Mercury Hourglass":2},{"Ancient Tea Set":17,"InkBottle":17,"Ring of the Snake":0,"Mercury Hourglass":11}],"InkBottle":[1],"Ring of the Snake":[8],"Mercury Hourglass":[51]},"card_choices":[{"not_picked":["Flechettes","Dodge and Roll"],"picked":"Riddle With Holes","floor":1},{"not_picked":["Flying Knee","Backflip"],"picked":"Poisoned Stab","floor":4},{"not_picked":["Dagger Spray","Underhanded Strike"],"picked":"Crippling Poison","floor":7}],"player_experience":869792,"relics_obtained":[{"floor":7,"key":"Ancient Tea Set"},{"floor":9,"key":"InkBottle"}],"event_choices":[{"damage_healed":0,"gold_gain":150,"player_choice":"AGREE","damage_taken":0,"max_hp_gain":0,"max_hp_loss":0,"event_name":"Liars Game","floor":2,"gold_loss":0,"cards_obtained":["Doubt"]},{"cards_removed":["Doubt"],"damage_healed":0,"gold_gain":0,"player_choice":"Card Removal","damage_taken":0,"max_hp_gain":0,"max_hp_loss":0,"event_name":"The Cleric","floor":3,"gold_loss":75}],"is_beta":false,"boss_relics":[],"items_purged_floors":[5],"is_endless":false,"potions_floor_spawned":[1,4],"killed_by":"Gremlin Nob","ascension_level":20}}