{"host":"zzywh33h0f2x053k","time":1612191731,"event":{"mods":["Act Like it!","Aspiration","BaseMod","Colored Map","Gensokyo","Grow up Mod","GungeonMod","Hallownest","KomeijiMod","Minty Spire (QoL Compilation)","Quick Restart","Reimu£¨²©ÀöÁéÃÎ£©","RumiaBox-Â¶Ã×æ«µÄÉñÃØºÐ×Ó","Shop Mod","Spicy Shops","StSLib","The Bug Knight","WarShipGirlsR/Õ½½¢ÉÙÅ®R mod","Yakumo Yukari mod","Youmu£¨»êÆÇÑýÃÎ£©","noobMod","¡¾ÒÅÎï¿¨ÅÆ¡¿REMEMod","óô»ðÖ¸ÄÏ"],"gold_per_floor":[114,47,66,66,80,80,309,1145,1197,1197,1230,1242,1260,1294,159,288,288,298,61,71,71,71,71,399,631,631,660,689,284,302,2156,2012,2111,2111,2123,2137,2137,2147,2160,1572,1600,1634,1659,1659,4755,3353,3353,1551,372,372,372,372,47,72,72],"floor_reached":56,"language":"ZHS","playtime":4095,"items_purged":["rmod:defend","rmod:defend","REME_ShadowStrike","Expertise","rmod:goodsister+1","Doubt","rmod:robin","rmod:expedition"],"score":1540,"play_id":"6d69ddea-8c4a-4ce2-a58d-b3418ad67a60","local_time":"20210201230211","is_ascension_mode":true,"campfire_choices":[{"floor":6.0,"key":"RECALL"},{"data":"rmod:expedition+1","floor":52,"key":"SMITH"}],"circlet_count":0,"master_deck":["rmod:strick","rmod:strick","rmod:strick","rmod:basicallowance+1","rmod:wife","rmod:seals+1","rmod:u235","rmod:fuelsupply+1","rmod:secretscript","Madness+1","Panache","Riddle With Holes","rmod:abidefaith+1","rmod:fuelsupply","rmod:chargemoney+1","rmod:ring","rmod:tearstotiara+1","rmod:maintain+1","rmod:robin+1","rmod:tearstotiara+1","rmod:mineteam+1","Magnetism+1","Gensokyo:Shovel","Gensokyo:BlemishedSteel","Gensokyo:Doppelganger","Gensokyo:SpontaneousHumanCombustion+1","Gensokyo:TarnishedGold","rmod:expedition+2","rmod:chargemoney+1"],"relics":["rmod:firstchargereward","ice","REME_ComplimentaryCards","NeowsBlessing","Gensokyo:OccultBall","RuthlessExorcism:ReiMu","Bottled Lightning","MerchantsRug","DemoMod:NanoMachines","DemoMod:Bottle","GodSword6","DemoMod:GnawedKey","Happy Flower","aspiration:ChemicalBlood","Bronze Scales","Smiling Mask","HollowMod:PaleOreRelic","DemoMod:RingOfEthereal","aspiration:FrozenJewel","Cracked Core","ClockworkSouvenir","REME_LowDesire","DemoMod:MonsterBlood","Sling","Frozen Egg 2","FossilizedHelix","KyoryuNoHagoromo","DemoMod:Relodestone","DemoMod:PartiallyEatenCheese","Bag of Preparation","aspiration:StickyExplosives_weak","Philosopher\u0027s Stone","Ornamental Fan","TentaclePot:ReiMu","ZombieArmy","Akabeko","Anchor","PreservedInsect","Incense Burner","Frozen Eye","aspiration:Lifesprig","LastBattle","White Beast Statue","aspiration:SeaSaltIceCream","aspiration:Nostalgia","Ring of the Snake","InkBottle","REME_HourglassOfDeath","DemoMod:ChaffGrenade","rmod:extraamm","Vajra","GodSword4","Bag of Marbles","Ccalipers","Mummified Hand","Bottled Tornado","HollowMod:LifeEnderRelic","Strawberry","DemoMod:WeirdEgg"],"acts_visited":["Gensokyo:Gensokyo","Gensokyo:Gensokyoer","Gensokyo:Gensokyoest","TheEnding"],"potions_floor_usage":[33,33,45,55],"damage_taken":[{"damage":0.0,"enemies":"Gensokyo:3_Fairies","floor":1.0,"turns":1.0},{"damage":0.0,"enemies":"Gensokyo:Gryphon","floor":3.0,"turns":1.0},{"damage":6.0,"enemies":"Gensokyo:2_Kodama","floor":5.0,"turns":2.0},{"damage":26.0,"enemies":"Gensokyo:Mamizou","floor":7.0,"turns":10.0},{"damage":19.0,"enemies":"Gensokyo:Aya","floor":11.0,"turns":3.0},{"damage":10.0,"enemies":"Gensokyo:CorruptedTreant","floor":12.0,"turns":5.0},{"damage":14.0,"enemies":"Gensokyo:2_Rabbits","floor":13.0,"turns":5.0},{"damage":16.0,"enemies":"Gensokyo:Mamizou","floor":14.0,"turns":10.0},{"damage":42.0,"enemies":"Gensokyo:Reimu","floor":16.0,"turns":8.0},{"damage":6.0,"enemies":"Gensokyo:CosmicMonolith","floor":18.0,"turns":4.0},{"damage":21.0,"enemies":"Gensokyo:Chomper","floor":20.0,"turns":4.0},{"damage":25.0,"enemies":"Gensokyo:Reisen","floor":24.0,"turns":5.0},{"damage":27.0,"enemies":"Gensokyo:Koishi","floor":25.0,"turns":4.0},{"damage":23.0,"enemies":"Gensokyo:Reisen","floor":27.0,"turns":5.0},{"damage":13.0,"enemies":"Gensokyo:Koishi","floor":28.0,"turns":4.0},{"damage":0.0,"enemies":"Gensokyo:Swordslinger","floor":30.0,"turns":1.0},{"damage":151.0,"enemies":"Gensokyo:Tenshi","floor":31.0,"turns":4.0},{"damage":15,"enemies":"Gensokyo:Eiki","floor":33,"turns":5},{"damage":0,"enemies":"Gensokyo:AncientGuardian","floor":35,"turns":1},{"damage":0,"enemies":"Gensokyo:3_Bats","floor":36,"turns":2},{"damage":23,"enemies":"Gensokyo:Sharpion","floor":38,"turns":5},{"damage":21,"enemies":"Gensokyo:SeedOfUnknown","floor":39,"turns":5},{"damage":10,"enemies":"Gensokyo:Kasen","floor":41,"turns":5},{"damage":5,"enemies":"Gensokyo:Doremy","floor":42,"turns":5},{"damage":251,"enemies":"Gensokyo:Rafflesia","floor":45,"turns":5},{"damage":0,"enemies":"Gensokyo:Shinki","floor":50,"turns":6},{"damage":0,"enemies":"Shield and Spear","floor":54,"turns":2},{"damage":52,"enemies":"The Heart","floor":55,"turns":5}],"seed_played":"-8870493228482106565","potions_obtained":[{"floor":3.0,"key":"Block Potion"},{"floor":5.0,"key":"FearPotion"},{"floor":7.0,"key":"LiquidMemories"},{"floor":18.0,"key":"DemoMod:LeadSkinPotion"},{"floor":30.0,"key":"LiquidBronze"},{"floor":32.0,"key":"ZuzhouPotion:ReiMu"},{"floor":32.0,"key":"MagicPotion:ReiMu"},{"floor":32.0,"key":"SpeedPotion"},{"floor":32.0,"key":"EssenceOfSteel"},{"floor":32.0,"key":"BlessingOfTheForge"},{"floor":42,"key":"Swift Potion"},{"floor":54,"key":"ZuzhouPotion:ReiMu"}],"is_trial":false,"path_per_floor":["M","COS","M","?","M","R","E","R","T","?","E","M","M","E","R","B",null,"M","COS","M","?","?","R","E","E","T","E","E","R","M","E","R","B",null,"M","M","?","M","M","R","E","E","T","?","M","$","?","COS","R","B",null,"R","$","E","B",null],"character_chosen":"PRAEFECT","items_purchased":["MerchantsRug","REME_OnlineShoppingPlatform","rmod:expedition","WingedGreaves","DemoMod:NanoMachines","DemoMod:Bottle","DemoMod:MeatBun","GodSword6","DemoMod:GnawedKey","Smiling Mask","HollowMod:PaleOreRelic","DemoMod:RingOfEthereal","aspiration:FrozenJewel","aspiration:Nostalgia","ClockworkSouvenir","rmod:chargemoney+1","Bag of Preparation","DemoMod:WhiteGuonStone","War Paint","Cauldron","Ornamental Fan","DemoMod:MemoryAlloy","TentaclePot:ReiMu","Dream Catcher","Anchor","PreservedInsect","Incense Burner","Frozen Eye","rmod:mineteam+1","aspiration:Lifesprig","LastBattle","Magnetism+1","rmod:extraamm","Vajra","GodSword4","Bag of Marbles","Ccalipers","Mummified Hand","rmod:expedition+1","Bottled Tornado","HollowMod:LifeEnderRelic","Strawberry","BlessingOfTheForge"],"campfire_rested":0,"item_purchase_floors":[8,8,8,8,8,8,8,8,8,15,15,15,15,15,15,29,29,29,29,32,40,40,40,40,46,46,46,46,46,46,46,46,49,49,49,49,49,49,49,53,53,53,53],"current_hp_per_floor":[95,105,115,125,129,139,123,147,157,167,158,158,154,148,158,126,262,266,276,267,277,287,297,284,269,279,268,267,277,289,150,160,157,432,442,452,462,449,440,450,464,469,479,489,248,273,283,293,303,313,616,626,643,653,621],"gold":72,"neow_bonus":"THREE_ENEMY_KILL","is_daily":false,"chose_seed":false,"campfire_upgraded":1,"win_rate":0.0,"timestamp":1612191731,"path_taken":["M","COS","M","?","M","R","E","R","T","?","E","M","M","E","R","BOSS","M","COS","M","?","?","R","E","E","T","E","E","R","?","E","R","BOSS","M","?","?","M","M","R","E","E","T","?","?","$","?","COS","R","BOSS","R","$","E","BOSS"],"items_purchased_type":["Relic","Relic","Card","Relic","Relic","Relic","Relic","Relic","Relic","Relic","Relic","Relic","Relic","Relic","Relic","Card","Relic","Relic","Relic","Relic","Relic","Relic","Relic","Relic","Relic","Relic","Relic","Relic","Card","Relic","Relic","Card","Relic","Relic","Relic","Relic","Relic","Relic","Card","Relic","Relic","Relic","Potion"],"build_version":"2020-12-22","purchased_purges":8,"victory":true,"max_hp_per_floor":[95,105,115,125,135,145,155,165,175,185,195,205,215,225,235,245,262,272,282,292,302,312,322,332,342,352,362,372,382,392,402,412,422,432,442,452,462,472,482,492,516,526,536,546,556,566,576,586,596,606,616,626,643,653,673],"card_choices":[{"not_picked":["rmod:heivgo","rmod:luckystar"],"picked":"rmod:intelligenceanalysis","floor":1.0},{"not_picked":["rmod:unsinkable","rmod:punchline","rmod:launchingtorpedo"],"picked":"SKIP","floor":3.0},{"not_picked":["rmod:circuitoustactics","rmod:smokecover"],"picked":"rmod:wife","floor":5.0},{"not_picked":["rmod:gendarmerie","rmod:aviationdawn"],"picked":"rmod:seals","floor":7.0},{"not_picked":["rmod:combined","rmod:fletcherpendant"],"picked":"rmod:u235","floor":11.0},{"not_picked":["rmod:victimresponsibility","rmod:ammunitionsupply","rmod:heivgo"],"picked":"SKIP","floor":12.0},{"not_picked":["rmod:aviationdawn","rmod:supportescort"],"picked":"rmod:fuelsupply","floor":13.0},{"not_picked":["rmod:ammunitionsupply","rmod:fletcherpendant","rmod:wolves"],"picked":"SKIP","floor":14.0},{"not_picked":["rmod:highspeedmaneuver","rmod:auspiciousomen"],"picked":"rmod:secretscript","floor":16.0},{"not_picked":["rmod:victimresponsibility+1","rmod:diamondstrike","rmod:steelsupply+1"],"picked":"Madness+1","floor":18.0},{"not_picked":["rmod:launchingtorpedo","rmod:diamondstrike","rmod:wolves"],"picked":"Panache","floor":20.0},{"not_picked":["rmod:combined+1","rmod:circuitoustactics","Mind Blast"],"picked":"rmod:abidefaith+1","floor":24.0},{"not_picked":["rmod:steelsupply","rmod:supportescort","Metamorphosis"],"picked":"rmod:goodsister+1","floor":25.0},{"not_picked":["rmod:advancebysurprise+1","rmod:combined","rmod:luckystar","Purity+1"],"picked":"SKIP","floor":27.0},{"not_picked":["rmod:lonelyqueen","rmod:diaomin","Purity+1"],"picked":"rmod:fuelsupply","floor":28.0},{"not_picked":["rmod:selfconfidence+1","rmod:capitalist","The Bomb"],"picked":"rmod:ring","floor":30.0},{"not_picked":["rmod:guardianhero","rmod:unsinkable","Deep Breath"],"picked":"rmod:tearstotiara+1","floor":31.0},{"not_picked":["rmod:windflower","rmod:ridicule","RidiculousThoughts+1"],"picked":"rmod:u235","floor":33},{"not_picked":["rmod:tearstotiara","rmod:smokecover","rmod:heivgo","Purity"],"picked":"SKIP","floor":35},{"not_picked":["rmod:fuelsupply+1","rmod:diamondstrike+1","Secret Weapon"],"picked":"rmod:maintain+1","floor":36},{"not_picked":["rmod:steelsupply","rmod:spoils","Dark Shackles"],"picked":"rmod:robin","floor":38},{"not_picked":["rmod:steelsupply+1","rmod:intelligenceanalysis","rmod:smokecover+1","Violence"],"picked":"SKIP","floor":39},{"not_picked":["rmod:smokecover+1","rmod:gendarmerie+1","rmod:fletcherpendant+1","PanicButton"],"picked":"SKIP","floor":41},{"not_picked":["rmod:aviationdawn","rmod:desperatesituation+1","REME_TheoryOfElimination+1"],"picked":"rmod:robin+1","floor":42},{"not_picked":["rmod:salvage+1","rmod:diaomin","GradualImprovement"],"picked":"rmod:tearstotiara+1","floor":45},{"not_picked":["rmod:steelsupply+1","rmod:selfconfidence","REME_TwoStrings"],"picked":"rmod:chargemoney+1","floor":54}],"player_experience":21829,"relics_obtained":[{"floor":7.0,"key":"Gensokyo:OccultBall"},{"floor":7.0,"key":"Bottled Lightning"},{"floor":11.0,"key":"aspiration:ChemicalBlood"},{"floor":14.0,"key":"Bronze Scales"},{"floor":16.0,"key":"Gensokyo:OccultBall"},{"floor":17.0,"key":"Blood Vial"},{"floor":17.0,"key":"DemoMod:MonsterBlood"},{"floor":24.0,"key":"Frozen Egg 2"},{"floor":25.0,"key":"FossilizedHelix"},{"floor":26.0,"key":"KyoryuNoHagoromo"},{"floor":27.0,"key":"Gensokyo:OccultBall"},{"floor":27.0,"key":"DemoMod:Relodestone"},{"floor":28.0,"key":"DemoMod:PartiallyEatenCheese"},{"floor":31.0,"key":"aspiration:StickyExplosives_weak"},{"floor":33,"key":"Gensokyo:OccultBall"},{"floor":41,"key":"Mango"},{"floor":42,"key":"ZombieArmy"},{"floor":43,"key":"Akabeko"},{"floor":54,"key":"DemoMod:WeirdEgg"}],"event_choices":[],"is_beta":false,"boss_relics":[{"not_picked":["AddBug","Empty Cage"],"picked":"REME_LowDesire"},{"not_picked":["SacredBark","rmod:mogul"],"picked":"Philosopher\u0027s Stone"}],"items_purged_floors":[8,15,29,32,40,40,46,49],"is_endless":false,"potions_floor_spawned":[3,5,7,18,20,28,30,35,36,42,54],"ascension_level":1}}