{"host":"hs5g5f0q56ds4vmn","time":1612190358,"event":{"mods":["AchievementEnabler","BaseMod","DeckTracker","Highlight Path","Minty Spire (QoL Compilation)","SuperFastMode","everything is the same but u backflip on backflip"],"gold_per_floor":[118,131,81,81,81,112,73,73,73,73,99,99,133,153,153,254,254,266,266,266,266,284,311,311,311,311],"floor_reached":25,"language":"KOR","playtime":4519,"items_purged":[],"score":273,"play_id":"03e5ba0e-d820-49c1-9fce-62cc941275ab","local_time":"20210201233918","is_ascension_mode":true,"campfire_choices":[{"data":"Well Laid Plans","floor":8.0,"key":"SMITH"},{"data":"Neutralize","floor":10.0,"key":"SMITH"},{"data":"Noxious Fumes","floor":12.0,"key":"SMITH"},{"data":"Eviscerate","floor":15.0,"key":"SMITH"},{"data":"Wraith Form v2","floor":24.0,"key":"SMITH"}],"circlet_count":0,"master_deck":["Strike_G","Strike_G","Strike_G","Defend_G","Defend_G","Defend_G","Defend_G","Defend_G","Survivor","Neutralize+1","Dagger Throw","Poisoned Stab","Underhanded Strike","Well Laid Plans+1","Noxious Fumes+1","Blur","Eviscerate+1","Wraith Form v2+1","Catalyst"],"relics":["Ring of the Snake","NeowsBlessing","Du-Vu Doll","Tiny Chest","Gambling Chip","Runic Dome","Singing Bowl","Bottled Lightning"],"acts_visited":["Exordium","TheCity"],"potions_floor_usage":[],"damage_taken":[{"damage":0.0,"enemies":"Small Slimes","floor":1.0,"turns":1.0},{"damage":0.0,"enemies":"Jaw Worm","floor":2.0,"turns":1.0},{"damage":0.0,"enemies":"3 Sentries","floor":6.0,"turns":1.0},{"damage":15.0,"enemies":"Gremlin Nob","floor":11.0,"turns":4.0},{"damage":18.0,"enemies":"3 Sentries","floor":13.0,"turns":7.0},{"damage":0.0,"enemies":"2 Louse","floor":14.0,"turns":2.0},{"damage":8.0,"enemies":"Hexaghost","floor":16.0,"turns":7.0},{"damage":1.0,"enemies":"Chosen","floor":18.0,"turns":4.0},{"damage":11.0,"enemies":"3 Byrds","floor":22.0,"turns":4.0},{"damage":21.0,"enemies":"Slavers","floor":23.0,"turns":5.0},{"damage":52,"enemies":"Gremlin Leader","floor":25,"turns":7}],"seed_played":"3840870010922226759","potions_obtained":[{"floor":1.0,"key":"AttackPotion"},{"floor":14.0,"key":"LiquidBronze"},{"floor":16.0,"key":"Strength Potion"},{"floor":18.0,"key":"Poison Potion"}],"is_trial":false,"path_per_floor":["M","M","?","?","?","E","$","R","T","R","E","R","E","M","R","B",null,"M","?","?","T","M","E","R","E"],"character_chosen":"THE_SILENT","items_purchased":["Well Laid Plans"],"campfire_rested":0,"item_purchase_floors":[7],"current_hp_per_floor":[70,70,70,75,75,75,75,75,75,75,60,60,42,42,42,34,75,74,74,74,74,65,46,46,0,0],"gold":311,"neow_bonus":"THREE_ENEMY_KILL","is_daily":false,"chose_seed":false,"campfire_upgraded":5,"win_rate":0.0,"timestamp":1612190358,"path_taken":["M","M","?","?","?","E","$","R","T","R","E","R","E","?","R","BOSS","M","?","?","?","M","E","R","E"],"items_purchased_type":["Card"],"build_version":"2020-12-22","purchased_purges":0,"victory":false,"max_hp_per_floor":[70,70,70,75,75,75,75,75,75,75,75,75,75,75,75,75,75,75,75,75,75,77,79,79,79,79],"card_choices":[{"not_picked":["Backstab","Slice"],"picked":"Dagger Throw","floor":1.0},{"not_picked":["Outmaneuver","Distraction"],"picked":"Poisoned Stab","floor":2.0},{"not_picked":["Cloak And Dagger","Masterful Stab"],"picked":"Underhanded Strike","floor":6.0},{"not_picked":["Infinite Blades","All Out Attack"],"picked":"Noxious Fumes","floor":11.0},{"not_picked":["Flying Knee","Skewer"],"picked":"Blur","floor":13.0},{"not_picked":["Flechettes","Reflex"],"picked":"Eviscerate","floor":14.0},{"not_picked":["After Image","Doppelganger"],"picked":"Wraith Form v2","floor":16.0},{"not_picked":["Cloak And Dagger","Blur","Backstab"],"picked":"SKIP","floor":18.0},{"not_picked":["Bane+1","Dodge and Roll","Cloak And Dagger"],"picked":"Singing Bowl","floor":22.0},{"not_picked":["Predator","Deflect","Dagger Throw+1"],"picked":"Singing Bowl","floor":23.0}],"player_experience":526542,"relics_obtained":[{"floor":6.0,"key":"Du-Vu Doll"},{"floor":11.0,"key":"Tiny Chest"},{"floor":13.0,"key":"Gambling Chip"},{"floor":21.0,"key":"Singing Bowl"},{"floor":23.0,"key":"Bottled Lightning"}],"event_choices":[{"cards_removed":["Strike_G"],"damage_healed":0.0,"max_hp_gain":0.0,"max_hp_loss":0.0,"gold_gain":0.0,"event_name":"The Cleric","player_choice":"Card Removal","floor":3.0,"gold_loss":50.0,"damage_taken":0.0},{"damage_healed":0.0,"max_hp_gain":5.0,"max_hp_loss":0.0,"gold_gain":0.0,"event_name":"Big Fish","player_choice":"Donut","floor":4.0,"gold_loss":0.0,"damage_taken":0.0},{"cards_removed":["Strike_G"],"damage_healed":0.0,"max_hp_gain":0.0,"max_hp_loss":0.0,"gold_gain":0.0,"event_name":"Living Wall","player_choice":"Forget","floor":5.0,"gold_loss":0.0,"damage_taken":0.0},{"damage_healed":0.0,"max_hp_gain":0.0,"max_hp_loss":0.0,"gold_gain":0.0,"event_name":"The Library","player_choice":"Read","floor":19.0,"gold_loss":0.0,"damage_taken":0.0,"cards_obtained":["Catalyst"]},{"damage_healed":0.0,"max_hp_gain":0.0,"max_hp_loss":0.0,"gold_gain":0.0,"event_name":"Vampires","player_choice":"Ignored","floor":20.0,"gold_loss":0.0,"damage_taken":0.0}],"is_beta":false,"boss_relics":[{"not_picked":["Tiny House","Runic Pyramid"],"picked":"Runic Dome"}],"items_purged_floors":[],"is_endless":false,"potions_floor_spawned":[1,14,16,18],"killed_by":"Gremlin Leader","ascension_level":1}}