{"host":"e5u7qs1emxzejr12","time":1612200307,"event":{"mods":["100% Spire Juice","2.2 Compatiblity","Act Like it!","Arknights","Ascension Unlocker","Bard","BaseMod","CapriCore","Card Forge","Colored Powertips","Custom Start","GifTheSpireLib","GungeonMod","Highlight Path","Marisa（F雨　魔理沙）","Minty Spire (QoL Compilation)","MostiFishMod","Pale of the Ancients","Prisma Mod","Quick Restart","Relic Filter Mod","Reliquary","Replay The Spire","StSLib","SuperFastMode","The Blackbeard","WarShipGirlsR/战舰少女R mod","篝火指南"],"gold_per_floor":[141,141,141,264,309,396,480,564,564,660,738,837,927,467,10,241,241,280,334,334,412,460,538,643,742,742,841,928,1018,794,887,644,911,911,965,1022,1022,855,288,391,781,877,947,1034,1128,1285,956,946,946,988,1005,1005,558,222,360,477],"floor_reached":57,"language":"ZHS","playtime":3980,"items_purged":[],"score":4593,"play_id":"226a52d5-980b-40af-845f-a6f2cbb04e4b","local_time":"20210202012507","daily_mods":["Heirloom","Flight","DeadlyEvents","Elite Swarm","Midas"],"is_ascension_mode":true,"campfire_choices":[{"floor":49,"key":"RECALL"}],"circlet_count":0,"master_deck":["AscendersBane","DemoMod:ManualReload+1","DemoMod:ConditionalReflex+1","DemoMod:Slinger+1","DemoMod:FullFirepower+1","DemoMod:PracticeMakesPerfect+1","MostiFishMod:Kaleido+1","DemoMod:FastSwitch+1","DemoMod:EasyReloadBullets+1","DemoMod:FightSabre+1","DemoMod:GunslingerForm+1","DemoMod:FightSabre+1","DemoMod:SniperShot+1","DemoMod:ChanceBullets+1","Madness+1","Madness+1","Pot Of Greed+1","Pot Of Greed+1","DemoMod:ConditionalReflex+1"],"relics":["DemoMod:Dog","Hammer of Thor","Seething Fire","Anvil of the Gods","DaveBox","MostiFishMod:AdaptiveDefenses","Replay:Kaleidoscope","SynthV:TestCard","reliquary:IridiumChain","White Beast Statue","reliquary:Firecrackers","reliquary:OuijaBoard","Replay:Bottled Steam","Replay:Ringing Soul","DemoMod:SerJunkan","DemoMod:RatBoots","DemoMod:Junk","Bag of Preparation","reliquary:PurpleTingedLeaf","DemoMod:GnawedKey","reliquary:Bookmark","Black Star","Snack Pack","Calipers","DemoMod:CrisisStone","reliquary:TatteredRug","DemoMod:GlassGuonStoneRelic","Dream Catcher","CombinedTypeHook","Turnip","reliquary:TridentHead","DemoMod:WhiteGuonStone","Art of War","reliquary:PartyBalloon","DemoMod:HoleyGrail","DemoMod:ElasticCartridgeClip","Grinning Jar","HornCleat","Bottled Tornado","Question Card","DemoMod:ClearGuonStone","Old Coin","Mercury Hourglass","Replay:Bandana","DemoMod:PinkGuonStone","DemoMod:MemoryAlloy","StoneCalendar","Toxic Egg 2","Ornamental Fan","reliquary:RoseTintedGlasses","DemoMod:PortableTableDevice","Replay:Bottled Flurry","Happy Flower","Mummified Hand","Chameleon Ring","ReplayTheSpireMod:Lightbulb"],"acts_visited":["Exordium","TheCity","TheBeyond","TheEnding"],"potions_floor_usage":[],"damage_taken":[{"damage":5.0,"enemies":"Small Slimes","floor":1.0,"turns":6.0},{"damage":8.0,"enemies":"Jaw Worm","floor":5.0,"turns":4.0},{"damage":19.0,"enemies":"Lagavulin","floor":6.0,"turns":4.0},{"damage":8.0,"enemies":"Gremlin Nob","floor":7.0,"turns":3.0},{"damage":21.0,"enemies":"3 Sentries","floor":8.0,"turns":6.0},{"damage":12.0,"enemies":"Gremlin Nob","floor":10.0,"turns":3.0},{"damage":0.0,"enemies":"Lagavulin","floor":11.0,"turns":4.0},{"damage":0.0,"enemies":"Gremlin Nob","floor":12.0,"turns":2.0},{"damage":8.0,"enemies":"3 Sentries","floor":13.0,"turns":4.0},{"damage":0.0,"enemies":"Slime Boss","floor":16.0,"turns":6.0},{"damage":19.0,"enemies":"Shell Parasite","floor":18.0,"turns":3.0},{"damage":13.0,"enemies":"Chosen","floor":19.0,"turns":4.0},{"damage":0.0,"enemies":"Slavers","floor":21.0,"turns":5.0},{"damage":0.0,"enemies":"Sentry and Sphere","floor":22.0,"turns":4.0},{"damage":8.0,"enemies":"Gremlin Leader","floor":23.0,"turns":7.0},{"damage":0.0,"enemies":"Slavers","floor":24.0,"turns":4.0},{"damage":0.0,"enemies":"Replay:Snechameleon","floor":25.0,"turns":4.0},{"damage":0.0,"enemies":"Gremlin Leader","floor":27.0,"turns":3.0},{"damage":6.0,"enemies":"Book of Stabbing","floor":28.0,"turns":2.0},{"damage":0.0,"enemies":"Slavers","floor":29.0,"turns":2.0},{"damage":0.0,"enemies":"Replay:Snechameleon","floor":31.0,"turns":2.0},{"damage":0.0,"enemies":"Champ","floor":33.0,"turns":4.0},{"damage":0.0,"enemies":"3 Darklings","floor":35.0,"turns":2.0},{"damage":0.0,"enemies":"3 Shapes","floor":36.0,"turns":1.0},{"damage":0.0,"enemies":"R_Hoarder","floor":40.0,"turns":4.0},{"damage":0.0,"enemies":"Nemesis","floor":41.0,"turns":3.0},{"damage":0,"enemies":"R_Hoarder","floor":42,"turns":4},{"damage":0,"enemies":"Nemesis","floor":44,"turns":3},{"damage":0,"enemies":"R_Hoarder","floor":45,"turns":3},{"damage":0,"enemies":"Nemesis","floor":46,"turns":3},{"damage":0,"enemies":"Awakened One","floor":50,"turns":4},{"damage":0,"enemies":"Time Eater","floor":51,"turns":4},{"damage":0,"enemies":"Shield and Spear","floor":55,"turns":2},{"damage":33,"enemies":"The Heart","floor":56,"turns":5}],"seed_played":"-1224359152528160266","potions_obtained":[{"floor":4.0,"key":"BlessingOfTheForge"},{"floor":5.0,"key":"PowerPotion"},{"floor":10.0,"key":"DemoMod:LeadSkinPotion"},{"floor":13.0,"key":"Languid Potion"},{"floor":19.0,"key":"FairyPotion"},{"floor":28.0,"key":"Languid Potion"}],"is_trial":true,"path_per_floor":["M","?","?","?","M","E","E","E","T","E","E","E","E","$","R","B",null,"M","M","?","E","M","E","E","E","T","E","E","E","$","E","R","B",null,"M","M","?","$","$","E","E","E","T","E","E","E","$","?","R","B","B",null,"R","$","E","B",null],"character_chosen":"HUNTRESS","items_purchased":["reliquary:PurpleTingedLeaf","DemoMod:GnawedKey","DemoMod:ChanceBullets","reliquary:Bookmark","DemoMod:PracticeMakesPerfect","MostiFishMod:Kaleido","DemoMod:WhiteGuonStone","DemoMod:SniperShot+1","DemoMod:HoleyGrail","DemoMod:ChanceBullets","Grinning Jar","HornCleat","Bottled Tornado","reliquary:RoseTintedGlasses","DemoMod:PortableTableDevice","Replay:Bottled Flurry","Happy Flower","Mummified Hand","DemoMod:ConditionalReflex+1"],"campfire_rested":0,"item_purchase_floors":[14,14,14,15,15,15,30,30,32,32,38,39,39,47,47,53,53,54,54],"current_hp_per_floor":[52,52,52,52,44,37,41,35,35,39,42,42,37,40,43,51,74,71,80,80,90,93,96,99,99,99,102,100,102,105,105,108,108,108,111,111,94,97,97,108,114,117,117,124,124,124,124,124,124,124,124,124,124,127,127,127],"gold":477,"neow_bonus":"","is_daily":false,"chose_seed":false,"campfire_upgraded":0,"win_rate":0.0,"timestamp":1612200307,"path_taken":["M","?","?","?","?","E","E","E","T","E","?","E","E","?","R","BOSS","M","?","?","?","?","E","E","E","T","E","?","E","$","E","R","BOSS","M","M","?","$","$","E","E","E","T","E","E","E","?","?","R","BOSS","BOSS","R","$","E","BOSS"],"items_purchased_type":["Relic","Relic","Card","Relic","Card","Card","Relic","Card","Relic","Card","Relic","Relic","Relic","Relic","Relic","Relic","Relic","Relic","Card"],"build_version":"2020-12-22","purchased_purges":0,"victory":true,"max_hp_per_floor":[63,63,63,63,63,63,63,66,66,69,72,72,75,78,81,81,81,84,87,87,90,93,96,99,99,99,102,102,102,105,105,108,108,108,111,111,114,117,117,117,117,117,117,124,124,124,124,124,124,124,124,124,124,127,127,127],"card_choices":[{"not_picked":["DemoMod:Unmoved","DemoMod:CombinedRifle"],"picked":"DemoMod:StickyCrossBow","floor":1.0},{"not_picked":["DemoMod:Ejector","DemoMod:SniperShot","DemoMod:ProbeStrike","DemoMod:MegaHand"],"picked":"DemoMod:ConditionalReflex","floor":4.0},{"not_picked":["DemoMod:Ejector","DemoMod:Unity","DemoMod:BattleInHaste","DemoMod:CursedBullets"],"picked":"DemoMod:SAA","floor":5.0},{"not_picked":["DemoMod:BSG","DemoMod:BlackHoleGun","DemoMod:BulletBore","DemoMod:DarkMarker"],"picked":"DemoMod:BlankBullets","floor":6.0},{"not_picked":["DemoMod:GunslingerForm","DemoMod:BlankBullets","DemoMod:Slinger","DemoMod:Elimentaler"],"picked":"DemoMod:Desperate","floor":7.0},{"not_picked":["DemoMod:BulletBore","DemoMod:BlankBullets","DemoMod:FinishedGun","DemoMod:DarkMarker"],"picked":"DemoMod:DoubleVision","floor":8.0},{"not_picked":["DemoMod:Elimentaler","DemoMod:BalloonGun","DemoMod:ThirdPartyController","DemoMod:BSG"],"picked":"DemoMod:Slinger","floor":10.0},{"not_picked":["DemoMod:ThirdPartyController","DemoMod:Slinger","DemoMod:BlankBullets","DemoMod:SuppressiveFire"],"picked":"DemoMod:FullFirepower","floor":11.0},{"not_picked":["DemoMod:Desperate","DemoMod:ThirdPartyController","DemoMod:DoubleVision","DemoMod:GunslingerForm","DemoMod:Elimentaler"],"picked":"SKIP","floor":12.0},{"not_picked":["DemoMod:Slinger","DemoMod:BalloonGun","DemoMod:Desperate","DemoMod:BulletBore"],"picked":"DemoMod:DoubleVision","floor":13.0},{"not_picked":["DemoMod:DirectionalPad","DemoMod:TableSutra","DemoMod:GunstockTap","DemoMod:FortunesFavor"],"picked":"DemoMod:FastSwitch","floor":18.0},{"not_picked":["DemoMod:Ejector","DemoMod:BattleInHaste","DemoMod:HardPowerCard","DemoMod:AC15"],"picked":"DemoMod:EasyReloadBullets+1","floor":19.0},{"not_picked":["DemoMod:FinishedGun","DemoMod:ThirdPartyController","DemoMod:Desperate","DemoMod:BSG"],"picked":"DemoMod:Elimentaler","floor":21.0},{"not_picked":["DemoMod:TeaPot","DemoMod:Unmoved","DemoMod:AC15","DemoMod:HardPowerCard"],"picked":"DemoMod:HuntsMan","floor":22.0},{"not_picked":["DemoMod:Elimentaler","DemoMod:BalloonGun","DemoMod:BulletBore","DemoMod:DarkMarker"],"picked":"DemoMod:FightSabre","floor":23.0},{"not_picked":["DemoMod:BlankBullets","DemoMod:FinishedGun","DemoMod:ThirdPartyController","DemoMod:BlackHoleGun"],"picked":"DemoMod:GunslingerForm","floor":24.0},{"not_picked":["DemoMod:Slinger","DemoMod:FullFirepower","DemoMod:SuppressiveFire","DemoMod:Desperate","DemoMod:BSG"],"picked":"SKIP","floor":25.0},{"not_picked":["DemoMod:BalloonGun","DemoMod:DoubleVision","DemoMod:DarkMarker","DemoMod:SuppressiveFire"],"picked":"DemoMod:FightSabre","floor":27.0},{"not_picked":["DemoMod:Desperate","DemoMod:BlankBullets","DemoMod:FightSabre","DemoMod:ThirdPartyController","DemoMod:SuppressiveFire"],"picked":"SKIP","floor":28.0},{"not_picked":["DemoMod:BalloonGun","DemoMod:GunslingerForm","DemoMod:BulletBore","DemoMod:BlackHoleGun","DemoMod:ThirdPartyController"],"picked":"SKIP","floor":29.0},{"not_picked":["DemoMod:BlackHoleGun","DemoMod:Desperate","DemoMod:BSG","DemoMod:Elimentaler","DemoMod:BalloonGun"],"picked":"SKIP","floor":31.0},{"not_picked":["DemoMod:BattleInHaste+1","DemoMod:SniperShot+1","DemoMod:AC15","DemoMod:AWP"],"picked":"DemoMod:Camera","floor":35.0},{"not_picked":["DemoMod:Purify+1","DemoMod:GunstockTap","DemoMod:CursedBullets","DemoMod:StickyCrossBow","DemoMod:LifeOrb"],"picked":"SKIP","floor":36.0},{"not_picked":["DemoMod:BalloonGun","DemoMod:BulletBore","DemoMod:Desperate","DemoMod:ThirdPartyController","DemoMod:DarkMarker"],"picked":"SKIP","floor":40.0},{"not_picked":["DemoMod:DarkMarker","DemoMod:BlankBullets","DemoMod:Elimentaler","DemoMod:Slinger","DemoMod:DoubleVision","DemoMod:ThirdPartyController"],"picked":"SKIP","floor":41.0},{"not_picked":["DemoMod:BalloonGun","DemoMod:FightSabre","DemoMod:BSG","DemoMod:DarkMarker","DemoMod:FullFirepower","DemoMod:DoubleVision"],"picked":"SKIP","floor":42},{"not_picked":["DemoMod:FullFirepower","DemoMod:BalloonGun","DemoMod:Desperate","DemoMod:FightSabre","DemoMod:FinishedGun","DemoMod:Elimentaler"],"picked":"SKIP","floor":44},{"not_picked":["DemoMod:SuppressiveFire","DemoMod:Desperate","DemoMod:FullFirepower","DemoMod:Slinger","DemoMod:DoubleVision","DemoMod:Elimentaler"],"picked":"SKIP","floor":45},{"not_picked":["DemoMod:BSG","DemoMod:Slinger","DemoMod:BalloonGun","DemoMod:BulletBore","DemoMod:FinishedGun","DemoMod:GunslingerForm"],"picked":"SKIP","floor":46},{"not_picked":["DemoMod:BSG","DemoMod:Elimentaler","DemoMod:FinishedGun","DemoMod:DarkMarker","DemoMod:ThirdPartyController","DemoMod:FightSabre"],"picked":"SKIP","floor":55}],"player_experience":79055,"relics_obtained":[{"floor":1.0,"key":"SynthV:TestCard"},{"floor":4.0,"key":"White Beast Statue"},{"floor":6.0,"key":"reliquary:Firecrackers"},{"floor":7.0,"key":"reliquary:OuijaBoard"},{"floor":7.0,"key":"Replay:Bottled Steam"},{"floor":8.0,"key":"Replay:Ringing Soul"},{"floor":9.0,"key":"DemoMod:SerJunkan"},{"floor":10.0,"key":"DemoMod:RatBoots"},{"floor":11.0,"key":"DemoMod:Junk"},{"floor":12.0,"key":"DemoMod:Junk"},{"floor":13.0,"key":"Bag of Preparation"},{"floor":21.0,"key":"Snack Pack"},{"floor":21.0,"key":"DemoMod:Junk"},{"floor":23.0,"key":"DemoMod:Junk"},{"floor":23.0,"key":"DemoMod:Junk"},{"floor":24.0,"key":"DemoMod:Junk"},{"floor":24.0,"key":"Calipers"},{"floor":25.0,"key":"DemoMod:Junk"},{"floor":25.0,"key":"DemoMod:Junk"},{"floor":27.0,"key":"DemoMod:CrisisStone"},{"floor":27.0,"key":"reliquary:TatteredRug"},{"floor":28.0,"key":"Dream Catcher"},{"floor":28.0,"key":"CombinedTypeHook"},{"floor":29.0,"key":"Turnip"},{"floor":29.0,"key":"reliquary:TridentHead"},{"floor":31.0,"key":"Art of War"},{"floor":31.0,"key":"reliquary:PartyBalloon"},{"floor":40.0,"key":"DemoMod:Junk"},{"floor":40.0,"key":"Question Card"},{"floor":41.0,"key":"DemoMod:ClearGuonStone"},{"floor":41.0,"key":"Old Coin"},{"floor":42,"key":"DemoMod:Junk"},{"floor":42,"key":"DemoMod:Junk"},{"floor":43,"key":"Mercury Hourglass"},{"floor":44,"key":"Replay:Bandana"},{"floor":44,"key":"DemoMod:PinkGuonStone"},{"floor":45,"key":"DemoMod:MemoryAlloy"},{"floor":45,"key":"StoneCalendar"},{"floor":46,"key":"Toxic Egg 2"},{"floor":46,"key":"Ornamental Fan"},{"floor":55,"key":"Chameleon Ring"},{"floor":55,"key":"ReplayTheSpireMod:Lightbulb"}],"event_choices":[{"damage_healed":0.0,"max_hp_gain":0.0,"max_hp_loss":0.0,"gold_gain":0.0,"event_name":"Big Fish","player_choice":"Box","floor":3.0,"gold_loss":0.0,"damage_taken":0.0,"relics_obtained":["reliquary:IridiumChain"],"cards_obtained":["Regret"]},{"damage_healed":0.0,"max_hp_gain":0.0,"max_hp_loss":0.0,"gold_gain":0.0,"event_name":"Vampires","player_choice":"Ignored","floor":20.0,"gold_loss":0.0,"damage_taken":0.0},{"damage_healed":0.0,"max_hp_gain":0.0,"max_hp_loss":0.0,"gold_gain":0.0,"event_name":"Winding Halls","player_choice":"Embrace Madness","floor":37.0,"gold_loss":0.0,"damage_taken":20.0,"cards_obtained":["Madness","Madness"]}],"is_beta":false,"boss_relics":[{"not_picked":["reliquary:RedPaperclip","DemoMod:Test1"],"picked":"Black Star"},{"not_picked":["Transparent","TimeKeys"],"picked":"DemoMod:ElasticCartridgeClip"}],"items_purged_floors":[],"is_endless":false,"potions_floor_spawned":[5,6,7,8,10,11,12,13,16,18,19,21,22,23,24,25,27,28,29,31,33,35,36,40,41,42,44,45,46,55],"ascension_level":20}}