{"host":"neeznpvpgo0qgfkd","time":1612155353,"event":{"mods":["AchievementEnabler","BaseMod","BetterRewards","Colored Map","Colored Powertips","Exacting","Minty Spire (QoL Compilation)","Permanent Neow","Quick Restart","Shop Mod"],"gold_per_floor":[119,119,149,6,6,32,51,81,81,81,92,123,123,123,123,201,201,232,232,232,158,158,185,185,217,243,243,168,193,193,219,219,295,295,322,41,91,91,125,159,159,191,230,271,332,379,203,203,203,203,203,203,26,66,66],"floor_reached":56,"language":"ENG","playtime":3132,"items_purged":[],"score":3011,"play_id":"a5ef99f8-d06c-48a4-bcbc-23bdf72596ec","local_time":"20210131235553","is_ascension_mode":true,"campfire_choices":[{"floor":10.0,"key":"REST"},{"floor":15.0,"key":"REST"},{"floor":27.0,"key":"REST"},{"data":"Apotheosis","floor":30.0,"key":"SMITH"},{"floor":32.0,"key":"RECALL"},{"data":"Infinite Blades","floor":41.0,"key":"SMITH"},{"data":"Tactician","floor":49.0,"key":"SMITH"},{"data":"Sadistic Nature","floor":52.0,"key":"SMITH"}],"circlet_count":0,"master_deck":["AscendersBane","Strike_G+1","Strike_G+1","Strike_G+1","Defend_G+1","Defend_G+1","Defend_G+1","Defend_G+1","Defend_G+1","Survivor+1","Neutralize","Infinite Blades+1","Infinite Blades","Sadistic Nature","Accuracy","Prepared","Apotheosis+1","Noxious Fumes","Underhanded Strike","Poisoned Stab","Burst","Dash","Adrenaline+1","CurseOfTheBell","Flying Knee","Terror","Finisher","Blade Dance","Adrenaline","Accuracy","Cloak And Dagger","Cloak And Dagger","Sadistic Nature+1","Accuracy+1","Dagger Spray","Accuracy","Dodge and Roll+1","Tactician+1","Finesse","Bane+1"],"relics":["Ring of the Snake","Membership Card","Gambling Chip","Unceasing Top","Snake Skull","Akabeko","Pantograph","Blue Candle","Happy Flower","Nunchaku","Eternal Feather","Incense Burner","MutagenicStrength","MerchantsRug","Question Card","The Specimen","Bottled Lightning","Ice Cream","SlaversCollar","StoneCalendar","Ancient Tea Set","Ginger","Bag of Marbles","Oddly Smooth Stone","CeramicFish","Molten Egg 2","Potion Belt","Mummified Hand","OrangePellets","Toy Ornithopter"],"acts_visited":["Exordium","TheCity","TheBeyond","TheEnding"],"potions_floor_usage":[55,55],"damage_taken":[{"damage":3.0,"enemies":"2 Louse","floor":1.0,"turns":3.0},{"damage":1.0,"enemies":"Cultist","floor":3.0,"turns":4.0},{"damage":29.0,"enemies":"3 Sentries","floor":6.0,"turns":7.0},{"damage":4.0,"enemies":"Jaw Worm","floor":7.0,"turns":2.0},{"damage":2.0,"enemies":"Lagavulin","floor":8.0,"turns":4.0},{"damage":6.0,"enemies":"Red Slaver","floor":11.0,"turns":4.0},{"damage":12.0,"enemies":"3 Sentries","floor":12.0,"turns":4.0},{"damage":33.0,"enemies":"The Guardian","floor":16.0,"turns":8.0},{"damage":16.0,"enemies":"Shell Parasite","floor":18.0,"turns":4.0},{"damage":29.0,"enemies":"Book of Stabbing","floor":23.0,"turns":5.0},{"damage":24.0,"enemies":"Gremlin Leader","floor":25.0,"turns":6.0},{"damage":22.0,"enemies":"Slavers","floor":29.0,"turns":5.0},{"damage":18.0,"enemies":"Book of Stabbing","floor":31.0,"turns":5.0},{"damage":29.0,"enemies":"Champ","floor":33.0,"turns":7.0},{"damage":0.0,"enemies":"3 Darklings","floor":35.0,"turns":3.0},{"damage":14.0,"enemies":"2 Orb Walkers","floor":37.0,"turns":4.0},{"damage":0.0,"enemies":"Orb Walker","floor":39.0,"turns":1.0},{"damage":0.0,"enemies":"Giant Head","floor":40.0,"turns":3.0},{"damage":11.0,"enemies":"Nemesis","floor":42.0,"turns":3.0},{"damage":1.0,"enemies":"Giant Head","floor":44.0,"turns":4.0},{"damage":2.0,"enemies":"3 Darklings","floor":45.0,"turns":3.0},{"damage":13.0,"enemies":"Reptomancer","floor":46.0,"turns":3.0},{"damage":68.0,"enemies":"Time Eater","floor":50.0,"turns":7.0},{"damage":12.0,"enemies":"Shield and Spear","floor":54.0,"turns":3.0},{"damage":79,"enemies":"The Heart","floor":55,"turns":7}],"seed_played":"-148590959906044612","potions_obtained":[{"floor":6.0,"key":"BlessingOfTheForge"},{"floor":6.0,"key":"AttackPotion"},{"floor":7.0,"key":"PowerPotion"},{"floor":11.0,"key":"AttackPotion"},{"floor":16.0,"key":"CunningPotion"},{"floor":18.0,"key":"SmokeBomb"},{"floor":25.0,"key":"SpeedPotion"},{"floor":25.0,"key":"CultistPotion"},{"floor":29.0,"key":"Regen Potion"},{"floor":31.0,"key":"LiquidBronze"},{"floor":37.0,"key":"Energy Potion"},{"floor":40.0,"key":"Weak Potion"},{"floor":45.0,"key":"Fire Potion"},{"floor":54.0,"key":"Dexterity Potion"}],"is_trial":false,"path_per_floor":["M","?","M","$","?","E","M","E","T","R","M","E","?","T","R","B",null,"M","?","?","$","?","E","?","E","T","R","?","E","R","E","R","B",null,"M","$","?","?","M","E","R","E","T","E","M","E","$","?","R","B",null,"R","$","E","B",null],"character_chosen":"THE_SILENT","items_purchased":["Membership Card","Infinite Blades","Unceasing Top","Infinite Blades","Sadistic Nature","Snake Skull","Accuracy","Prepared","Apotheosis","Noxious Fumes","Regal Pillow","MerchantsRug","GhostInAJar","StoneCalendar","Ancient Tea Set","Accuracy","Cloak And Dagger","Molten Egg 2","Potion Belt","Finesse","Fruit Juice","Mummified Hand","OrangePellets"],"campfire_rested":3,"item_purchase_floors":[0,0,0,0,0,0,0,0,4,4,21,21,21,36,36,36,36,47,47,47,47,53,53],"current_hp_per_floor":[56,56,55,55,55,26,22,20,20,39,33,21,21,21,40,32,58,42,42,24,24,24,30,30,6,13,66,66,44,59,53,68,49,71,71,71,57,57,57,57,78,67,67,66,64,51,56,56,77,15,66,83,83,83,4],"gold":66,"neow_bonus":"","is_daily":false,"chose_seed":false,"campfire_upgraded":4,"win_rate":0.0,"timestamp":1612155353,"path_taken":["M","?","?","$","?","E","M","E","T","R","?","E","?","?","R","BOSS","M","?","?","$","?","E","?","E","T","R","?","E","R","E","R","BOSS","M","$","?","?","?","E","R","E","T","E","M","E","$","?","R","BOSS","R","$","E","BOSS"],"items_purchased_type":["Relic","Card","Relic","Card","Card","Relic","Card","Card","Card","Card","Relic","Relic","Potion","Relic","Relic","Card","Card","Relic","Relic","Card","Potion","Relic","Relic"],"build_version":"2020-12-22","purchased_purges":0,"victory":true,"max_hp_per_floor":[66,66,66,66,66,66,66,66,66,66,66,66,66,66,66,66,66,66,66,71,71,71,71,71,71,78,78,78,78,78,78,78,78,78,78,78,78,78,78,78,78,78,78,78,78,78,83,83,83,83,83,83,83,83,83],"card_choices":[{"not_picked":["Bane","Slice","Calculated Gamble"],"picked":"SKIP","floor":1.0},{"not_picked":["Backflip","Flechettes","Prepared"],"picked":"SKIP","floor":3.0},{"not_picked":["Prepared","Concentrate"],"picked":"Underhanded Strike","floor":6.0},{"not_picked":["Endless Agony","Outmaneuver"],"picked":"Poisoned Stab","floor":7.0},{"not_picked":["Flechettes","Slice","Calculated Gamble"],"picked":"SKIP","floor":7.0},{"not_picked":["Slice","Underhanded Strike"],"picked":"Burst","floor":8.0},{"not_picked":["Dagger Spray","Dodge and Roll"],"picked":"Dash","floor":11.0},{"not_picked":["Expertise","Dash","Unload"],"picked":"SKIP","floor":12.0},{"not_picked":["Burst","A Thousand Cuts"],"picked":"Adrenaline","floor":16.0},{"not_picked":["Dodge and Roll","Caltrops"],"picked":"Flying Knee","floor":18.0},{"not_picked":["Well Laid Plans","Leg Sweep","Predator"],"picked":"SKIP","floor":23.0},{"not_picked":["Deadly Poison","Distraction+1","PiercingWail"],"picked":"Terror","floor":25.0},{"not_picked":["PiercingWail","Slice","Storm of Steel"],"picked":"Finisher","floor":29.0},{"not_picked":["Eviscerate","Leg Sweep","Acrobatics"],"picked":"Blade Dance","floor":31.0},{"not_picked":["Grand Finale","Venomology","Malaise"],"picked":"Adrenaline","floor":33.0},{"not_picked":["Dagger Throw","Poisoned Stab","Flechettes","Sucker Punch"],"picked":"SKIP","floor":35.0},{"not_picked":["Bane+1","Deflect","Blade Dance"],"picked":"Cloak And Dagger","floor":37.0},{"not_picked":["Underhanded Strike","Terror","Dagger Throw"],"picked":"Accuracy+1","floor":39.0},{"not_picked":["Slice","Caltrops","Concentrate+1"],"picked":"Dagger Spray","floor":40.0},{"not_picked":["Acrobatics","PiercingWail+1","Dodge and Roll"],"picked":"Flying Knee+1","floor":42.0},{"not_picked":["Caltrops","Well Laid Plans","Bouncing Flask"],"picked":"Accuracy","floor":44.0},{"not_picked":["Storm of Steel","Calculated Gamble","Flying Knee"],"picked":"Dodge and Roll+1","floor":45.0},{"not_picked":["Sucker Punch","Prepared","Phantasmal Killer"],"picked":"Tactician","floor":46.0},{"not_picked":["Poisoned Stab+1","Eviscerate+1","Dodge and Roll"],"picked":"Bane+1","floor":54.0}],"player_experience":1959918,"relics_obtained":[{"floor":6.0,"key":"Akabeko"},{"floor":8.0,"key":"Dead Branch"},{"floor":9.0,"key":"Pantograph"},{"floor":12.0,"key":"Blue Candle"},{"floor":17.0,"key":"Nunchaku"},{"floor":17.0,"key":"Eternal Feather"},{"floor":17.0,"key":"Incense Burner"},{"floor":23.0,"key":"Question Card"},{"floor":25.0,"key":"The Specimen"},{"floor":26.0,"key":"Strawberry"},{"floor":29.0,"key":"Bottled Lightning"},{"floor":31.0,"key":"Ice Cream"},{"floor":37.0,"key":"Ginger"},{"floor":40.0,"key":"Bag of Marbles"},{"floor":42.0,"key":"MawBank"},{"floor":43.0,"key":"Oddly Smooth Stone"},{"floor":44.0,"key":"War Paint"},{"floor":46.0,"key":"CeramicFish"},{"floor":54.0,"key":"Toy Ornithopter"}],"event_choices":[{"cards_removed":["Strike_G"],"damage_healed":0.0,"max_hp_gain":0.0,"max_hp_loss":0.0,"gold_gain":0.0,"event_name":"Wheel of Change","player_choice":"Card Removal","floor":2.0,"gold_loss":0.0,"damage_taken":0.0},{"damage_healed":0.0,"max_hp_gain":0.0,"max_hp_loss":0.0,"gold_gain":0.0,"event_name":"Purifier","player_choice":"Ignored","floor":5.0,"gold_loss":0.0,"damage_taken":0.0},{"damage_healed":0.0,"max_hp_gain":0.0,"max_hp_loss":0.0,"gold_gain":0.0,"event_name":"Dead Adventurer","player_choice":"Searched \u00271\u0027 times","floor":13.0,"gold_loss":0.0,"damage_taken":0.0,"relics_obtained":["Happy Flower"]},{"damage_healed":0.0,"max_hp_gain":0.0,"max_hp_loss":0.0,"gold_gain":0.0,"event_name":"Drug Dealer","player_choice":"Inject Mutagens","floor":19.0,"gold_loss":0.0,"damage_taken":0.0,"relics_obtained":["MutagenicStrength"]},{"damage_healed":0.0,"max_hp_gain":5.0,"max_hp_loss":0.0,"gold_gain":0.0,"event_name":"Forgotten Altar","player_choice":"Shed Blood","floor":20.0,"gold_loss":0.0,"damage_taken":23.0},{"damage_healed":0.0,"max_hp_gain":0.0,"max_hp_loss":0.0,"gold_gain":0.0,"event_name":"Ghosts","player_choice":"Ignored","floor":22.0,"gold_loss":0.0,"damage_taken":0.0},{"damage_healed":0.0,"max_hp_gain":0.0,"max_hp_loss":0.0,"gold_gain":0.0,"event_name":"Back to Basics","player_choice":"Simplicity","floor":24.0,"gold_loss":0.0,"damage_taken":0.0,"cards_upgraded":["Strike_G","Strike_G","Strike_G","Strike_G","Defend_G","Defend_G","Defend_G","Defend_G","Defend_G"]},{"cards_removed":["Strike_G"],"damage_healed":0.0,"max_hp_gain":0.0,"max_hp_loss":0.0,"gold_gain":0.0,"event_name":"Beggar","player_choice":"Gave Gold","floor":28.0,"gold_loss":75.0,"damage_taken":0.0},{"damage_healed":0.0,"max_hp_gain":0.0,"max_hp_loss":0.0,"gold_gain":0.0,"event_name":"Mysterious Sphere","player_choice":"Fight","floor":37.0,"gold_loss":0.0,"damage_taken":0.0},{"damage_healed":0.0,"max_hp_gain":0.0,"max_hp_loss":0.0,"gold_gain":0.0,"event_name":"Duplicator","player_choice":"Copied","floor":38.0,"gold_loss":0.0,"damage_taken":0.0,"cards_obtained":["Sadistic Nature"]},{"cards_removed":["Flying Knee"],"damage_healed":0.0,"max_hp_gain":0.0,"max_hp_loss":0.0,"gold_gain":0.0,"event_name":"Falling","player_choice":"Removed Attack","floor":48.0,"gold_loss":0.0,"damage_taken":0.0}],"is_beta":false,"boss_relics":[{"not_picked":["Empty Cage","Philosopher\u0027s Stone"],"picked":"Calling Bell"},{"not_picked":["Astrolabe","Runic Dome"],"picked":"SlaversCollar"}],"items_purged_floors":[],"is_endless":false,"potions_floor_spawned":[6,7,11,16,18,25,31,37,39,40,45,54],"ascension_level":19}}