{"host":"0068lo8nqxkxlxxx","time":1612151965,"event":{"mods":["2.2 Compatiblity","AchievementEnabler","Act Like it!","Aspiration","BaseMod","Better Altar","Better Match","Better Note","Better Sensory Stone","Better Skull","Better Third Choice","BetterRewards","Colored Map","Elementarium","Energized Spire","Fox Events","Friendly Minions","GifTheSpireLib","Halation","Hubris","Infinite Spire","Jedi Mod","Minty Spire (QoL Compilation)","Pale of the Ancients","Potionbrewer","Replay The Spire","Shop Mod","Somnambulant","Spikes Relics","StSLib","Stuff the Spire","The Disciple","The Jungle","The Marked","The Sage","Trackpad"],"gold_per_floor":[109,109,125,138,138,138,156,156,203,203,223,235,250,277,277,380,380,390,406,33,45,55,84,84,0,0,0,0,0,31,31,31,31,31],"floor_reached":33,"language":"ENG","playtime":1581,"items_purged":["Strike_R"],"score":277,"play_id":"37287491-c378-430a-ad4b-28d0b16cd94f","local_time":"20210131225925","is_ascension_mode":false,"campfire_choices":[{"data":"Inflame","floor":6,"key":"SMITH"},{"floor":8,"key":"REST"},{"data":"Bash","floor":10,"key":"SMITH"},{"data":"Hemokinesis","floor":15,"key":"SMITH"},{"floor":27,"key":"REST"},{"data":"infinitespire:TheBestDefense","floor":32,"key":"SMITH"}],"circlet_count":0,"master_deck":["Strike_R","Strike_R","Strike_R","Defend_R","Defend_R","Defend_R","Defend_R","Bash+1","Hemokinesis+1","Iron Wave","Inflame+1","Cleave","Bludgeon","StuffTheSpire:Incineration","Seeing Red+1","Iron Wave","Uppercut","Life Link+1","Shame","Seeing Red","Whirlwind","infinitespire:TheBestDefense+1"],"relics":["Burning Blood","halation:PurpleSoulGem","Ring of Panic","Potion Belt","StuffTheSpire:GrapeVine","jedi:paperlyon","Membership Card","trackpad:PetRock","MerchantsRug","hubris:Potato","trackpad:WondrousWand","Anchor","hubris:ToyBattleship"],"acts_visited":["Exordium","TheCity"],"potions_floor_usage":[16,21,23],"damage_taken":[{"damage":10,"enemies":"Cultist","floor":1,"turns":5},{"damage":7,"enemies":"Jaw Worm","floor":3,"turns":4},{"damage":19,"enemies":"infinitespire:Voidling","floor":4,"turns":4},{"damage":14,"enemies":"Exordium Wildlife","floor":7,"turns":4},{"damage":3,"enemies":"Large Slime","floor":11,"turns":4},{"damage":7,"enemies":"Exordium Thugs","floor":12,"turns":4},{"damage":2,"enemies":"2 Fungi Beasts","floor":13,"turns":2},{"damage":32,"enemies":"Fading Forest","floor":16,"turns":11},{"damage":11,"enemies":"Shell Parasite","floor":18,"turns":3},{"damage":2,"enemies":"2 Thieves","floor":19,"turns":2},{"damage":28,"enemies":"Centurion and Healer","floor":21,"turns":4},{"damage":7,"enemies":"Chosen and Byrds","floor":22,"turns":3},{"damage":26,"enemies":"Book of Stabbing","floor":23,"turns":4},{"damage":8,"enemies":"Gremlin Leader","floor":30,"turns":4},{"damage":0,"enemies":"Champ","floor":33,"turns":1}],"seed_played":"-4705809261434706256","potions_obtained":[{"floor":11,"key":"BloodPotion"},{"floor":12,"key":"jedi:tentaclejuice"},{"floor":13,"key":"ColorlessPotion"},{"floor":19,"key":"Venom Potion"},{"floor":22,"key":"potionbrewer:AcidPotion"}],"is_trial":false,"path_per_floor":["M","?","M","M","?","R","M","R","T","R","M","M","M","T","R","B",null,"M","M","$","M","M","E","?","?","T","R","?","?","E","AVR","R","B"],"character_chosen":"IRONCLAD","items_purchased":["Membership Card","trackpad:PetRock","Iron Wave","MerchantsRug"],"campfire_rested":2,"item_purchase_floors":[20,20,20,20],"current_hp_per_floor":[76,76,75,69,69,69,61,80,80,80,80,79,80,80,80,54,80,75,79,79,73,72,52,52,52,52,76,76,76,74,74,74,19,19],"gold":31,"neow_bonus":"REMOVE_CARD","is_daily":false,"chose_seed":false,"campfire_upgraded":4,"win_rate":0.0,"timestamp":1612151965,"path_taken":["M","?","M","M","?","R","?","R","T","R","M","M","?","?","R","BOSS","M","M","$","M","M","E","?","?","T","R","?","?","E","AVR","R","BOSS"],"items_purchased_type":["Relic","Relic","Card","Relic"],"build_version":"2020-12-22","purchased_purges":1,"victory":false,"max_hp_per_floor":[80,80,80,80,80,80,80,80,80,80,80,80,80,80,80,80,80,80,80,80,80,80,80,80,80,80,80,80,80,80,80,80,80,80],"card_choices":[{"not_picked":["ReplayTheSpireMod:Strike From Hell","True Grit"],"picked":"Hemokinesis","floor":1},{"not_picked":["Sword Boomerang","Warcry"],"picked":"Iron Wave","floor":3},{"not_picked":["Invigoration","jedi:fear"],"picked":"Inflame","floor":4},{"not_picked":["StuffTheSpire:RockThrow","Dark Embrace","Twin Strike"],"picked":"SKIP","floor":7},{"not_picked":["hubris:StunningStrike","Replay:Undeath\u0027s Touch"],"picked":"Cleave","floor":11},{"not_picked":["jedi:MakeshiftSword","Clothesline","hubris:SharpeningStone"],"picked":"SKIP","floor":12},{"not_picked":["Wild Strike","Headbutt","Clash"],"picked":"SKIP","floor":13},{"not_picked":["Feed","Offering"],"picked":"Bludgeon","floor":16},{"not_picked":["Disarm+1","StuffTheSpire:Resist"],"picked":"StuffTheSpire:Incineration","floor":18},{"not_picked":["Life Link","Body Slam"],"picked":"Seeing Red+1","floor":19},{"not_picked":["Anger","StuffTheSpire:RagingBull+1","Sentinel"],"picked":"SKIP","floor":21},{"not_picked":["Anger","Entrench"],"picked":"Uppercut","floor":22},{"not_picked":["StuffTheSpire:Pyroclast","Second Wind"],"picked":"Life Link+1","floor":23},{"not_picked":["Dual Wield","Abandon"],"picked":"Whirlwind","floor":30}],"player_experience":92205,"relics_obtained":[{"floor":5,"key":"Ring of Panic"},{"floor":9,"key":"Potion Belt"},{"floor":14,"key":"StuffTheSpire:GrapeVine"},{"floor":23,"key":"hubris:Potato"},{"floor":26,"key":"trackpad:WondrousWand"},{"floor":30,"key":"hubris:ToyBattleship"}],"event_choices":[{"cards_removed":["Strike_R"],"damage_healed":0,"gold_gain":0,"player_choice":"Give","damage_taken":0,"max_hp_gain":0,"max_hp_loss":0,"event_name":"betterNote:BetterNote","floor":24,"gold_loss":0,"cards_obtained":["Strike_R"]},{"damage_healed":0,"gold_gain":0,"player_choice":"Paid Fearfully","damage_taken":0,"max_hp_gain":0,"max_hp_loss":0,"event_name":"Masked Bandits","floor":25,"gold_loss":84},{"damage_healed":0,"gold_gain":0,"player_choice":"Stole Relic","damage_taken":0,"relics_obtained":["Anchor"],"max_hp_gain":0,"max_hp_loss":0,"event_name":"Addict","floor":28,"gold_loss":0,"cards_obtained":["Shame"]},{"damage_healed":0,"gold_gain":0,"player_choice":"Read","damage_taken":0,"max_hp_gain":0,"max_hp_loss":0,"event_name":"The Library","floor":29,"gold_loss":0,"cards_obtained":["Seeing Red"]}],"is_beta":false,"boss_relics":[{"not_picked":["halation:HeavySnake","hubris:ScarierMask"],"picked":"jedi:paperlyon"}],"items_purged_floors":[20],"is_endless":false,"potions_floor_spawned":[11,12,13,19,22],"killed_by":"Champ","ascension_level":0}}