{"host":"a3wpq7kyokchzawk","time":1612201497,"event":{"mods":["BaseMod","Colored Map","Highlight Path","Minty Spire (QoL Compilation)","Permanent Neow","Potion Indicator Mod","Relic Stats","Weighted Paths"],"gold_per_floor":[111,111,186,186,206,206,220,220,220],"floor_reached":8,"language":"ENG","playtime":600,"items_purged":[],"score":92,"play_id":"884b436a-5b9f-4046-a4cb-7a26569dc1eb","local_time":"20210201154457","is_ascension_mode":true,"campfire_choices":[{"floor":6.0,"key":"REST"}],"circlet_count":0,"master_deck":["AscendersBane","Strike_G","Strike_G","Strike_G","Strike_G","Strike_G","Defend_G","Defend_G","Defend_G","Defend_G","Survivor","Neutralize","Panacea","Finisher","Footwork","Cloak And Dagger"],"relics":["Ring of the Snake","Blood Vial"],"acts_visited":["Exordium"],"potions_floor_usage":[8,8],"damage_taken":[{"damage":7.0,"enemies":"Small Slimes","floor":1.0,"turns":5.0},{"damage":8.0,"enemies":"Jaw Worm","floor":5.0,"turns":5.0},{"damage":5.0,"enemies":"2 Louse","floor":7.0,"turns":2.0},{"damage":35,"enemies":"3 Sentries","floor":8,"turns":10}],"seed_played":"-5275405307997514890","potions_obtained":[{"floor":1.0,"key":"Dexterity Potion"},{"floor":5.0,"key":"BlessingOfTheForge"}],"is_trial":false,"path_per_floor":["M","?","?","?","M","R","M","E"],"character_chosen":"THE_SILENT","items_purchased":[],"campfire_rested":1,"item_purchase_floors":[],"current_hp_per_floor":[52,34,23,16,10,29,26,0,0],"gold":220,"neow_bonus":"RANDOM_COLORLESS","is_daily":false,"chose_seed":false,"campfire_upgraded":0,"win_rate":0.0,"timestamp":1612201497,"path_taken":["M","?","?","?","?","R","M","E"],"items_purchased_type":[],"build_version":"2020-12-22","purchased_purges":0,"victory":false,"max_hp_per_floor":[66,66,66,66,66,66,66,66,66],"relic_stats":{"Blood Vial":6,"counters":[4,22],"obtain_stats":[{"Blood Vial":2,"Ring of the Snake":0},{"Blood Vial":1,"Ring of the Snake":0},{"Blood Vial":5,"Ring of the Snake":0}],"Ring of the Snake":[8]},"card_choices":[{"not_picked":["Jack Of All Trades","Enlightenment"],"picked":"Panacea","floor":0.0},{"not_picked":["Prepared","Dodge and Roll"],"picked":"Finisher","floor":1.0},{"not_picked":["Underhanded Strike","Finisher"],"picked":"Footwork","floor":5.0},{"not_picked":["Dagger Spray","Bane"],"picked":"Cloak And Dagger","floor":7.0}],"player_experience":2529612,"relics_obtained":[],"event_choices":[{"damage_healed":0.0,"max_hp_gain":0.0,"max_hp_loss":0.0,"gold_gain":0.0,"event_name":"Scrap Ooze","player_choice":"Success","floor":2.0,"gold_loss":0.0,"damage_taken":18.0,"relics_obtained":["Blood Vial"]},{"damage_healed":0.0,"max_hp_gain":0.0,"max_hp_loss":0.0,"gold_gain":75.0,"event_name":"World of Goop","player_choice":"Gather Gold","floor":3.0,"gold_loss":0.0,"damage_taken":11.0},{"cards_removed":["Defend_G"],"damage_healed":0.0,"max_hp_gain":0.0,"max_hp_loss":0.0,"gold_gain":0.0,"event_name":"Golden Wing","player_choice":"Card Removal","floor":4.0,"gold_loss":0.0,"damage_taken":7.0}],"is_beta":false,"boss_relics":[],"items_purged_floors":[],"is_endless":false,"potions_floor_spawned":[1,5],"killed_by":"3 Sentries","ascension_level":20}}