{"host":"p7cjtxxrilhp4dw7","time":1612145456,"event":{"mods":["BaseMod","Block Reminder","Colored Map","Curses Come First","Highlight Path","Minty Spire (QoL Compilation)","Replay The Spire","StSLib","The Hierophant"],"gold_per_floor":[125,137,149,161,191,203,230,242,254,291,303,333,345,374,386,398,398],"floor_reached":16,"language":"ENG","playtime":1091,"items_purged":[],"score":155,"play_id":"1251e340-4613-45f8-8a1f-8f58850b5bc7","local_time":"20210131191056","is_ascension_mode":true,"campfire_choices":[{"data":"Neutralize","floor":6,"key":"SMITH"},{"data":"Poisoned Stab","floor":8,"key":"SMITH"},{"floor":11,"key":"REST"},{"data":"Blur","floor":15,"key":"SMITH"}],"circlet_count":0,"master_deck":["AscendersBane","Strike_G","Strike_G","Strike_G","Strike_G","Defend_G","Defend_G","Defend_G","Defend_G","Defend_G","Survivor","Neutralize+1","Slice","PiercingWail","Poisoned Stab+1","Blur+1","Envenom"],"relics":["Ring of the Snake","MawBank","Tiny Chest","Replay:Rubber Ducky","Happy Flower"],"acts_visited":["Exordium"],"potions_floor_usage":[10,14],"damage_taken":[{"damage":4,"enemies":"Cultist","floor":1,"turns":5},{"damage":1,"enemies":"Small Slimes","floor":5,"turns":5},{"damage":0,"enemies":"Jaw Worm","floor":7,"turns":4},{"damage":23,"enemies":"Lagavulin","floor":10,"turns":7},{"damage":4,"enemies":"Lots of Slimes","floor":12,"turns":5},{"damage":0,"enemies":"2 Fungi Beasts","floor":14,"turns":4},{"damage":68,"enemies":"Fading Forest","floor":16,"turns":11}],"seed_played":"-155070186682855785","potions_obtained":[{"floor":5,"key":"Adrenaline Potion"},{"floor":7,"key":"Swift Potion"}],"is_trial":false,"path_per_floor":["M","?","?","T","M","R","M","R","T","E","R","M","?","M","R","B"],"character_chosen":"THE_SILENT","items_purchased":[],"campfire_rested":1,"item_purchase_floors":[],"current_hp_per_floor":[59,64,64,64,63,63,63,63,63,40,62,58,58,58,58,0,0],"gold":398,"neow_bonus":"RANDOM_COMMON_RELIC","is_daily":false,"chose_seed":false,"campfire_upgraded":3,"win_rate":0.0,"timestamp":1612145456,"path_taken":["M","?","?","?","M","R","M","R","T","E","R","?","?","M","R","BOSS"],"items_purchased_type":[],"build_version":"2020-12-22","purchased_purges":0,"victory":false,"max_hp_per_floor":[70,75,75,75,75,75,75,75,75,75,75,75,75,75,75,75,75],"card_choices":[{"not_picked":["Outmaneuver","Cloak And Dagger"],"picked":"Slice","floor":1},{"not_picked":["Backflip","Dagger Throw"],"picked":"PiercingWail","floor":5},{"not_picked":["Deadly Poison","Quick Slash"],"picked":"Poisoned Stab","floor":7},{"not_picked":["Slice","Prepared"],"picked":"Blur","floor":10},{"not_picked":["ReplayTheSpireMod:The Works","Blur","Bane"],"picked":"SKIP","floor":12},{"not_picked":["Hidden Blade","Finisher"],"picked":"Envenom","floor":14}],"player_experience":602984,"relics_obtained":[{"floor":4,"key":"Tiny Chest"},{"floor":9,"key":"Replay:Rubber Ducky"},{"floor":10,"key":"Happy Flower"}],"event_choices":[{"damage_healed":0,"gold_gain":0,"player_choice":"Donut","damage_taken":0,"max_hp_gain":5,"max_hp_loss":0,"event_name":"Big Fish","floor":2,"gold_loss":0},{"damage_healed":0,"gold_gain":0,"player_choice":"Ignored","damage_taken":0,"max_hp_gain":0,"max_hp_loss":0,"event_name":"Liars Game","floor":13,"gold_loss":0}],"is_beta":false,"boss_relics":[],"items_purged_floors":[],"is_endless":false,"potions_floor_spawned":[5,7],"killed_by":"Fading Forest","ascension_level":11}}