{"host":"kn32u0f2pym5bozc","time":1612216066,"event":{"mods":["2.2 Compatiblity","BaseMod","Better Third Choice","Minty Spire (QoL Compilation)","Permanent Neow","Relic Stats","StSLib","The Animator"],"gold_per_floor":[115,128,128,128,24,24,64,9,63,75,118,133,153,169,169,268,268,283,302,16,36,36,36,74,74,97,97,40,76,76,76,76,167,167,187,211,246,84,106,106,136,149,149,149,188,205,205,205],"floor_reached":47,"language":"ENG","playtime":3245,"items_purged":["animator:Strike"],"score":985,"play_id":"e78162e6-b1e7-42ad-ac6f-97cea6812493","local_time":"20210201164746","is_ascension_mode":true,"campfire_choices":[{"data":"animator:KrulTepes","floor":6.0,"key":"SMITH"},{"floor":10.0,"key":"REST"},{"data":"animator:Berserker","floor":15.0,"key":"SMITH"},{"data":"animator:Kaijin","floor":23.0,"key":"SMITH"},{"floor":25.0,"key":"REST"},{"data":"animator:Alexander","floor":27.0,"key":"SMITH"},{"data":"animator:Lu","floor":30.0,"key":"SMITH"},{"floor":32.0,"key":"REST"},{"data":"animator:Shigure","floor":40,"key":"SMITH"},{"data":"animator:Spearman","floor":44,"key":"SMITH"}],"circlet_count":0,"master_deck":["AscendersBane","animator:Strike_GATE+1","animator:Defend_GATE","animator:Strike","animator:Strike","animator:Defend","animator:Defend","animator:Defend","animator:TukaLunaMarceau","animator:Kuribayashi","animator:KyokoSakura","animator:KrulTepes+1","animator:Kaijin+1","animator:Shinoa","animator:Shigure+1","animator:Konayuki","animator:Berserker+1","animator:Mitsuba","animator:Cocytus","animator:Azekura+1","animator:Alexander+1","animator:Yoichi+1","animator:Lu+1","animator:Yuuichirou","animator:HigakiRinne+1","animator:Illya+1","animator:Sebas+1","animator:DolaRiku+1","animator:LizardPriest+1","animator:Mitsurugi","animator:Emonzaemon","animator:Togame+1","animator:Elesis","animator:GuildGirl","animator:Shinoa+1","animator:Tet+1","animator:Togame+1","animator:Spearman+1","animator:RinTohsaka+1","animator:Alexander","animator:Kazuma+1","animator:Mikaela","animator:Demiurge+1"],"relics":["animator:TheMissingPiece","animator:PurgingStone","Mark of Pain","Golden Idol","Blood Vial","Letter Opener","Dream Catcher","Blood Vial","Toxic Egg 2","Blood Vial","Philosopher\u0027s Stone","Lantern","Toy Ornithopter","Prayer Wheel","Busted Crown","Ice Cream"],"acts_visited":["Exordium","TheCity","TheBeyond"],"potions_floor_usage":[33,37,45,47],"damage_taken":[{"damage":6.0,"enemies":"Small Slimes","floor":1.0,"turns":4.0},{"damage":10.0,"enemies":"Jaw Worm","floor":2.0,"turns":2.0},{"damage":40.0,"enemies":"3 Sentries","floor":7.0,"turns":8.0},{"damage":8.0,"enemies":"Gremlin Nob","floor":11.0,"turns":3.0},{"damage":0.0,"enemies":"Cultist","floor":12.0,"turns":3.0},{"damage":7.0,"enemies":"2 Fungi Beasts","floor":13.0,"turns":3.0},{"damage":3.0,"enemies":"Gremlin Gang","floor":14.0,"turns":4.0},{"damage":2.0,"enemies":"The Guardian","floor":16.0,"turns":9.0},{"damage":16.0,"enemies":"Shell Parasite","floor":18.0,"turns":5.0},{"damage":11.0,"enemies":"2 Thieves","floor":19.0,"turns":4.0},{"damage":15.0,"enemies":"Snake Plant","floor":21.0,"turns":2.0},{"damage":54.0,"enemies":"Gremlin Leader","floor":24.0,"turns":7.0},{"damage":27.0,"enemies":"animator:HornedBat","floor":29.0,"turns":7.0},{"damage":24,"enemies":"Collector","floor":33,"turns":8},{"damage":14,"enemies":"Orb Walker","floor":35,"turns":3},{"damage":2,"enemies":"3 Shapes","floor":36,"turns":4},{"damage":9,"enemies":"Jaw Worm Horde","floor":37,"turns":4},{"damage":0,"enemies":"Sphere and 2 Shapes","floor":39,"turns":2},{"damage":0,"enemies":"Transient","floor":41,"turns":6},{"damage":29,"enemies":"3 Darklings","floor":42,"turns":3},{"damage":32,"enemies":"Nemesis","floor":45,"turns":5},{"damage":9,"enemies":"Maw","floor":46,"turns":5},{"damage":35,"enemies":"Reptomancer","floor":47,"turns":5}],"seed_played":"-5226956008306142396","potions_obtained":[{"floor":7.0,"key":"SneckoOil"},{"floor":11.0,"key":"Explosive Potion"},{"floor":19.0,"key":"AttackPotion"},{"floor":21.0,"key":"AttackPotion"},{"floor":29.0,"key":"BlessingOfTheForge"},{"floor":35,"key":"SkillPotion"},{"floor":36,"key":"Block Potion"},{"floor":39,"key":"Weak Potion"}],"is_trial":false,"path_per_floor":["M","M","?","?","$","R","E","$","T","R","E","M","M","M","R","B",null,"M","M","$","M","?","R","E","R","T","R","$","E","R","?","R","B",null,"M","M","M","$","M","R","M","M","T","R","E","M","E"],"character_chosen":"THE_ANIMATOR","items_purchased":["animator:Kaijin","animator:Shinoa","animator:Konayuki","animator:Yuuichirou","animator:HigakiRinne+1","animator:Illya+1","animator:Mitsurugi","animator:Togame+1"],"campfire_rested":3,"item_purchase_floors":[5,5,8,20,20,20,28,38],"current_hp_per_floor":[48,38,38,54,54,54,14,14,14,30,24,28,25,27,27,29,49,39,34,34,25,65,65,11,30,30,30,30,14,14,8,27,14,52,44,48,50,50,56,56,62,36,36,36,15,12,0,0],"gold":205,"neow_bonus":"BOSS_RELIC","is_daily":false,"chose_seed":false,"campfire_upgraded":7,"win_rate":0.0,"timestamp":1612216066,"path_taken":["M","M","?","?","?","R","E","$","T","R","E","M","M","M","R","BOSS","M","M","$","M","?","R","E","R","T","R","?","E","R","?","R","BOSS","M","M","M","$","M","R","M","M","T","R","E","M","E"],"items_purchased_type":["Card","Card","Card","Card","Card","Card","Card","Card"],"build_version":"2020-12-22","purchased_purges":1,"victory":false,"max_hp_per_floor":[60,60,54,54,54,54,54,54,54,54,54,54,54,55,55,55,55,55,55,55,55,65,65,65,65,65,65,65,65,65,65,65,65,65,65,65,65,65,65,65,65,65,65,65,65,65,65,65],"relic_stats":{"Blood Vial":99,"Dream Catcher":3,"Busted Crown":54,"counters":[23,106],"Golden Idol":130,"Prayer Wheel":7,"Letter Opener":[191],"obtain_stats":[{"Ice Cream":45,"Lantern":24,"Golden Idol":3,"animator:TheMissingPiece":0,"Letter Opener":7,"Blood Vial":7,"Dream Catcher":9,"Busted Crown":34,"animator:PurgingStone":0,"Philosopher\u0027s Stone":17,"Prayer Wheel":29,"animator:LivingPicture":0,"Mark of Pain":0,"Toxic Egg 2":11,"Toy Ornithopter":26},{"Ice Cream":21,"Lantern":12,"Golden Idol":2,"animator:TheMissingPiece":0,"Letter Opener":3,"Blood Vial":3,"Dream Catcher":3,"Busted Crown":14,"animator:PurgingStone":0,"Philosopher\u0027s Stone":8,"Prayer Wheel":13,"animator:LivingPicture":0,"Mark of Pain":0,"Toxic Egg 2":4,"Toy Ornithopter":12},{"Ice Cream":96,"Lantern":54,"Golden Idol":6,"animator:TheMissingPiece":0,"Letter Opener":14,"Blood Vial":14,"Dream Catcher":14,"Busted Crown":69,"animator:PurgingStone":0,"Philosopher\u0027s Stone":36,"Prayer Wheel":61,"animator:LivingPicture":0,"Mark of Pain":0,"Toxic Egg 2":17,"Toy Ornithopter":54}],"Toy Ornithopter":25},"card_choices":[{"not_picked":["animator:MamiTomoe","animator:Demiurge"],"picked":"animator:KyokoSakura","floor":1.0},{"not_picked":["animator:Elsword","animator:TsurugaMeisai"],"picked":"animator:KrulTepes","floor":2.0},{"not_picked":["animator:Aqua","animator:Kazuma"],"picked":"animator:Shigure","floor":7.0},{"not_picked":["animator:MumenRider","animator:Vanir"],"picked":"animator:Berserker","floor":10.0},{"not_picked":["animator:Shinoa+1","animator:Yoichi+1"],"picked":"animator:Mitsuba","floor":11.0},{"not_picked":["animator:IrohaTamaki","animator:GuildGirl"],"picked":"animator:Cocytus","floor":12.0},{"not_picked":["animator:Shion","animator:PandorasActor+1"],"picked":"animator:Azekura+1","floor":13.0},{"not_picked":["animator:Pride+1","animator:Chung+1"],"picked":"animator:Alexander","floor":14.0},{"not_picked":["animator:Gilgamesh","animator:HigakiRinne+1"],"picked":"animator:SwordMaiden+1","floor":16.0},{"not_picked":["animator:CrowleyEusford","animator:Yuuichirou"],"picked":"animator:Yoichi+1","floor":18.0},{"not_picked":["animator:MetalKnight","animator:Shuna+1"],"picked":"animator:Lu","floor":19.0},{"not_picked":["animator:FielNirvalen+1","animator:Darkness"],"picked":"animator:Sebas+1","floor":21.0},{"not_picked":["animator:Sloth","animator:Archer"],"picked":"animator:DolaRiku+1","floor":24.0},{"not_picked":["animator:YachiyoNanami","animator:SayakaMiki+1"],"picked":"animator:LizardPriest+1","floor":25.0},{"not_picked":["animator:Nanami+1","animator:UneriGinkaku"],"picked":"animator:Emonzaemon","floor":29.0},{"not_picked":["animator:GazelDwargon","animator:Vanir"],"picked":"animator:Togame+1","floor":32.0},{"not_picked":["animator:MadokaKaname+1","animator:Rimuru"],"picked":"animator:Elesis","floor":33},{"not_picked":[],"picked":"animator:GuildGirl","floor":35},{"not_picked":["animator:Chris"],"picked":"SKIP","floor":35},{"not_picked":[],"picked":"animator:Shinoa+1","floor":36},{"not_picked":["animator:YuiTsuruno"],"picked":"SKIP","floor":36},{"not_picked":[],"picked":"animator:Tet+1","floor":37},{"not_picked":["animator:DolaSchwi"],"picked":"SKIP","floor":37},{"not_picked":[],"picked":"animator:Spearman","floor":39},{"not_picked":["animator:Vanir"],"picked":"SKIP","floor":39},{"not_picked":[],"picked":"animator:RinTohsaka+1","floor":41},{"not_picked":["animator:RoryMercury"],"picked":"SKIP","floor":41},{"not_picked":[],"picked":"animator:Alexander","floor":42},{"not_picked":["animator:Assassin"],"picked":"SKIP","floor":42},{"not_picked":[],"picked":"animator:Kazuma+1","floor":45},{"not_picked":[],"picked":"animator:Mikaela","floor":46},{"not_picked":[],"picked":"animator:Demiurge+1","floor":46}],"player_experience":887824,"relics_obtained":[{"floor":7.0,"key":"Blood Vial"},{"floor":7.0,"key":"Letter Opener"},{"floor":9.0,"key":"Dream Catcher"},{"floor":11.0,"key":"Blood Vial"},{"floor":11.0,"key":"Toxic Egg 2"},{"floor":16.0,"key":"Blood Vial"},{"floor":24.0,"key":"Lantern"},{"floor":26.0,"key":"Toy Ornithopter"},{"floor":29.0,"key":"Prayer Wheel"},{"floor":45,"key":"Ice Cream"}],"event_choices":[{"damage_healed":0.0,"max_hp_gain":0.0,"max_hp_loss":6.0,"gold_gain":0.0,"event_name":"Golden Idol","player_choice":"Lose Max HP","floor":3.0,"gold_loss":0.0,"damage_taken":0.0,"relics_obtained":["Golden Idol"]},{"damage_healed":18.0,"max_hp_gain":0.0,"max_hp_loss":0.0,"gold_gain":0.0,"event_name":"Big Fish","player_choice":"Banana","floor":4.0,"gold_loss":0.0,"damage_taken":0.0},{"cards_removed":["animator:SwordMaiden"],"damage_healed":30.0,"max_hp_gain":10.0,"max_hp_loss":0.0,"gold_gain":0.0,"event_name":"Bonfire Elementals","player_choice":"Offered Rare","floor":22.0,"gold_loss":0.0,"damage_taken":0.0},{"damage_healed":0.0,"max_hp_gain":0.0,"max_hp_loss":0.0,"gold_gain":0.0,"event_name":"Knowing Skull","player_choice":"","floor":31.0,"potions_obtained":[],"gold_loss":0.0,"damage_taken":6.0,"cards_obtained":[]}],"is_beta":false,"boss_relics":[{"not_picked":["Runic Dome","Empty Cage"],"picked":"Philosopher\u0027s Stone"},{"not_picked":["animator:HolyGrailRelic","Fusion Hammer"],"picked":"Busted Crown"}],"items_purged_floors":[38],"is_endless":false,"potions_floor_spawned":[7,11,12,19,21,29,35,36,39],"killed_by":"Reptomancer","ascension_level":18}}