{"host":"va904f3s24glxxej","time":1612204303,"event":{"mods":["AchievementEnabler","BaseMod","Colored Powertips","Downfall","Hubris","Minty Spire (QoL Compilation)","Replay The Spire","StSLib","The Necromancer"],"gold_per_floor":[99,117,137,137,151,151,151,180,180,196,31,48,66,241,251,251,251,251],"floor_reached":16,"language":"ENG","playtime":737,"items_purged":["bronze:Defend"],"score":114,"play_id":"43720b62-688b-405d-94d6-925375fbddbb","local_time":"20210201183143","is_ascension_mode":true,"campfire_choices":[{"data":"Trip","floor":1,"key":"SMITH"}],"circlet_count":0,"master_deck":["bronze:Strike","bronze:Strike","bronze:Strike","bronze:Defend+1","bronze:Defend","bronze:Defend","bronze:Replicate","bronze:Goto+1","Trip+1","bronze:DelayedSlice","bronze:DelayedSlice","bronze:Boost","bronze:Flail","bronze:Turbo","bronze:BronzeOrb"],"relics":["bronze:BronzeCore","War Paint","Omamori","Iron Hammer","hubris:TenFootPole","TungstenRod"],"acts_visited":["Exordium"],"potions_floor_usage":[11,15,16,16],"damage_taken":[{"damage":1,"enemies":"Cultist","floor":2,"turns":3},{"damage":7,"enemies":"Small Slimes","floor":3,"turns":2},{"damage":4,"enemies":"Jaw Worm","floor":5,"turns":2},{"damage":10,"enemies":"Gremlin Nob","floor":8,"turns":3},{"damage":12,"enemies":"Blue Slaver","floor":10,"turns":2},{"damage":0,"enemies":"downfall:FleeingMerchant","floor":11,"turns":4},{"damage":0,"enemies":"3 Louse","floor":12,"turns":1},{"damage":0,"enemies":"Lots of Slimes","floor":13,"turns":1},{"damage":0,"enemies":"2 Fungi Beasts","floor":15,"turns":1},{"damage":40,"enemies":"WA_ARCHETYPE_RETAIN","floor":16,"turns":4}],"seed_played":"2950231581901119247","potions_obtained":[{"floor":2,"key":"BlessingOfTheForge"},{"floor":8,"key":"bronze:FreeFunctionsPotion"},{"floor":10,"key":"AttackPotion"},{"floor":12,"key":"Weak Potion"},{"floor":13,"key":"Fire Potion"},{"floor":15,"key":"Weak Potion"}],"is_trial":false,"path_per_floor":["R","M","M","$","M","?","T","E","?","M","$","M","M","?","M","B"],"character_chosen":"THE_AUTOMATON","items_purchased":["War Paint","Omamori","Iron Hammer","bronze:BronzeOrb"],"campfire_rested":0,"item_purchase_floors":[4,4,4,11],"current_hp_per_floor":[70,69,62,27,23,46,46,36,36,24,24,24,24,24,24,0,0,0],"gold":251,"neow_bonus":"RANDOM_COLORLESS","is_daily":false,"chose_seed":false,"campfire_upgraded":1,"win_rate":0.0,"timestamp":1612204303,"path_taken":["R","M","M","?","M","?","T","E","?","M","$","M","?","?","M","BOSS"],"items_purchased_type":["Relic","Relic","Relic","Card"],"build_version":"2020-12-22","purchased_purges":1,"victory":false,"max_hp_per_floor":[70,70,70,70,70,70,70,70,70,70,70,70,70,70,70,70,70,70],"card_choices":[{"not_picked":["hubris:Ssssneak","Replay:Parry"],"picked":"Trip","floor":0},{"not_picked":["bronze:ClassDefault","bronze:Backtrace"],"picked":"bronze:DelayedSlice","floor":2},{"not_picked":["bronze:Overload","bronze:Deprecate","bronze:BuggyMess"],"picked":"SKIP","floor":3},{"not_picked":["bronze:Repair","bronze:Repulsor"],"picked":"bronze:DelayedSlice","floor":5},{"not_picked":["bronze:Constructor","bronze:Repulsor"],"picked":"bronze:Boost","floor":8},{"not_picked":["bronze:FineTuning","bronze:ForceShield"],"picked":"bronze:Flail","floor":10},{"not_picked":["bronze:CutThrough","bronze:Deprecate"],"picked":"bronze:Turbo","floor":11},{"not_picked":["bronze:WhirlingStrike","bronze:Mutator","bronze:Allocate"],"picked":"SKIP","floor":12},{"not_picked":["bronze:Shield","bronze:WildBeam","bronze:Invalidate"],"picked":"SKIP","floor":13},{"not_picked":["bronze:Safeguard","bronze:Invalidate","bronze:Iterate"],"picked":"SKIP","floor":15}],"player_experience":778098,"relics_obtained":[{"floor":7,"key":"hubris:TenFootPole"},{"floor":8,"key":"TungstenRod"}],"event_choices":[{"damage_healed":23,"gold_gain":0,"player_choice":"Banana","damage_taken":0,"max_hp_gain":0,"max_hp_loss":0,"event_name":"Big Fish","floor":6,"gold_loss":0}],"is_beta":false,"boss_relics":[],"items_purged_floors":[11],"is_endless":false,"potions_floor_spawned":[2,8,10,12,13,15],"killed_by":"WA_ARCHETYPE_RETAIN","ascension_level":2}}