{"host":"8is2j71l4wmybkoi","time":1612181968,"event":{"mods":["AchievementEnabler","BaseMod","Colored Map","Minty Spire (QoL Compilation)","Rare Cards Sparkle","StSLib","SuperFastMode"],"gold_per_floor":[113,388,126,141,66,66,78,78,127,127,3,32,32,58,58,137,137,157,157,169,169],"floor_reached":20,"language":"KOR","playtime":648,"items_purged":["Regret"],"score":312,"play_id":"89d29990-3589-4f66-9b43-463700b736ae","local_time":"20210201211928","is_ascension_mode":true,"campfire_choices":[{"data":"Defragment","floor":6,"key":"SMITH"},{"data":"Zap","floor":8,"key":"SMITH"},{"data":"Aggregate","floor":10,"key":"SMITH"},{"data":"Lockon","floor":15,"key":"SMITH"}],"circlet_count":0,"master_deck":["AscendersBane","Strike_B","Defend_B","Defend_B","Defend_B","Defend_B","Zap+1","Dualcast","Reinforced Body","Defragment+1","Lockon+1","Aggregate+1","FTL","Hologram","Coolheaded","Echo Form","Turbo"],"relics":["Cracked Core","Centennial Puzzle","Juzu Bracelet","Letter Opener","Empty Cage","MawBank"],"acts_visited":["Exordium","TheCity"],"potions_floor_usage":[12,14,20],"damage_taken":[{"damage":3,"enemies":"2 Louse","floor":1,"turns":3},{"damage":0,"enemies":"Cultist","floor":4,"turns":2},{"damage":0,"enemies":"Small Slimes","floor":7,"turns":3},{"damage":10,"enemies":"Lagavulin","floor":12,"turns":6},{"damage":15,"enemies":"Gremlin Nob","floor":14,"turns":3},{"damage":3,"enemies":"Hexaghost","floor":16,"turns":9},{"damage":14,"enemies":"Shell Parasite","floor":18,"turns":4},{"damage":65,"enemies":"Masked Bandits","floor":20,"turns":3}],"seed_played":"-9080404837020377149","potions_obtained":[{"floor":4,"key":"Explosive Potion"},{"floor":7,"key":"FocusPotion"},{"floor":18,"key":"PowerPotion"}],"is_trial":false,"path_per_floor":["M","?","$","M","?","R","M","R","T","R","$","E","?","E","R","B",null,"M","?","?"],"character_chosen":"DEFECT","items_purchased":["Defragment","Lockon","DistilledChaos","FTL","Hologram"],"campfire_rested":0,"item_purchase_floors":[3,3,3,11,11],"current_hp_per_floor":[68,68,68,68,68,68,68,68,68,68,68,58,58,43,43,40,69,55,55,0,0],"gold":169,"neow_bonus":"TEN_PERCENT_HP_BONUS","is_daily":false,"chose_seed":false,"campfire_upgraded":4,"win_rate":0.0,"timestamp":1612181968,"path_taken":["M","?","?","M","?","R","M","R","T","R","?","E","?","E","R","BOSS","M","?","?"],"items_purchased_type":["Card","Card","Potion","Card","Card"],"build_version":"2020-12-22","purchased_purges":1,"victory":false,"max_hp_per_floor":[78,78,78,78,78,78,78,78,78,78,78,78,78,78,78,78,78,78,78,78,78],"card_choices":[{"not_picked":["Stack","Redo"],"picked":"Reinforced Body","floor":1},{"not_picked":["Redo","Go for the Eyes"],"picked":"Sweeping Beam","floor":4},{"not_picked":["Stack","Beam Cell"],"picked":"Aggregate","floor":7},{"not_picked":["Force Field","Doom and Gloom","Blizzard"],"picked":"SKIP","floor":12},{"not_picked":["Redo","Steam Power"],"picked":"Coolheaded","floor":14},{"not_picked":["Core Surge","Amplify"],"picked":"Echo Form","floor":16},{"not_picked":["Ball Lightning","Force Field"],"picked":"Turbo","floor":18}],"player_experience":916113,"relics_obtained":[{"floor":9,"key":"Centennial Puzzle"},{"floor":12,"key":"Juzu Bracelet"},{"floor":14,"key":"Letter Opener"}],"event_choices":[{"damage_healed":0,"gold_gain":275,"player_choice":"Desecrate","damage_taken":0,"max_hp_gain":0,"max_hp_loss":0,"event_name":"Golden Shrine","floor":2,"gold_loss":0,"cards_obtained":["Regret"]},{"cards_removed":["Strike_B"],"damage_healed":0,"gold_gain":0,"player_choice":"Card Removal","damage_taken":0,"max_hp_gain":0,"max_hp_loss":0,"event_name":"The Cleric","floor":5,"gold_loss":75},{"damage_healed":0,"gold_gain":0,"player_choice":"Ignored","damage_taken":0,"max_hp_gain":0,"max_hp_loss":0,"event_name":"Liars Game","floor":13,"gold_loss":0},{"cards_removed":["Sweeping Beam"],"damage_healed":0,"gold_gain":0,"player_choice":"Gave Card","damage_taken":0,"relics_obtained":["MawBank"],"max_hp_gain":0,"max_hp_loss":0,"event_name":"WeMeetAgain","floor":19,"gold_loss":0},{"damage_healed":0,"gold_gain":0,"player_choice":"Fought Bandits","damage_taken":0,"max_hp_gain":0,"max_hp_loss":0,"event_name":"Masked Bandits","floor":20,"gold_loss":0}],"is_beta":false,"boss_relics":[{"not_picked":["Coffee Dripper","Fusion Hammer"],"picked":"Empty Cage"}],"items_purged_floors":[3],"is_endless":false,"potions_floor_spawned":[4,7,18],"killed_by":"Masked Bandits","ascension_level":15}}