{"host":"x3688v8yj57o2b0e","time":1612142135,"event":{"mods":["BaseMod","Minty Spire (QoL Compilation)"],"gold_per_floor":[116,135,150,165,179,179,254,283,357,307,307,321,372,63,63,163,163,178,194,1,1,11,11,11,11,37,37,67,80,100,25,25,126,126,142,185,185,196,71,71,71,71,71,71,87,103,103,103,103],"floor_reached":48,"language":"ENG","playtime":2523,"items_purged":[],"score":475,"play_id":"76c30a0f-2655-4aca-b1b0-57e04a612029","local_time":"20210131201535","is_ascension_mode":true,"campfire_choices":[{"data":"Omniscience","floor":6,"key":"SMITH"},{"floor":15,"key":"REST"},{"data":"Eruption","floor":23,"key":"SMITH"},{"data":"Dramatic Entrance","floor":25,"key":"SMITH"},{"data":"Blasphemy","floor":27,"key":"SMITH"},{"floor":32,"key":"REST"},{"floor":40,"key":"REST"},{"data":"MentalFortress","floor":42,"key":"SMITH"},{"floor":44,"key":"REST"},{"data":"Tantrum","floor":47,"key":"SMITH"}],"circlet_count":0,"master_deck":["Defend_P","Defend_P","Defend_P","Eruption+1","Vigilance","Halt","WheelKick","MentalFortress+1","Omniscience+1","FlyingSleeves","ThirdEye","ClearTheMind","Dramatic Entrance+1","FlyingSleeves","WaveOfTheHand","Blasphemy+1","Adaptation","FlurryOfBlows","MentalFortress","Swivel+1","Doubt","FlurryOfBlows","Tantrum+1","EmptyBody","Wish","Halt+1","ClearTheMind+1","Panacea","Wallop","Consecrate","Parasite","Parasite"],"relics":["Runic Dome","Bottled Flame","Toy Ornithopter","Cursed Key","ClockworkSouvenir","Orichalcum","Lizard Tail","Sozu","FossilizedHelix"],"acts_visited":["Exordium","TheCity","TheBeyond"],"potions_floor_usage":[8,16,33,33],"damage_taken":[{"damage":0,"enemies":"Jaw Worm","floor":1,"turns":2},{"damage":0,"enemies":"Small Slimes","floor":2,"turns":3},{"damage":0,"enemies":"2 Louse","floor":3,"turns":2},{"damage":4,"enemies":"Looter","floor":4,"turns":4},{"damage":16,"enemies":"Blue Slaver","floor":5,"turns":2},{"damage":14,"enemies":"3 Sentries","floor":8,"turns":10},{"damage":16,"enemies":"Exordium Thugs","floor":12,"turns":5},{"damage":29,"enemies":"The Guardian","floor":16,"turns":11},{"damage":10,"enemies":"Spheric Guardian","floor":18,"turns":3},{"damage":6,"enemies":"2 Thieves","floor":19,"turns":2},{"damage":12,"enemies":"Sentry and Sphere","floor":22,"turns":4},{"damage":41,"enemies":"Gremlin Leader","floor":28,"turns":7},{"damage":0,"enemies":"3 Cultists","floor":29,"turns":2},{"damage":1,"enemies":"Snake Plant","floor":30,"turns":4},{"damage":50,"enemies":"Automaton","floor":33,"turns":12},{"damage":0,"enemies":"Orb Walker","floor":35,"turns":1},{"damage":33,"enemies":"3 Darklings","floor":36,"turns":4},{"damage":38,"enemies":"Jaw Worm Horde","floor":38,"turns":3},{"damage":16,"enemies":"Writhing Mass","floor":45,"turns":10},{"damage":0,"enemies":"Maw","floor":46,"turns":10},{"damage":27,"enemies":"Jaw Worm Horde","floor":48,"turns":4}],"seed_played":"5262929575446268592","potions_obtained":[{"floor":1,"key":"Energy Potion"},{"floor":3,"key":"SpeedPotion"},{"floor":18,"key":"Explosive Potion"},{"floor":29,"key":"BlessingOfTheForge"},{"floor":30,"key":"FairyPotion"}],"is_trial":false,"path_per_floor":["M","M","M","M","M","R","?","E","T","?","?","M","T","$","R","B",null,"M","M","$","?","M","R","?","R","T","R","E","M","M","?","R","B",null,"M","M","?","M","$","R","?","R","T","R","M","M","R","M"],"character_chosen":"WATCHER","items_purchased":["BlessingOfTheForge","Dramatic Entrance","FlyingSleeves","WaveOfTheHand","Explosive Potion","FlurryOfBlows","ClockworkSouvenir","Wallop","Consecrate"],"campfire_rested":4,"item_purchase_floors":[14,14,14,14,14,20,20,39,39],"current_hp_per_floor":[72,72,72,68,52,52,41,27,27,27,27,11,11,11,32,8,72,62,56,56,56,44,44,44,44,44,44,3,3,2,2,23,41,72,72,39,39,1,1,22,22,22,22,43,27,27,27,0,0],"gold":103,"neow_bonus":"BOSS_RELIC","is_daily":false,"chose_seed":false,"campfire_upgraded":6,"win_rate":0.0,"timestamp":1612142135,"path_taken":["M","M","M","M","M","R","?","E","T","?","?","M","?","?","R","BOSS","M","M","$","?","M","R","?","R","T","R","E","?","M","?","R","BOSS","M","M","?","M","$","R","?","R","T","R","M","M","R","M"],"items_purchased_type":["Potion","Card","Card","Card","Potion","Card","Relic","Card","Card"],"build_version":"2020-12-22","purchased_purges":0,"victory":false,"max_hp_per_floor":[72,72,72,72,72,72,72,72,72,72,72,72,72,72,72,72,72,72,72,72,72,72,72,72,72,72,72,72,72,72,72,72,72,72,72,72,72,72,72,72,72,72,72,72,72,72,72,72,72],"card_choices":[{"not_picked":["WindmillStrike","Collect"],"picked":"Halt","floor":1},{"not_picked":["Prostrate","EmptyBody"],"picked":"WheelKick","floor":2},{"not_picked":["PathToVictory","ForeignInfluence"],"picked":"MentalFortress","floor":3},{"not_picked":["CutThroughFate","Protect"],"picked":"Omniscience","floor":4},{"not_picked":["BowlingBash","CarveReality"],"picked":"FlyingSleeves","floor":5},{"not_picked":["JustLucky","Vengeance"],"picked":"ThirdEye","floor":8},{"not_picked":["EmptyFist","Consecrate"],"picked":"ClearTheMind","floor":12},{"not_picked":["Alpha","MasterReality"],"picked":"Blasphemy","floor":16},{"not_picked":["WaveOfTheHand+1","InnerPeace","Sanctity"],"picked":"SKIP","floor":18},{"not_picked":["JustLucky","EmptyBody+1"],"picked":"Adaptation","floor":19},{"not_picked":["Evaluate+1","BowlingBash"],"picked":"Swivel+1","floor":22},{"not_picked":["Protect","Indignation"],"picked":"FlurryOfBlows","floor":28},{"not_picked":["BattleHymn+1","SignatureMove"],"picked":"Tantrum","floor":29},{"not_picked":["WreathOfFlame","Prostrate+1"],"picked":"EmptyBody","floor":30},{"not_picked":["Alpha","DeusExMachina"],"picked":"Wish","floor":33},{"not_picked":["Collect+1","ThirdEye+1"],"picked":"Halt+1","floor":35},{"not_picked":["BowlingBash","Halt"],"picked":"ClearTheMind+1","floor":36},{"not_picked":["Swift Strike","Forethought"],"picked":"Panacea","floor":37},{"not_picked":["PathToVictory","SignatureMove+1","Perseverance"],"picked":"SKIP","floor":38},{"not_picked":["Prostrate+1","SignatureMove","Evaluate+1"],"picked":"SKIP","floor":45},{"not_picked":["WreathOfFlame","Collect+1","PathToVictory"],"picked":"SKIP","floor":46}],"player_experience":191826,"relics_obtained":[{"floor":8,"key":"Bottled Flame"},{"floor":13,"key":"Toy Ornithopter"},{"floor":26,"key":"Orichalcum"},{"floor":28,"key":"Lizard Tail"},{"floor":43,"key":"FossilizedHelix"}],"event_choices":[{"damage_healed":0,"gold_gain":75,"player_choice":"Gather Gold","damage_taken":11,"max_hp_gain":0,"max_hp_loss":0,"event_name":"World of Goop","floor":7,"gold_loss":0},{"cards_removed":["Strike_P"],"damage_healed":0,"gold_gain":0,"player_choice":"Card Removal","damage_taken":0,"max_hp_gain":0,"max_hp_loss":0,"event_name":"The Cleric","floor":10,"gold_loss":50},{"damage_healed":0,"gold_gain":0,"player_choice":"Ignored","damage_taken":0,"max_hp_gain":0,"max_hp_loss":0,"event_name":"Liars Game","floor":11,"gold_loss":0},{"damage_healed":0,"gold_gain":0,"cards_transformed":["Strike_P","Strike_P"],"player_choice":"Became Test Subject","damage_taken":0,"max_hp_gain":0,"max_hp_loss":0,"event_name":"Drug Dealer","floor":21,"gold_loss":0,"cards_obtained":["MentalFortress","TalkToTheHand"]},{"cards_removed":["Defend_P"],"damage_healed":0,"gold_gain":0,"player_choice":"Elegance","damage_taken":0,"max_hp_gain":0,"max_hp_loss":0,"event_name":"Back to Basics","floor":24,"gold_loss":0},{"cards_removed":["Strike_P"],"damage_healed":0,"gold_gain":0,"player_choice":"Gave Gold","damage_taken":0,"max_hp_gain":0,"max_hp_loss":0,"event_name":"Beggar","floor":31,"gold_loss":75},{"damage_healed":0,"gold_gain":0,"player_choice":"Memory 1","damage_taken":0,"max_hp_gain":0,"max_hp_loss":0,"event_name":"SensoryStone","floor":37,"gold_loss":0},{"cards_removed":["TalkToTheHand"],"damage_healed":0,"gold_gain":0,"player_choice":"Removed Attack","damage_taken":0,"max_hp_gain":0,"max_hp_loss":0,"event_name":"Falling","floor":41,"gold_loss":0}],"is_beta":false,"boss_relics":[{"not_picked":["SlaversCollar","Astrolabe"],"picked":"Cursed Key"},{"not_picked":["Pandora\u0027s Box","Calling Bell"],"picked":"Sozu"}],"items_purged_floors":[],"is_endless":false,"potions_floor_spawned":[1,3,18,29,30,36,46],"killed_by":"Jaw Worm Horde","ascension_level":1}}