{"host":"36t3qd3wjvajtu1z","time":1612219585,"event":{"mods":["AchievementEnabler","BaseMod","Block Reminder","Colored Powertips","Minty Spire (QoL Compilation)","Permanent Neow","Quick Restart","Random Character Button","Rare Cards Sparkle","Relic Stats","Slay-I","StSLib"],"gold_per_floor":[110,35,110,10,20,20,38,70,70,70,70,70,83,93,93,195,195,210,225,238,238,249,249,124,134,157,192,292,310,322,172,172,277,277,288,228,239,256,81,81,93,118,144,160,57,57,82,93,93,93],"floor_reached":51,"language":"ENG","playtime":1943,"items_purged":["Strike_R","Defend_R","Defend_R","Defend_R","Defend_R+1"],"score":901,"play_id":"ab113cba-d4bd-4253-9d15-a7346f768450","local_time":"20210201144625","is_ascension_mode":false,"campfire_choices":[{"data":"Bash","floor":6.0,"key":"SMITH"},{"data":"Strike_R","floor":11.0,"key":"SMITH"},{"data":"Strike_R","floor":15.0,"key":"SMITH"},{"floor":23.0,"key":"REST"},{"data":"Defend_R","floor":32.0,"key":"SMITH"},{"floor":40.0,"key":"REST"},{"floor":46,"key":"REST"},{"floor":49,"key":"REST"}],"circlet_count":0,"master_deck":["Strike_R+1","Strike_R+1","Bash+1","Shrug It Off+1","Clash+1"],"relics":["Burning Blood","Singing Bowl","Darkstone Periapt","HornCleat","Philosopher\u0027s Stone","PreservedInsect","Shuriken","StoneCalendar","Question Card","SlaversCollar","Boot","Orichalcum","Bronze Scales"],"acts_visited":["Exordium","TheCity","TheBeyond"],"potions_floor_usage":[41,50],"damage_taken":[{"damage":6.0,"enemies":"Jaw Worm","floor":1.0,"turns":3.0},{"damage":0.0,"enemies":"2 Louse","floor":5.0,"turns":4.0},{"damage":6.0,"enemies":"Cultist","floor":7.0,"turns":3.0},{"damage":17.0,"enemies":"Gremlin Nob","floor":8.0,"turns":4.0},{"damage":2.0,"enemies":"Blue Slaver","floor":13.0,"turns":3.0},{"damage":3.0,"enemies":"Red Slaver","floor":14.0,"turns":4.0},{"damage":32.0,"enemies":"Slime Boss","floor":16.0,"turns":8.0},{"damage":7.0,"enemies":"Chosen","floor":18.0,"turns":4.0},{"damage":13.0,"enemies":"Spheric Guardian","floor":19.0,"turns":4.0},{"damage":3.0,"enemies":"Centurion and Healer","floor":20.0,"turns":6.0},{"damage":42.0,"enemies":"Sentry and Sphere","floor":22.0,"turns":6.0},{"damage":0.0,"enemies":"Snecko","floor":25.0,"turns":3.0},{"damage":12.0,"enemies":"Gremlin Leader","floor":27.0,"turns":3.0},{"damage":16.0,"enemies":"Colosseum Slavers","floor":28.0,"turns":3.0},{"damage":16.0,"enemies":"Colosseum Nobs","floor":28.0,"turns":4.0},{"damage":2.0,"enemies":"Snake Plant","floor":29.0,"turns":3.0},{"damage":2.0,"enemies":"Centurion and Healer","floor":30.0,"turns":5.0},{"damage":59.0,"enemies":"Collector","floor":33.0,"turns":8.0},{"damage":10.0,"enemies":"3 Shapes","floor":35.0,"turns":4.0},{"damage":11.0,"enemies":"Orb Walker","floor":37.0,"turns":4.0},{"damage":41.0,"enemies":"Sphere and 2 Shapes","floor":38.0,"turns":6.0},{"damage":59,"enemies":"Writhing Mass","floor":41,"turns":5},{"damage":6,"enemies":"Giant Head","floor":42,"turns":5},{"damage":10,"enemies":"Maw","floor":44,"turns":6},{"damage":20,"enemies":"3 Darklings","floor":48,"turns":4},{"damage":63,"enemies":"Awakened One","floor":50,"turns":7}],"seed_played":"1738715899478448653","potions_obtained":[{"floor":1.0,"key":"Fire Potion"},{"floor":7.0,"key":"AttackPotion"},{"floor":8.0,"key":"GamblersBrew"},{"floor":13.0,"key":"Explosive Potion"},{"floor":19.0,"key":"Dexterity Potion"},{"floor":20.0,"key":"Block Potion"},{"floor":25.0,"key":"Block Potion"},{"floor":27.0,"key":"Strength Potion"},{"floor":29.0,"key":"BlessingOfTheForge"},{"floor":35.0,"key":"LiquidMemories"},{"floor":42,"key":"BlessingOfTheForge"}],"is_trial":false,"path_per_floor":["M","$","?","$","M","R","M","E","T","T","R","?","M","M","R","B",null,"M","M","M","?","M","R","$","M","T","E","?","M","M","$","R","B",null,"M","?","M","M","$","R","M","E","T","M","$","R","T","M","R","B",null],"character_chosen":"IRONCLAD","items_purchased":["CultistPotion"],"campfire_rested":4,"item_purchase_floors":[45],"current_hp_per_floor":[80,80,69,69,75,75,75,66,66,66,66,66,72,77,77,53,88,89,84,89,89,55,83,83,91,91,85,67,73,79,79,79,28,106,104,104,101,68,68,101,48,50,50,48,48,82,82,70,105,48],"gold":93,"neow_bonus":"REMOVE_CARD","is_daily":false,"chose_seed":false,"campfire_upgraded":4,"win_rate":0.0,"timestamp":1612219585,"path_taken":["M","$","?","$","M","R","M","E","T","?","R","?","M","?","R","BOSS","M","M","M","?","M","R","$","?","T","E","?","M","M","$","R","BOSS","M","?","?","M","$","R","?","E","T","M","$","R","?","M","R","BOSS"],"items_purchased_type":["Potion"],"build_version":"2020-12-22","purchased_purges":5,"victory":true,"max_hp_per_floor":[80,80,80,80,80,80,80,82,82,82,82,82,84,86,86,88,88,90,92,94,94,96,96,96,98,98,98,100,102,104,104,104,106,106,108,108,110,112,112,112,112,114,114,116,116,116,116,118,118,118],"relic_stats":{"Darkstone Periapt":0,"Singing Bowl":38,"counters":[26,119],"Shuriken":[46],"Bronze Scales":[42],"StoneCalendar":[100],"PreservedInsect":208,"Orichalcum":[0],"Question Card":10,"Boot":[0],"obtain_stats":[{"Darkstone Periapt":9,"Singing Bowl":8,"StoneCalendar":28,"PreservedInsect":26,"Orichalcum":43,"Question Card":28,"Boot":42,"Burning Blood":0,"SlaversCollar":34,"HornCleat":10,"Shuriken":27,"Bronze Scales":47,"Philosopher\u0027s Stone":17},{"Darkstone Periapt":4,"Singing Bowl":4,"StoneCalendar":15,"PreservedInsect":12,"Orichalcum":23,"Question Card":15,"Boot":23,"Burning Blood":0,"SlaversCollar":18,"HornCleat":4,"Shuriken":13,"Bronze Scales":24,"Philosopher\u0027s Stone":7},{"Darkstone Periapt":14,"Singing Bowl":14,"StoneCalendar":62,"PreservedInsect":52,"Orichalcum":102,"Question Card":62,"Boot":102,"Burning Blood":0,"SlaversCollar":78,"HornCleat":14,"Shuriken":55,"Bronze Scales":108,"Philosopher\u0027s Stone":29}],"Burning Blood":156},"card_choices":[{"not_picked":["Heavy Blade","Cleave","Sword Boomerang"],"picked":"SKIP","floor":1.0},{"not_picked":["Flame Barrier","Whirlwind","Flex"],"picked":"SKIP","floor":5.0},{"not_picked":["Shockwave","Iron Wave","Carnage"],"picked":"SKIP","floor":7.0},{"not_picked":["Second Wind","Searing Blow","Shrug It Off"],"picked":"Singing Bowl","floor":8.0},{"not_picked":["Hemokinesis","Cleave","Disarm"],"picked":"Singing Bowl","floor":13.0},{"not_picked":["Warcry","Iron Wave","True Grit"],"picked":"Singing Bowl","floor":14.0},{"not_picked":["Exhume","Impervious","Limit Break"],"picked":"Singing Bowl","floor":16.0},{"not_picked":["Dual Wield","Cleave","Twin Strike+1"],"picked":"Singing Bowl","floor":18.0},{"not_picked":["Headbutt","Entrench","Whirlwind+1"],"picked":"Singing Bowl","floor":19.0},{"not_picked":["Iron Wave","Body Slam","Warcry"],"picked":"Singing Bowl","floor":20.0},{"not_picked":["Clothesline","Entrench","Pommel Strike"],"picked":"Singing Bowl","floor":22.0},{"not_picked":["Inflame","Heavy Blade","Reckless Charge"],"picked":"Singing Bowl","floor":25.0},{"not_picked":["Immolate","Thunderclap"],"picked":"Shrug It Off+1","floor":27.0},{"not_picked":["Body Slam","Anger+1","Twin Strike"],"picked":"Singing Bowl","floor":28.0},{"not_picked":["Wild Strike+1","Barricade","Pommel Strike","Body Slam+1"],"picked":"Singing Bowl","floor":29.0},{"not_picked":["Anger","Armaments+1","Fire Breathing","Disarm"],"picked":"Singing Bowl","floor":30.0},{"not_picked":["Limit Break","Double Tap","Brutality","Bludgeon"],"picked":"Singing Bowl","floor":33.0},{"not_picked":["Cleave+1","Combust+1","Shrug It Off","Pommel Strike+1"],"picked":"Singing Bowl","floor":35.0},{"not_picked":["Wild Strike+1","Sentinel+1","Evolve+1","Dual Wield+1"],"picked":"Singing Bowl","floor":37.0},{"not_picked":["Ghostly Armor","Warcry+1","Entrench","Sentinel+1"],"picked":"Singing Bowl","floor":38.0},{"not_picked":["Sentinel","Havoc+1","Anger"],"picked":"Clash+1","floor":41},{"not_picked":["Metallicize","Reckless Charge","Flame Barrier+1","Armaments"],"picked":"Singing Bowl","floor":42},{"not_picked":["Intimidate+1","Ghostly Armor","True Grit+1","Cleave"],"picked":"Singing Bowl","floor":44},{"not_picked":["Cleave+1","Spot Weakness","Headbutt","Flame Barrier+1"],"picked":"Singing Bowl","floor":48}],"player_experience":388424,"relics_obtained":[{"floor":8.0,"key":"Singing Bowl"},{"floor":9.0,"key":"Darkstone Periapt"},{"floor":10.0,"key":"HornCleat"},{"floor":26.0,"key":"PreservedInsect"},{"floor":27.0,"key":"Shuriken"},{"floor":28.0,"key":"StoneCalendar"},{"floor":28.0,"key":"Question Card"},{"floor":42,"key":"Boot"},{"floor":43,"key":"Orichalcum"},{"floor":47,"key":"Bronze Scales"}],"event_choices":[{"damage_healed":0.0,"max_hp_gain":0.0,"max_hp_loss":0.0,"gold_gain":75.0,"event_name":"World of Goop","player_choice":"Gather Gold","floor":3.0,"gold_loss":0.0,"damage_taken":11.0},{"damage_healed":0.0,"max_hp_gain":0.0,"max_hp_loss":0.0,"gold_gain":0.0,"event_name":"NoteForYourself","player_choice":"Ignored","floor":12.0,"gold_loss":0.0,"damage_taken":0.0},{"damage_healed":0.0,"max_hp_gain":0.0,"max_hp_loss":0.0,"gold_gain":0.0,"event_name":"Upgrade Shrine","player_choice":"Upgraded","floor":21.0,"gold_loss":0.0,"damage_taken":0.0,"cards_upgraded":["Strike_R"]},{"damage_healed":0.0,"max_hp_gain":0.0,"max_hp_loss":0.0,"gold_gain":0.0,"event_name":"Colosseum","player_choice":"Fight","floor":28.0,"gold_loss":0.0,"damage_taken":0.0},{"damage_healed":0.0,"max_hp_gain":0.0,"max_hp_loss":0.0,"gold_gain":0.0,"event_name":"Colosseum","player_choice":"Fought Nobs","floor":28.0,"gold_loss":0.0,"damage_taken":0.0},{"cards_removed":["Strike_R"],"damage_healed":0.0,"max_hp_gain":0.0,"max_hp_loss":0.0,"gold_gain":0.0,"event_name":"Designer","player_choice":"Single Remove","floor":36.0,"gold_loss":60.0,"damage_taken":0.0}],"is_beta":false,"boss_relics":[{"not_picked":["Busted Crown","Ectoplasm"],"picked":"Philosopher\u0027s Stone"},{"not_picked":["Runic Pyramid","Calling Bell"],"picked":"SlaversCollar"}],"items_purged_floors":[2,4,24,31,39],"is_endless":false,"potions_floor_spawned":[1,7,8,13,19,20,25,27,29,35,42,48],"ascension_level":0}}