{"host":"i4d8tgqbnmcnjm0a","time":1612151921,"event":{"mods":["BaseMod","Keyboard Shortcuts","Minty Spire (QoL Compilation)"],"gold_per_floor":[113,124,141,66,66,101,101,111,111,139,139,64,122,166,166,274,274,301,327,327,346,46,86,86,86,113,147,166,191,42,62,62,62,62],"floor_reached":33,"language":"ENG","playtime":3564,"items_purged":["Strike_R"],"score":371,"play_id":"fd213c28-9dca-4498-a919-583106d944e0","local_time":"20210131225841","is_ascension_mode":true,"campfire_choices":[{"data":"Armaments","floor":7,"key":"SMITH"},{"floor":15,"key":"REST"},{"floor":24,"key":"REST"},{"floor":32,"key":"RECALL"}],"circlet_count":0,"master_deck":["Strike_R","Strike_R","Strike_R","Strike_R","Defend_R","Defend_R","Defend_R+1","Defend_R+1","Bash","Armaments+1","Pommel Strike+1","Armaments","Iron Wave","Thunderclap","Double Tap","Feed","Thunderclap","Armaments+1","Seeing Red+1","Pommel Strike","Dropkick"],"relics":["Burning Blood","Champion Belt","Pantograph","Calipers","StoneCalendar","Anchor","CeramicFish","Black Star","Orichalcum","Akabeko","Toy Ornithopter","Centennial Puzzle","Omamori","CaptainsWheel","Blood Vial","MealTicket","Lantern"],"acts_visited":["Exordium","TheCity"],"potions_floor_usage":[6,10,13,16,16,19,29,33],"damage_taken":[{"damage":1,"enemies":"Cultist","floor":1,"turns":3},{"damage":3,"enemies":"Small Slimes","floor":2,"turns":4},{"damage":6,"enemies":"Jaw Worm","floor":3,"turns":4},{"damage":12,"enemies":"Gremlin Nob","floor":6,"turns":3},{"damage":8,"enemies":"Looter","floor":8,"turns":2},{"damage":22,"enemies":"3 Sentries","floor":10,"turns":7},{"damage":19,"enemies":"3 Sentries","floor":13,"turns":7},{"damage":28,"enemies":"Lagavulin","floor":14,"turns":7},{"damage":21,"enemies":"Slime Boss","floor":16,"turns":7},{"damage":12,"enemies":"Chosen","floor":18,"turns":5},{"damage":15,"enemies":"3 Byrds","floor":19,"turns":6},{"damage":7,"enemies":"Snecko","floor":21,"turns":4},{"damage":74,"enemies":"Book of Stabbing","floor":23,"turns":8},{"damage":9,"enemies":"Gremlin Leader","floor":27,"turns":7},{"damage":9,"enemies":"Cultist and Chosen","floor":28,"turns":6},{"damage":15,"enemies":"Slavers","floor":29,"turns":7},{"damage":28,"enemies":"Centurion and Healer","floor":31,"turns":7},{"damage":89,"enemies":"Champ","floor":33,"turns":16}],"seed_played":"-6409131216752842887","potions_obtained":[{"floor":3,"key":"SteroidPotion"},{"floor":6,"key":"Explosive Potion"},{"floor":13,"key":"Ancient Potion"},{"floor":14,"key":"DistilledChaos"},{"floor":16,"key":"ElixirPotion"},{"floor":18,"key":"Swift Potion"},{"floor":23,"key":"SpeedPotion"},{"floor":31,"key":"EssenceOfSteel"}],"is_trial":false,"path_per_floor":["M","M","M","$","?","E","R","M","T","E","?","$","?","E","R","B",null,"M","M","?","M","$","E","R","?","T","E","M","E","$","M","R","B"],"character_chosen":"IRONCLAD","items_purchased":["Regen Potion","Orichalcum","Akabeko","Lantern"],"campfire_rested":2,"item_purchase_floors":[12,22,22,30],"current_hp_per_floor":[61,64,64,64,69,63,63,61,61,45,28,28,30,8,33,43,85,82,76,76,78,78,10,38,69,69,66,63,59,74,54,54,0,0],"gold":62,"neow_bonus":"ONE_RARE_RELIC","is_daily":false,"chose_seed":false,"campfire_upgraded":1,"win_rate":0.0,"timestamp":1612151921,"path_taken":["M","M","M","$","?","E","R","M","T","E","?","$","?","E","R","BOSS","M","M","?","M","?","E","R","?","T","E","M","E","$","M","R","BOSS"],"items_purchased_type":["Potion","Relic","Relic","Relic"],"build_version":"2020-12-22","purchased_purges":1,"victory":false,"max_hp_per_floor":[80,80,80,80,85,85,85,85,85,85,85,85,85,85,85,85,85,88,91,91,94,94,94,94,94,94,94,94,94,94,94,94,94,94],"card_choices":[{"not_picked":["Warcry","Evolve"],"picked":"Armaments","floor":1},{"not_picked":["Havoc","Shrug It Off"],"picked":"Pommel Strike","floor":2},{"not_picked":["Cleave","Infernal Blade","Intimidate"],"picked":"SKIP","floor":3},{"not_picked":["Havoc","Power Through","Cleave"],"picked":"SKIP","floor":6},{"not_picked":["Searing Blow","Warcry"],"picked":"Armaments","floor":8},{"not_picked":["Infernal Blade","Metallicize"],"picked":"Iron Wave","floor":10},{"not_picked":["Havoc","Second Wind"],"picked":"Thunderclap","floor":13},{"not_picked":["Wild Strike","Intimidate"],"picked":"Double Tap","floor":14},{"not_picked":["Exhume","Offering"],"picked":"Feed","floor":16},{"not_picked":["Pommel Strike+1","Armaments"],"picked":"Thunderclap","floor":18},{"not_picked":["Havoc+1","Carnage"],"picked":"Armaments+1","floor":19},{"not_picked":["Havoc","Heavy Blade","Ghostly Armor"],"picked":"SKIP","floor":21},{"not_picked":["Sever Soul","Sentinel+1"],"picked":"Seeing Red+1","floor":23},{"not_picked":["Perfected Strike","Searing Blow","Armaments"],"picked":"SKIP","floor":27},{"not_picked":["Combust","Heavy Blade"],"picked":"Pommel Strike","floor":28},{"not_picked":["Dark Embrace","Flex+1","Evolve"],"picked":"SKIP","floor":29},{"not_picked":["Whirlwind+1","Fire Breathing"],"picked":"Dropkick","floor":31}],"player_experience":277627,"relics_obtained":[{"floor":6,"key":"Pantograph"},{"floor":9,"key":"Calipers"},{"floor":10,"key":"StoneCalendar"},{"floor":13,"key":"Anchor"},{"floor":14,"key":"CeramicFish"},{"floor":23,"key":"Toy Ornithopter"},{"floor":23,"key":"Centennial Puzzle"},{"floor":27,"key":"Omamori"},{"floor":27,"key":"CaptainsWheel"},{"floor":29,"key":"Blood Vial"},{"floor":29,"key":"MealTicket"}],"event_choices":[{"damage_healed":0,"gold_gain":0,"player_choice":"Donut","damage_taken":0,"max_hp_gain":5,"max_hp_loss":0,"event_name":"Big Fish","floor":5,"gold_loss":0},{"damage_healed":0,"gold_gain":0,"player_choice":"Entered Light","damage_taken":17,"max_hp_gain":0,"max_hp_loss":0,"event_name":"Shining Light","floor":11,"gold_loss":0,"cards_upgraded":["Defend_R","Defend_R"]},{"damage_healed":0,"gold_gain":0,"player_choice":"Searched \u00271\u0027 times","damage_taken":0,"max_hp_gain":0,"max_hp_loss":0,"event_name":"Dead Adventurer","floor":13,"gold_loss":0},{"damage_healed":0,"gold_gain":0,"player_choice":"Upgraded","damage_taken":0,"max_hp_gain":0,"max_hp_loss":0,"event_name":"Upgrade Shrine","floor":20,"gold_loss":0,"cards_upgraded":["Pommel Strike"]},{"damage_healed":31,"gold_gain":0,"player_choice":"Heal","damage_taken":0,"max_hp_gain":0,"max_hp_loss":0,"event_name":"The Library","floor":25,"gold_loss":0}],"is_beta":false,"boss_relics":[{"not_picked":["Empty Cage","Pandora\u0027s Box"],"picked":"Black Star"}],"items_purged_floors":[4],"is_endless":false,"potions_floor_spawned":[3,6,13,14,16,18,23,31],"killed_by":"Champ","ascension_level":3}}