{"host":"x205naxbihvu3p76","time":1612191847,"event":{"mods":["AchievementEnabler","BaseMod","Minty Spire (QoL Compilation)","StSLib","SuperFastMode"],"gold_per_floor":[119,119,131,281,39,69,85,115,115,147,161,161,161,193,193,267,267,279,124,144,19,69,69,69,69,69,96,96,106,122,139,139,212,212,212],"floor_reached":34,"language":"KOR","playtime":755,"items_purged":["Doubt","Strike_B","Strike_B"],"score":846,"play_id":"13465d7d-7ddb-4d73-bc89-9c45b8488d4e","local_time":"20210202000407","is_ascension_mode":true,"campfire_choices":[{"floor":12,"key":"REST"},{"floor":15,"key":"REST"},{"data":"White Noise","floor":23,"key":"SMITH"},{"floor":25,"key":"REST"},{"data":"Tempest","floor":32,"key":"SMITH"}],"circlet_count":0,"master_deck":["AscendersBane","Zap","Dualcast","Cold Snap+1","Ball Lightning","Sweeping Beam","White Noise+1","Echo Form+1","Loop+1","Cold Snap","Turbo","Conserve Battery","Cold Snap","Tempest+1","Meteor Strike","Chaos","Seek","BootSequence","Streamline","Storm"],"relics":["Cracked Core","NeowsBlessing","DataDisk","Cables","Sundial","Matryoshka","Ancient Tea Set","MealTicket","Runic Pyramid","Regal Pillow","Whetstone","Ice Cream","Pandora\u0027s Box"],"acts_visited":["Exordium","TheCity","TheBeyond"],"potions_floor_usage":[8,10,27,27],"damage_taken":[{"damage":0,"enemies":"Jaw Worm","floor":1,"turns":1},{"damage":0,"enemies":"2 Louse","floor":3,"turns":1},{"damage":0,"enemies":"3 Sentries","floor":6,"turns":1},{"damage":1,"enemies":"Small Slimes","floor":7,"turns":3},{"damage":5,"enemies":"Gremlin Nob","floor":8,"turns":3},{"damage":17,"enemies":"3 Sentries","floor":10,"turns":4},{"damage":20,"enemies":"Exordium Thugs","floor":11,"turns":5},{"damage":33,"enemies":"Gremlin Nob","floor":14,"turns":4},{"damage":28,"enemies":"The Guardian","floor":16,"turns":10},{"damage":41,"enemies":"3 Byrds","floor":18,"turns":5},{"damage":5,"enemies":"Chosen","floor":20,"turns":4},{"damage":30,"enemies":"Book of Stabbing","floor":27,"turns":4},{"damage":2,"enemies":"3 Cultists","floor":29,"turns":5},{"damage":0,"enemies":"Cultist and Chosen","floor":30,"turns":5},{"damage":0,"enemies":"Snecko","floor":31,"turns":5},{"damage":38,"enemies":"Automaton","floor":33,"turns":10}],"seed_played":"-4793324527725712306","potions_obtained":[{"floor":1,"key":"LiquidBronze"},{"floor":3,"key":"Fire Potion"},{"floor":18,"key":"ColorlessPotion"},{"floor":33,"key":"Explosive Potion"}],"is_trial":false,"path_per_floor":["M","?","M","?","$","E","M","E","T","E","M","R","?","E","R","B",null,"M","$","M","$","?","R","?","R","T","E","$","M","M","M","R","B",null],"character_chosen":"DEFECT","items_purchased":["DataDisk","Block Potion"],"campfire_rested":3,"item_purchase_floors":[5,19],"current_hp_per_floor":[64,69,69,69,69,69,68,63,63,46,26,48,41,8,30,2,58,17,32,27,42,42,42,42,64,64,34,49,47,47,47,47,9,59,59],"gold":212,"neow_bonus":"THREE_ENEMY_KILL","is_daily":false,"chose_seed":false,"campfire_upgraded":2,"win_rate":0.0,"timestamp":1612191847,"path_taken":["M","?","M","?","$","E","M","E","T","E","M","R","?","E","R","BOSS","M","$","M","$","?","R","?","R","T","E","$","M","?","M","R","BOSS"],"items_purchased_type":["Relic","Potion"],"build_version":"2020-12-22","purchased_purges":3,"victory":false,"max_hp_per_floor":[71,76,76,76,76,76,76,76,76,76,76,76,76,76,76,76,76,76,76,76,76,76,76,76,76,76,76,76,76,76,76,76,76,76,76],"card_choices":[{"not_picked":["Heatsinks","Beam Cell"],"picked":"Cold Snap","floor":1},{"not_picked":["Rebound","Melter"],"picked":"Ball Lightning","floor":3},{"not_picked":["Stack","Gash","Redo"],"picked":"SKIP","floor":6},{"not_picked":["Machine Learning","Fusion"],"picked":"Sweeping Beam","floor":7},{"not_picked":["Ball Lightning","Force Field"],"picked":"White Noise","floor":8},{"not_picked":["White Noise","Fusion","Hologram"],"picked":"SKIP","floor":10},{"not_picked":["Steam","Streamline","Barrage"],"picked":"SKIP","floor":11},{"not_picked":["Barrage","Skim","Go for the Eyes"],"picked":"SKIP","floor":14},{"not_picked":["Meteor Strike","Hyperbeam"],"picked":"Echo Form","floor":16},{"not_picked":["Steam","Barrage"],"picked":"Loop+1","floor":18},{"not_picked":["Stack","Reprogram"],"picked":"Cold Snap","floor":20},{"not_picked":["Gash","Tempest"],"picked":"Turbo","floor":27},{"not_picked":["Beam Cell","Stack"],"picked":"Conserve Battery","floor":29},{"not_picked":["Sweeping Beam","Steam"],"picked":"Cold Snap","floor":30},{"not_picked":["Melter","Steam"],"picked":"Tempest","floor":31},{"not_picked":["Amplify","All For One"],"picked":"Meteor Strike","floor":33}],"player_experience":1011597,"relics_obtained":[{"floor":6,"key":"Cables"},{"floor":8,"key":"Sundial"},{"floor":9,"key":"Matryoshka"},{"floor":10,"key":"Ancient Tea Set"},{"floor":14,"key":"MealTicket"},{"floor":26,"key":"Regal Pillow"},{"floor":26,"key":"Whetstone"},{"floor":27,"key":"Ice Cream"}],"event_choices":[{"damage_healed":0,"gold_gain":0,"player_choice":"Donut","damage_taken":0,"max_hp_gain":5,"max_hp_loss":0,"event_name":"Big Fish","floor":2,"gold_loss":0},{"damage_healed":0,"gold_gain":150,"player_choice":"AGREE","damage_taken":0,"max_hp_gain":0,"max_hp_loss":0,"event_name":"Liars Game","floor":4,"gold_loss":0,"cards_obtained":["Doubt"]},{"cards_removed":["Strike_B"],"damage_healed":0,"gold_gain":0,"player_choice":"Card Removal","damage_taken":7,"max_hp_gain":0,"max_hp_loss":0,"event_name":"Golden Wing","floor":13,"gold_loss":0},{"damage_healed":0,"gold_gain":50,"player_choice":"Stole From Cult","damage_taken":0,"max_hp_gain":0,"max_hp_loss":0,"event_name":"Nest","floor":22,"gold_loss":0},{"damage_healed":0,"gold_gain":0,"player_choice":"Upgraded","damage_taken":0,"max_hp_gain":0,"max_hp_loss":0,"event_name":"Upgrade Shrine","floor":24,"gold_loss":0,"cards_upgraded":["Echo Form"]}],"is_beta":false,"boss_relics":[{"not_picked":["Empty Cage","Black Star"],"picked":"Runic Pyramid"},{"not_picked":["FrozenCore","SacredBark"],"picked":"Pandora\u0027s Box"}],"items_purged_floors":[5,19,21],"is_endless":false,"potions_floor_spawned":[1,3,18,20,33],"ascension_level":20}}