{"host":"350rh84kbmtekt58","time":1612176861,"event":{"mods":["AchievementEnabler","Act Like it!","BaseMod","Better Synergies","Block Reminder","CapriCore","Challenge The Spire","Colored Map","Colored Powertips","Communication Mod","Downfall","Energized Spire","Friendly Minions","GifTheSpireLib","Highlight Path","Minty Spire (QoL Compilation)","Quick Restart","Replay The Spire","Shop Mod","StSLib","The Animator","The Disciple","The Immortal","The Marked","The Runesmith","The Servant 0.9.4","The Wild Card","Transform Curses","yUi"],"gold_per_floor":[116,116,166,180,194,227,227,258,312,38,48,223,249,268,268,367,367,381,4,4,16,16,16],"floor_reached":22,"language":"ENG","playtime":1601,"items_purged":["animator:Curse_Greed"],"score":267,"play_id":"6a1bed3b-c952-47d5-93c6-2a5460b00575","local_time":"20210201045421","is_ascension_mode":true,"campfire_choices":[],"circlet_count":0,"master_deck":["Strike_S","Strike_S","Strike_S","Defend_S","Defend_S","Defend_S","Defend_S","KidneyShot","Exchange","Potential","CommonCold","BottledTime","Moondial","BestPractice","ShatteredReality","ReplayTheSpireMod:Faulty Equipment","Sabotage","StarChef","Doubt","Misdirection","Luminosity","animator:Curse_Dizziness","KillingDoll","SilverBlades+1","Transmutation","J.A.X.","Replace"],"relics":["Uniform","NeowsBlessing","Ring of Greed","ReplayTheSpireMod:Ring of Addiction","The Courier","Smiling Mask","Chameleon Ring","SacredBark","Sundial","Toy Ornithopter","Sling","Tiny Chest","Ancient Tea Set","energizedSpire:SpiderWeb","Shuriken"],"acts_visited":["Exordium","TheCity"],"potions_floor_usage":[6,6,6,8,8,8,8,8,11,14,16,16,16,21,21,21,22,22],"damage_taken":[{"damage":0,"enemies":"Jaw Worm","floor":1,"turns":1},{"damage":0,"enemies":"Small Slimes","floor":4,"turns":1},{"damage":0,"enemies":"2 Louse","floor":5,"turns":1},{"damage":6,"enemies":"Lagavulin","floor":6,"turns":4},{"damage":2,"enemies":"Gremlin Nob","floor":8,"turns":4},{"damage":0,"enemies":"Blue Slaver","floor":11,"turns":1},{"damage":31,"enemies":"Lagavulin","floor":13,"turns":7},{"damage":0,"enemies":"2 Fungi Beasts","floor":14,"turns":4},{"damage":0,"enemies":"Hexaghost","floor":16,"turns":8},{"damage":10,"enemies":"Shell Parasite","floor":18,"turns":4},{"damage":8,"enemies":"3 Byrds","floor":21,"turns":5},{"damage":72,"enemies":"Masked Bandits","floor":22,"turns":5}],"seed_played":"-8799429319295990452","potions_obtained":[{"floor":3,"key":"bronze:BurnAndBuffPotion"},{"floor":3,"key":"FearPotion"},{"floor":3,"key":"champ:CounterPotion"},{"floor":6,"key":"Weak Potion"},{"floor":7,"key":"Swift Potion"},{"floor":7,"key":"EntropicBrew"},{"floor":8,"key":"Explosive Potion"},{"floor":13,"key":"LiquidMemories"},{"floor":15,"key":"LifebloodPotion"},{"floor":15,"key":"CultistPotion"},{"floor":21,"key":"PowerPotion"}],"is_trial":false,"path_per_floor":["M","?","?","M","M","E","R","E","T","$","M","?","E","M","R_BF","B",null,"M","$","?","M","?"],"character_chosen":"THE_SERVANT","items_purchased":["Sling","Tiny Chest","Sabotage","Shuriken","Transmutation"],"campfire_rested":0,"item_purchase_floors":[10,10,10,19,19],"current_hp_per_floor":[65,58,58,58,58,52,52,50,50,50,55,55,24,29,29,44,65,55,55,55,62,0,0],"gold":16,"neow_bonus":"THREE_ENEMY_KILL","is_daily":false,"chose_seed":false,"campfire_upgraded":0,"win_rate":0.0,"timestamp":1612176861,"path_taken":["M","?","?","M","M","E","R","E","T","$","M","?","E","M","R_BF","BOSS","M","$","?","M","?"],"items_purchased_type":["Relic","Relic","Card","Relic","Card"],"build_version":"2020-12-22","purchased_purges":1,"victory":false,"max_hp_per_floor":[65,65,65,65,65,65,65,65,65,65,65,65,65,65,65,65,65,65,65,63,63,63,63],"card_choices":[{"not_picked":["Rearm","DualDimension"],"picked":"Potential","floor":1},{"not_picked":["Collapse","Foresight"],"picked":"BottledTime","floor":4},{"not_picked":["Read","Manipulate"],"picked":"Moondial","floor":5},{"not_picked":["Collapse","RealityMarble"],"picked":"BestPractice","floor":6},{"not_picked":["Rearm","Snipe"],"picked":"ShatteredReality","floor":8},{"not_picked":["DoubleEdge","Misdirection"],"picked":"StarChef","floor":11},{"not_picked":["SurpressingFire","SoulSculpture"],"picked":"Misdirection","floor":13},{"not_picked":["Reset","TimeTheft"],"picked":"Luminosity","floor":14},{"not_picked":["Duplication","Solidify"],"picked":"KillingDoll","floor":16},{"not_picked":["TimeTheft","Read"],"picked":"SilverBlades+1","floor":18},{"not_picked":["Moondial","ReturningBlade"],"picked":"Replace","floor":21}],"player_experience":223472,"relics_obtained":[{"floor":3,"key":"Ring of Greed"},{"floor":3,"key":"ReplayTheSpireMod:Ring of Addiction"},{"floor":3,"key":"The Courier"},{"floor":3,"key":"Smiling Mask"},{"floor":3,"key":"Chameleon Ring"},{"floor":3,"key":"SacredBark"},{"floor":6,"key":"Sundial"},{"floor":8,"key":"Toy Ornithopter"},{"floor":13,"key":"Ancient Tea Set"}],"event_choices":[{"cards_removed":["Strike_S"],"damage_healed":0,"gold_gain":0,"player_choice":"Card Removal","damage_taken":7,"max_hp_gain":0,"max_hp_loss":0,"event_name":"Golden Wing","floor":2,"gold_loss":0},{"damage_healed":0,"gold_gain":175,"player_choice":"AGREE","damage_taken":0,"max_hp_gain":0,"max_hp_loss":0,"event_name":"Liars Game","floor":12,"gold_loss":0,"cards_obtained":["Doubt"]},{"damage_healed":0,"gold_gain":0,"player_choice":"Obtain J.A.X.","damage_taken":0,"max_hp_gain":0,"max_hp_loss":0,"event_name":"Drug Dealer","floor":20,"gold_loss":0,"cards_obtained":["J.A.X."]},{"damage_healed":0,"gold_gain":0,"player_choice":"Fought Bandits","damage_taken":0,"max_hp_gain":0,"max_hp_loss":0,"event_name":"Masked Bandits","floor":22,"gold_loss":0}],"is_beta":false,"boss_relics":[{"not_picked":["Runic Pyramid","energizedSpire:RedRose"],"picked":"energizedSpire:SpiderWeb"}],"items_purged_floors":[19],"is_endless":false,"potions_floor_spawned":[6,8,13,21],"killed_by":"Masked Bandits","ascension_level":1}}