{"host":"e4wnmsyty9uvvtwf","time":1612188502,"event":{"mods":["Act Like it!","BaseMod","Colored Map","Colored Powertips","Gensokyo","Koishi","Minty Spire (QoL Compilation)","StSLib"],"gold_per_floor":[365,46,46,66,77,77,109,4,4,22,55,55,271,271,271,368,368,385,385,385,398,409,439,57,57,57,91,24,274,306,322,322,427,427,438,20,31,31,31,62,62,78,78,96,124,64,77,77,77,77,77,77,77,108,108],"floor_reached":56,"language":"ZHS","playtime":3856,"items_purged":["Koishi:BasicStrike"],"score":1925,"play_id":"ac7797f3-593d-4d92-bb4d-2ed80db3f119","local_time":"20210201220822","is_ascension_mode":true,"campfire_choices":[{"data":"Koishi:HauntingSlash","floor":6.0,"key":"SMITH"},{"data":"Koishi:Provoke","floor":12.0,"key":"SMITH"},{"data":"Koishi:TremblingHands","floor":15.0,"key":"SMITH"},{"floor":25.0,"key":"RECALL"},{"floor":32.0,"key":"REST"},{"floor":49.0,"key":"REST"},{"floor":52,"key":"REST"}],"circlet_count":0,"master_deck":["AscendersBane","Koishi:BasicStrike","Koishi:BasicDefend+1","Koishi:BasicDefend","Koishi:BasicDefend","Koishi:Provoke+1","Koishi:HauntingSlash+1","Koishi:StingingMind+1","Koishi:YoukaiPolygraph","Koishi:PredatoryInstincts+1","Koishi:DNAsFlaw+1","Koishi:SubconsciousSweep","Koishi:FadingMemory+1","Koishi:ImGoingToCallYouNow+1","Koishi:TremblingHands+1","Koishi:PerfectMindControl+1","Koishi:Untouchable+1","Gensokyo:AllTheWorldsEvil","Koishi:GeneticsOfTheUnconscious+1","Koishi:DNAsFlaw+1","Koishi:YoukaiPolygraph","Koishi:HeartStoppingHorror","Koishi:GeneticsOfTheUnconscious+1","Koishi:UnconsciousUrges","Koishi:Prune","Koishi:RuptureMind","Koishi:FadingMemory+1","Gensokyo:MissMary+1","Gensokyo:DreamlikeParadise+1","Koishi:HeartStoppingHorror","Koishi:Untouchable","Gensokyo:CustomPotion"],"relics":["Koishi:ImaginaryFriend","Toxic Egg 2","Dead Branch","Koishi:ImperfectMetamorphosis","Sundial","Mango","Fusion Hammer","Gensokyo:DirgeOfMelancholy","Bottled Tornado","Koishi:AHoleWhereASisterShouldBe","Bag of Marbles","Happy Flower","Busted Crown","Medical Kit","HornCleat","Darkstone Periapt","Calipers","Nunchaku","Ginger"],"acts_visited":["Exordium","Gensokyo:Gensokyo","Gensokyo:Gensokyoer","TheEnding"],"potions_floor_usage":[55,55],"damage_taken":[{"damage":6.0,"enemies":"Gensokyo:Gryphon","floor":1.0,"turns":5.0},{"damage":3.0,"enemies":"Gensokyo:2_Kodama","floor":4.0,"turns":3.0},{"damage":0.0,"enemies":"Gensokyo:3_Fairies","floor":5.0,"turns":6.0},{"damage":23.0,"enemies":"Gensokyo:Cirno","floor":7.0,"turns":9.0},{"damage":1.0,"enemies":"Gensokyo:VengefulSpirit","floor":10.0,"turns":5.0},{"damage":1.0,"enemies":"Gensokyo:Mamizou","floor":11.0,"turns":8.0},{"damage":6.0,"enemies":"Gensokyo:5_Fairies","floor":13.0,"turns":5.0},{"damage":22.0,"enemies":"Gensokyo:Reimu","floor":16.0,"turns":11.0},{"damage":10.0,"enemies":"Gensokyo:AngelMirror","floor":18.0,"turns":5.0},{"damage":4.0,"enemies":"Gensokyo:3_Dogs","floor":21.0,"turns":5.0},{"damage":0.0,"enemies":"Gensokyo:Chomper_and_Gloop","floor":22.0,"turns":6.0},{"damage":0.0,"enemies":"Gensokyo:Tenshi","floor":23.0,"turns":4.0},{"damage":16.0,"enemies":"Gensokyo:Reisen","floor":27.0,"turns":6.0},{"damage":1.0,"enemies":"Gensokyo:Koishi","floor":30.0,"turns":5.0},{"damage":15.0,"enemies":"Gensokyo:Swordslinger","floor":31.0,"turns":4.0},{"damage":4.0,"enemies":"Gensokyo:Eternal_Rivals","floor":33.0,"turns":8.0},{"damage":0.0,"enemies":"Gensokyo:3_Bats","floor":35.0,"turns":2.0},{"damage":0.0,"enemies":"Gensokyo:3_Boulders","floor":37.0,"turns":4.0},{"damage":0.0,"enemies":"Gensokyo:3_Boulders","floor":38.0,"turns":5.0},{"damage":0.0,"enemies":"Gensokyo:Doremy","floor":40.0,"turns":5.0},{"damage":8.0,"enemies":"Gensokyo:4_Bats","floor":42.0,"turns":4.0},{"damage":0.0,"enemies":"Gensokyo:AtlasGolem","floor":44.0,"turns":4.0},{"damage":0.0,"enemies":"Gensokyo:Marisa","floor":45.0,"turns":4.0},{"damage":0.0,"enemies":"Gensokyo:3_Boulders","floor":47.0,"turns":4.0},{"damage":6,"enemies":"Gensokyo:Yuyuko","floor":50,"turns":8},{"damage":0,"enemies":"Shield and Spear","floor":54,"turns":6},{"damage":20,"enemies":"The Heart","floor":55,"turns":9}],"seed_played":"6958300501528092259","potions_obtained":[{"floor":4.0,"key":"Fruit Juice"},{"floor":5.0,"key":"AttackPotion"},{"floor":10.0,"key":"Weak Potion"},{"floor":23.0,"key":"SteroidPotion"},{"floor":27.0,"key":"ColorlessPotion"},{"floor":40.0,"key":"PowerPotion"}],"is_trial":false,"path_per_floor":["M","$","?","M","M","R","E","COS","T","M","E","R","M","?","R","B",null,"M","?","?","M","M","E","$","R","T","E","$","?","E","M","R","B",null,"M","COS","M","?","?","E","?","M","T","M","E","?","M","?","R","B",null,"R","$","E","B",null],"character_chosen":"KOISHI","items_purchased":["Toxic Egg 2","Koishi:YoukaiPolygraph","Koishi:AHoleWhereASisterShouldBe","Koishi:HeartStoppingHorror","Koishi:UnconsciousUrges"],"campfire_rested":3,"item_purchase_floors":[2,2,24,24,28],"current_hp_per_floor":[35,35,35,38,40,40,45,45,45,52,65,65,65,65,65,79,79,79,79,79,79,79,79,79,79,79,79,79,75,75,75,75,75,75,75,75,75,75,75,75,75,75,75,75,75,75,75,75,75,75,75,75,75,75,75],"gold":108,"neow_bonus":"TWO_FIFTY_GOLD","is_daily":false,"chose_seed":false,"campfire_upgraded":3,"win_rate":0.0,"timestamp":1612188502,"path_taken":["M","$","?","M","M","R","E","COS","T","M","E","R","?","?","R","BOSS","M","?","?","M","M","E","$","R","T","E","?","?","E","M","R","BOSS","M","COS","?","?","?","E","?","?","T","M","E","?","M","?","R","BOSS","R","$","E","BOSS"],"items_purchased_type":["Relic","Card","Relic","Card","Card"],"build_version":"2020-12-22","purchased_purges":1,"victory":true,"max_hp_per_floor":[60,60,60,65,65,65,65,65,65,65,65,65,65,65,65,79,79,79,79,79,79,79,79,79,79,79,79,79,75,75,75,75,75,75,75,75,75,75,75,75,75,75,75,75,75,75,75,75,75,75,75,75,75,75,75],"card_choices":[{"not_picked":["Koishi:UnconsciousUprising","Koishi:UnansweredLove"],"picked":"Koishi:StingingMind","floor":1.0},{"not_picked":["Koishi:PhantomStrike","Koishi:JumpScare+1"],"picked":"Koishi:EmbryosDream+1","floor":4.0},{"not_picked":["Koishi:CatchAndRose+1","Koishi:Prune"],"picked":"Koishi:PredatoryInstincts+1","floor":5.0},{"not_picked":["Koishi:FourthEye+1","Koishi:FleetingPhantom+1"],"picked":"Koishi:DNAsFlaw+1","floor":7.0},{"not_picked":["Koishi:JumpScare+1","Koishi:SubterraneanRose+1"],"picked":"Koishi:ImGoingToCallYouNow+1","floor":10.0},{"not_picked":["Koishi:Jaunt","Koishi:DanmakuParanoia+1"],"picked":"Koishi:TremblingHands","floor":11.0},{"not_picked":["Koishi:UnansweredLove+1","Koishi:SubconsciousSweep","Koishi:Jaunt"],"picked":"SKIP","floor":13.0},{"not_picked":["Koishi:RoseHell+1","Koishi:MentalBreakdown"],"picked":"Koishi:PerfectMindControl+1","floor":16.0},{"not_picked":["Koishi:SpiritedAway","Koishi:Catatonia"],"picked":"Koishi:Untouchable+1","floor":18.0},{"not_picked":["Koishi:Prune","Koishi:SubconsciousSweep"],"picked":"Koishi:GeneticsOfTheUnconscious+1","floor":21.0},{"not_picked":["Koishi:DreadfulBlow+1","Koishi:StingingMind"],"picked":"Koishi:DNAsFlaw+1","floor":22.0},{"not_picked":["Koishi:UnseenTerror+1","Koishi:EmbryosDream+1"],"picked":"Koishi:YoukaiPolygraph","floor":23.0},{"not_picked":["Koishi:Jaunt","Koishi:SubconsciousSweep"],"picked":"Koishi:GeneticsOfTheUnconscious+1","floor":27.0},{"not_picked":["Koishi:JumpScare+1","Koishi:BloodcurdlingScream"],"picked":"Koishi:Prune","floor":30.0},{"not_picked":["Koishi:Whimsy+1","Koishi:EmbryosDream+1"],"picked":"Koishi:RuptureMind","floor":31.0},{"not_picked":["Koishi:ImGoingToCallYouNow+1","Koishi:MindStellarRelief+1"],"picked":"Koishi:FadingMemory+1","floor":33.0},{"not_picked":[],"picked":"Koishi:HeartfeltFancy+1","floor":35.0},{"not_picked":["Koishi:BloodcurdlingScream"],"picked":"SKIP","floor":37.0},{"not_picked":["Gensokyo:UnlikelyAid+1","Gensokyo:Dawn+1"],"picked":"Gensokyo:DreamlikeParadise+1","floor":38.0},{"not_picked":[],"picked":"Koishi:HeartStoppingHorror","floor":40.0},{"not_picked":[],"picked":"Koishi:Untouchable","floor":42.0},{"not_picked":["Koishi:HeartfeltFancy+1"],"picked":"SKIP","floor":44.0},{"not_picked":["Koishi:StrangeCloudFist"],"picked":"SKIP","floor":45.0},{"not_picked":["Koishi:Prune+1"],"picked":"SKIP","floor":47.0},{"not_picked":["Koishi:Vanish+1"],"picked":"SKIP","floor":54}],"player_experience":553197,"relics_obtained":[{"floor":7.0,"key":"Dead Branch"},{"floor":9.0,"key":"Koishi:ImperfectMetamorphosis"},{"floor":11.0,"key":"Sundial"},{"floor":23.0,"key":"Bottled Tornado"},{"floor":27.0,"key":"Bag of Marbles"},{"floor":30.0,"key":"Happy Flower"},{"floor":40.0,"key":"HornCleat"},{"floor":43.0,"key":"Calipers"},{"floor":45.0,"key":"Nunchaku"},{"floor":54,"key":"Ginger"}],"event_choices":[],"is_beta":false,"boss_relics":[{"not_picked":["Koishi:ColorfulDays","Calling Bell"],"picked":"Fusion Hammer"},{"not_picked":["Philosopher\u0027s Stone","Empty Cage"],"picked":"Busted Crown"}],"items_purged_floors":[24],"is_endless":false,"potions_floor_spawned":[4,5,10,23,27,37,40,47,54],"ascension_level":11}}