{"host":"981nlwu0905dw1bz","time":1612202614,"event":{"mods":["AchievementEnabler","BaseMod","DeckTracker","Minty Spire (QoL Compilation)","Rare Cards Sparkle","SuperFastMode"],"gold_per_floor":[114,128,128,138,156,156,166,191,191,191,32,32,50,66,66,163,163,173,98,13,29,41,41,41,41,87,103,103,121,121,134,134,239,239,255,305,305,318,318,318,318,169,169,183,83,83,83,98,98,98,98],"floor_reached":50,"language":"KOR","playtime":1684,"items_purged":["Strike_G","Strike_G"],"score":710,"play_id":"330b2278-4c4e-4679-9197-d3ac16002ed4","local_time":"20210202030334","is_ascension_mode":true,"campfire_choices":[{"data":"Glass Knife","floor":6.0,"key":"SMITH"},{"data":"Blade Dance","floor":10.0,"key":"SMITH"},{"floor":12.0,"key":"REST"},{"data":"Accuracy","floor":15.0,"key":"SMITH"},{"floor":23.0,"key":"REST"},{"floor":28.0,"key":"REST"},{"data":"Storm of Steel","floor":32.0,"key":"SMITH"},{"data":"After Image","floor":40,"key":"SMITH"},{"floor":46,"key":"REST"},{"data":"Accuracy","floor":49,"key":"SMITH"}],"circlet_count":0,"master_deck":["AscendersBane","Defend_G","Defend_G","Defend_G","Defend_G","Defend_G","Survivor","Neutralize","Acrobatics","Dagger Spray","Accuracy+1","Glass Knife+1","Blade Dance+1","Dash","Accuracy+1","Backflip","Cloak And Dagger","Storm of Steel+1","Dagger Spray+1","After Image+1","Blur+1"],"relics":["Ring of the Snake","Toy Ornithopter","Akabeko","Oddly Smooth Stone","SlaversCollar","HornCleat","Lantern","WristBlade","Ice Cream","Vajra","Pear"],"acts_visited":["Exordium","TheCity","TheBeyond"],"potions_floor_usage":[44,48],"damage_taken":[{"damage":3.0,"enemies":"Jaw Worm","floor":1.0,"turns":7.0},{"damage":1.0,"enemies":"Cultist","floor":2.0,"turns":6.0},{"damage":9.0,"enemies":"Small Slimes","floor":4.0,"turns":4.0},{"damage":0.0,"enemies":"Exordium Wildlife","floor":5.0,"turns":5.0},{"damage":0.0,"enemies":"Gremlin Gang","floor":7.0,"turns":2.0},{"damage":34.0,"enemies":"Gremlin Nob","floor":8.0,"turns":4.0},{"damage":0.0,"enemies":"Looter","floor":13.0,"turns":2.0},{"damage":0.0,"enemies":"Exordium Thugs","floor":14.0,"turns":3.0},{"damage":20.0,"enemies":"Hexaghost","floor":16.0,"turns":9.0},{"damage":18.0,"enemies":"3 Byrds","floor":18.0,"turns":4.0},{"damage":5.0,"enemies":"2 Thieves","floor":21.0,"turns":3.0},{"damage":14.0,"enemies":"Centurion and Healer","floor":22.0,"turns":3.0},{"damage":18.0,"enemies":"Sentry and Sphere","floor":27.0,"turns":4.0},{"damage":5.0,"enemies":"Cultist and Chosen","floor":29.0,"turns":4.0},{"damage":13.0,"enemies":"Centurion and Healer","floor":31.0,"turns":5.0},{"damage":29.0,"enemies":"Champ","floor":33.0,"turns":11.0},{"damage":0.0,"enemies":"3 Darklings","floor":35.0,"turns":2.0},{"damage":3.0,"enemies":"Mind Bloom Boss Battle","floor":36.0,"turns":4.0},{"damage":0.0,"enemies":"Orb Walker","floor":38.0,"turns":3.0},{"damage":17,"enemies":"Spire Growth","floor":44,"turns":4},{"damage":12,"enemies":"Transient","floor":48,"turns":5},{"damage":71,"enemies":"Awakened One","floor":50,"turns":9}],"seed_played":"6737124419350285650","potions_obtained":[{"floor":1.0,"key":"FearPotion"},{"floor":2.0,"key":"Explosive Potion"},{"floor":4.0,"key":"DistilledChaos"},{"floor":8.0,"key":"BlessingOfTheForge"},{"floor":16.0,"key":"Fire Potion"},{"floor":31.0,"key":"ColorlessPotion"},{"floor":38.0,"key":"Weak Potion"},{"floor":44,"key":"SkillPotion"}],"is_trial":false,"path_per_floor":["M","M","?","M","M","R","M","E","T","R","$","R","M","M","R","B",null,"M","?","?","M","M","R","$","$","T","M","R","M","?","M","R","B",null,"M","?","?","M","?","R","?","$","T","M","$","R","?","M","R","B"],"character_chosen":"THE_SILENT","items_purchased":["Accuracy","Backflip","Vajra"],"campfire_rested":4,"item_purchase_floors":[11,11,42],"current_hp_per_floor":[60,59,59,50,50,50,60,26,26,26,26,47,47,47,47,27,59,41,41,41,36,32,53,53,53,53,35,56,51,70,57,57,33,61,61,58,58,58,58,58,58,58,68,56,56,80,80,68,68,0,0],"gold":98,"neow_bonus":"REMOVE_CARD","is_daily":false,"chose_seed":false,"campfire_upgraded":6,"win_rate":0.0,"timestamp":1612202614,"path_taken":["M","M","?","M","M","R","?","E","T","R","$","R","M","M","R","BOSS","M","?","?","M","M","R","?","$","T","?","R","M","?","M","R","BOSS","M","?","?","?","?","R","?","$","T","?","$","R","?","M","R","BOSS"],"items_purchased_type":["Card","Card","Relic"],"build_version":"2020-12-22","purchased_purges":2,"victory":false,"max_hp_per_floor":[70,70,70,70,70,70,70,70,70,70,70,70,70,70,70,70,70,70,70,70,70,70,70,70,70,70,70,70,70,70,70,70,70,70,70,70,70,70,70,70,70,70,80,80,80,80,80,80,80,80,80],"card_choices":[{"not_picked":["Well Laid Plans","Sucker Punch"],"picked":"Acrobatics","floor":1.0},{"not_picked":["Deflect","Heel Hook"],"picked":"Dagger Spray","floor":2.0},{"not_picked":["Concentrate","Masterful Stab"],"picked":"Accuracy","floor":4.0},{"not_picked":["Cloak And Dagger","PiercingWail"],"picked":"Glass Knife","floor":5.0},{"not_picked":["Backflip","Prepared"],"picked":"Blade Dance","floor":7.0},{"not_picked":["Deadly Poison","Concentrate"],"picked":"Dash","floor":8.0},{"not_picked":["Quick Slash","Expertise"],"picked":"Cloak And Dagger","floor":13.0},{"not_picked":["PiercingWail","Slice","Caltrops"],"picked":"SKIP","floor":14.0},{"not_picked":["Night Terror","Unload"],"picked":"Storm of Steel","floor":16.0},{"not_picked":["Eviscerate","Prepared"],"picked":"Dagger Spray+1","floor":18.0},{"not_picked":["Choke","Dagger Throw+1","Backstab"],"picked":"SKIP","floor":21.0},{"not_picked":["PiercingWail","Dodge and Roll","Flechettes"],"picked":"SKIP","floor":22.0},{"not_picked":["Expertise","Poisoned Stab","Calculated Gamble"],"picked":"SKIP","floor":27.0},{"not_picked":["Crippling Poison","Infinite Blades","Slice"],"picked":"SKIP","floor":29.0},{"not_picked":["Outmaneuver+1","Setup+1","Dagger Throw"],"picked":"SKIP","floor":31.0},{"not_picked":["Grand Finale","Bullet Time"],"picked":"After Image","floor":33.0},{"not_picked":["Dodge and Roll+1","Deadly Poison"],"picked":"Blur+1","floor":35.0},{"not_picked":["Escape Plan","Infinite Blades+1","Outmaneuver"],"picked":"SKIP","floor":38.0},{"not_picked":["Quick Slash","Finisher","PiercingWail+1"],"picked":"SKIP","floor":44},{"not_picked":["Bane+1","Outmaneuver","Underhanded Strike"],"picked":"SKIP","floor":48}],"player_experience":563373,"relics_obtained":[{"floor":8.0,"key":"Akabeko"},{"floor":9.0,"key":"Oddly Smooth Stone"},{"floor":26.0,"key":"Lantern"},{"floor":36.0,"key":"Ice Cream"},{"floor":43,"key":"Pear"}],"event_choices":[{"damage_healed":0.0,"max_hp_gain":0.0,"max_hp_loss":0.0,"gold_gain":0.0,"event_name":"WeMeetAgain","player_choice":"Gave Potion","floor":3.0,"gold_loss":0.0,"damage_taken":0.0,"relics_obtained":["Toy Ornithopter"]},{"cards_removed":["Strike_G"],"damage_healed":0.0,"max_hp_gain":0.0,"max_hp_loss":0.0,"gold_gain":0.0,"event_name":"Beggar","player_choice":"Gave Gold","floor":19.0,"gold_loss":75.0,"damage_taken":0.0},{"damage_healed":0.0,"max_hp_gain":0.0,"max_hp_loss":0.0,"gold_gain":0.0,"event_name":"Addict","player_choice":"Obtained Relic","floor":20.0,"gold_loss":85.0,"damage_taken":0.0,"relics_obtained":["HornCleat"]},{"damage_healed":23.0,"max_hp_gain":0.0,"max_hp_loss":0.0,"gold_gain":0.0,"event_name":"The Library","player_choice":"Heal","floor":30.0,"gold_loss":0.0,"damage_taken":0.0},{"damage_healed":0.0,"max_hp_gain":0.0,"max_hp_loss":0.0,"gold_gain":0.0,"event_name":"MindBloom","player_choice":"Fight","floor":36.0,"gold_loss":0.0,"damage_taken":0.0},{"damage_healed":0.0,"max_hp_gain":0.0,"max_hp_loss":0.0,"gold_gain":0.0,"event_name":"The Woman in Blue","player_choice":"Bought 0 Potions","floor":37.0,"gold_loss":0.0,"damage_taken":0.0},{"damage_healed":0,"gold_gain":0,"player_choice":"Ignored","damage_taken":0,"max_hp_gain":0,"max_hp_loss":0,"event_name":"Mysterious Sphere","floor":39,"gold_loss":0},{"damage_healed":0,"gold_gain":0,"cards_transformed":["Strike_G"],"player_choice":"Transformed","damage_taken":0,"max_hp_gain":0,"max_hp_loss":0,"event_name":"Transmorgrifier","floor":41,"gold_loss":0,"cards_obtained":["Quick Slash"]},{"cards_removed":["Quick Slash"],"damage_healed":5,"gold_gain":0,"player_choice":"Offered Common","damage_taken":0,"max_hp_gain":0,"max_hp_loss":0,"event_name":"Bonfire Elementals","floor":47,"gold_loss":0},{"cards_removed":["Quick Slash"],"damage_healed":5,"gold_gain":0,"player_choice":"Offered Special","damage_taken":0,"max_hp_gain":0,"max_hp_loss":0,"event_name":"Bonfire Elementals","floor":47,"gold_loss":0}],"is_beta":false,"boss_relics":[{"not_picked":["Busted Crown","Ring of the Serpent"],"picked":"SlaversCollar"},{"not_picked":["Velvet Choker","Runic Dome"],"picked":"WristBlade"}],"items_purged_floors":[11,45],"is_endless":false,"potions_floor_spawned":[1,2,4,8,16,18,21,31,38,44],"killed_by":"Awakened One","ascension_level":12}}