{"host":"ijtyqc57s6c9mbij","time":1612144003,"event":{"mods":["BaseMod","Colored Map","Downfall","Minty Spire (QoL Compilation)","StSLib"],"gold_per_floor":[99,117,137,147,82,82,82,82,94,114,133,150,50,64,76,172,172,172,172,172,172,272,23,23,23,37,57,70,105,90,108,119,220,220,120,138,155,205,153,168,195,95,147,147,147,172,23,41,60,60,60,93,18,18,18,18],"floor_reached":57,"language":"ENG","playtime":6610,"items_purged":["downfall:Bewildered"],"score":1193,"play_id":"189dbce4-2e38-4540-b3d4-cf7e84f44818","local_time":"20210131174643","is_ascension_mode":false,"campfire_choices":[{"floor":1.0,"key":"RECALL"},{"data":"Guardian:TwinSlam","floor":8.0,"key":"SMITH"},{"data":"Guardian:Orbwalk","floor":13.0,"key":"SMITH"},{"data":"Guardian:StasisEngine","floor":18.0,"key":"SMITH"},{"data":"Apotheosis","floor":25.0,"key":"SMITH"},{"data":"Guardian:Preprogram","floor":35.0,"key":"SMITH"},{"data":"Guardian:ExploitGems","floor":42.0,"key":"SMITH"},{"data":"Guardian:Planning","floor":44.0,"key":"SMITH"},{"floor":54.0,"key":"REST"}],"circlet_count":0,"master_deck":["Guardian:Defend_Guardian","Guardian:Defend_Guardian","Guardian:CurlUp+1","Guardian:TwinSlam+1","Guardian:Planning+1","Guardian:Orbwalk+1","Guardian:Recover","Guardian:TemporalStrike","Guardian:Preprogram+1","Guardian:PrimingBeam","Guardian:BronzeArmor+1","Guardian:StasisEngine+1","Bite","Bite","Bite","Bite","Guardian:CrystalBeam","Guardian:Repulse","Apotheosis+1","Guardian:Suspension","Guardian:CrystalBeam","Guardian:GemFinder","Guardian:ExploitGems+1","Guardian:Gem_Orange"],"relics":["bronze:MakeshiftBattery","HornCleat","downfall:HeartBlessingRed","expansioncontent:StudyCardRelic","sneckomod:BabySnecko","Lizard Tail","Singing Bowl","Guardian:StasisCodex","InkBottle","sneckomod:SneckoTalon","downfall:HeartBlessingGreen","CaptainsWheel","Slimebound:StickyStick","Slimebound:PreparedRelic","downfall:HeartBlessingBlue","Ginger","War Paint","Anchor","White Beast Statue"],"acts_visited":["Exordium","TheCity","TheBeyond","TheEnding"],"potions_floor_usage":[56],"damage_taken":[{"damage":1.0,"enemies":"Cultist","floor":2.0,"turns":4.0},{"damage":11.0,"enemies":"Jaw Worm","floor":3.0,"turns":4.0},{"damage":3.0,"enemies":"2 Louse","floor":4.0,"turns":2.0},{"damage":10.0,"enemies":"downfall:FleeingMerchant","floor":5.0,"turns":4.0},{"damage":2.0,"enemies":"Blue Slaver","floor":9.0,"turns":3.0},{"damage":5.0,"enemies":"3 Louse","floor":10.0,"turns":4.0},{"damage":0.0,"enemies":"Exordium Wildlife","floor":11.0,"turns":4.0},{"damage":19.0,"enemies":"Exordium Thugs","floor":12.0,"turns":5.0},{"damage":4.0,"enemies":"Blue Slaver","floor":14.0,"turns":4.0},{"damage":6.0,"enemies":"Large Slime","floor":15.0,"turns":4.0},{"damage":11.0,"enemies":"DF_ARCHETYPE_STREAMLINE","floor":16.0,"turns":6.0},{"damage":12.0,"enemies":"WA_ARCHETYPE_RETAIN","floor":22.0,"turns":6.0},{"damage":0.0,"enemies":"downfall:FleeingMerchant","floor":23.0,"turns":4.0},{"damage":8.0,"enemies":"Shell Parasite","floor":26.0,"turns":4.0},{"damage":10.0,"enemies":"3 Byrds","floor":27.0,"turns":4.0},{"damage":10.0,"enemies":"Cultist and Chosen","floor":28.0,"turns":4.0},{"damage":27.0,"enemies":"Book of Stabbing","floor":29.0,"turns":5.0},{"damage":0.0,"enemies":"downfall:FleeingMerchant","floor":30.0,"turns":4.0},{"damage":11.0,"enemies":"Centurion and Healer","floor":31.0,"turns":4.0},{"damage":18.0,"enemies":"Snake Plant","floor":32.0,"turns":4.0},{"damage":47.0,"enemies":"IC_MUSHROOM_ARCHETYPE","floor":33.0,"turns":5.0},{"damage":10.0,"enemies":"Orb Walker","floor":36.0,"turns":4.0},{"damage":9.0,"enemies":"3 Shapes","floor":37.0,"turns":3.0},{"damage":2.0,"enemies":"3 Shapes","floor":38.0,"turns":5.0},{"damage":0.0,"enemies":"downfall:FleeingMerchant","floor":39.0,"turns":2.0},{"damage":17.0,"enemies":"3 Darklings","floor":40.0,"turns":4.0},{"damage":4.0,"enemies":"2 Orb Walkers","floor":43.0,"turns":4.0},{"damage":0.0,"enemies":"Transient","floor":48.0,"turns":5.0},{"damage":4.0,"enemies":"Jaw Worm Horde","floor":49.0,"turns":2.0},{"damage":3.0,"enemies":"SI_POISON_ARCHETYPE","floor":50.0,"turns":7.0},{"damage":26.0,"enemies":"downfall:CharBossMerchant","floor":52.0,"turns":6.0},{"damage":12,"enemies":"downfall:NeowBoss","floor":55,"turns":11},{"damage":68,"enemies":"downfall:NeowBossFinal","floor":56,"turns":10}],"seed_played":"-1045313145533005691","potions_obtained":[{"floor":2.0,"key":"FearPotion"},{"floor":9.0,"key":"Weak Potion"},{"floor":12.0,"key":"SteroidPotion"},{"floor":15.0,"key":"Strength Potion"},{"floor":16.0,"key":"SmokeBomb"},{"floor":27.0,"key":"hexamod:SoulburnPotion"},{"floor":28.0,"key":"Explosive Potion"},{"floor":33.0,"key":"Guardian:BlockOnCardUsePotion"},{"floor":37.0,"key":"Explosive Potion"},{"floor":40.0,"key":"Fire Potion"},{"floor":43.0,"key":"PowerPotion"},{"floor":48.0,"key":"DuplicationPotion"}],"is_trial":false,"path_per_floor":["R","M","M","M","$","?","T","R","M","M","M","M","R","M","M","B",null,"R","?","?","?","?","$","T","R","M","M","M","E","$","M","M","B",null,"R","M","M","?","$","M","T","R","?","R","?","T","$","M","M","B",null,"E","$","R","B","B",null],"character_chosen":"GUARDIAN","items_purchased":["Guardian:Recover","Guardian:Repulse","Apotheosis","Slimebound:StickyStick","Slimebound:PreparedRelic","Anchor"],"campfire_rested":1,"item_purchase_floors":[5,23,23,39,39,47],"current_hp_per_floor":[80,79,68,65,55,55,55,55,53,48,48,29,29,25,19,8,80,80,56,56,56,52,56,56,56,58,60,60,41,60,63,54,22,64,64,65,68,70,72,65,65,75,86,86,86,86,86,88,86,90,90,72,72,94,94,47],"gold":18,"neow_bonus":"BOSS_RELIC","is_daily":false,"chose_seed":false,"campfire_upgraded":7,"win_rate":0.0,"timestamp":1612144003,"path_taken":["R","M","M","?","?","?","T","R","M","M","?","M","R","M","M","BOSS","R","?","?","?","?","$","T","R","?","M","M","E","$","M","M","BOSS","R","M","M","?","?","M","T","R","?","R","?","?","$","M","M","BOSS","E","$","R","BOSS","BOSS"],"items_purchased_type":["Card","Card","Card","Relic","Relic","Relic"],"build_version":"2020-12-22","purchased_purges":1,"victory":true,"max_hp_per_floor":[80,80,80,80,80,80,80,80,80,80,80,80,80,80,80,80,80,80,56,56,56,56,56,56,56,58,60,60,62,64,64,64,64,64,64,68,70,70,72,76,76,86,86,86,86,86,86,88,90,90,90,94,94,94,94,94],"card_choices":[{"not_picked":["Guardian:PrismaticBarrier","Guardian:TemporalShield"],"picked":"Guardian:Planning","floor":2.0},{"not_picked":["Guardian:Reroute","Guardian:Planning"],"picked":"Guardian:Gem_Cyan","floor":3.0},{"not_picked":["Guardian:MultiBeam","Guardian:Reroute"],"picked":"Guardian:Orbwalk","floor":4.0},{"not_picked":["Guardian:Recover","Guardian:TemporalStrike"],"picked":"Guardian:Gem_Green","floor":5.0},{"not_picked":["Guardian:PrimingBeam","Guardian:Incinerate"],"picked":"Guardian:TemporalStrike","floor":9.0},{"not_picked":["Guardian:RollAttack","Guardian:ChargeCore"],"picked":"Guardian:Gem_Lightblue","floor":10.0},{"not_picked":["Guardian:Clone","Guardian:TemporalStrike"],"picked":"Guardian:Preprogram","floor":11.0},{"not_picked":["Guardian:ExploitGems","Guardian:GuardianWhirl"],"picked":"Guardian:Gem_Yellow","floor":12.0},{"not_picked":["Guardian:WalkerClaw","Guardian:Reroute"],"picked":"Guardian:PrimingBeam","floor":14.0},{"not_picked":["Guardian:PrimingBeam","Guardian:Incinerate"],"picked":"Guardian:BronzeArmor","floor":15.0},{"not_picked":["Guardian:HyperBeam_Guardian","Guardian:AncientConstruct"],"picked":"Guardian:StasisEngine","floor":16.0},{"not_picked":["Guardian:WalkerClaw","Guardian:BronzeArmor"],"picked":"Guardian:Gem_Red","floor":22.0},{"not_picked":["Guardian:ShieldCharger+1","Guardian:Recover"],"picked":"Guardian:CrystalBeam","floor":23.0},{"not_picked":["Guardian:BronzeOrb","Guardian:ChargeCore+1","Guardian:Recover"],"picked":"Singing Bowl","floor":26.0},{"not_picked":["Guardian:PrimingBeam","Guardian:Incinerate+1","Guardian:Recover"],"picked":"Singing Bowl","floor":27.0},{"not_picked":["Guardian:ShieldSpikes","Guardian:Reroute"],"picked":"Guardian:Suspension","floor":28.0},{"not_picked":["Guardian:PiercingHide","Guardian:Recover","Guardian:ShieldCharger"],"picked":"Singing Bowl","floor":29.0},{"not_picked":["Guardian:PrimingBeam","Guardian:Suspension","Guardian:GuardianWhirl"],"picked":"Singing Bowl","floor":30.0},{"not_picked":["Guardian:WalkerClaw","Guardian:BronzeArmor"],"picked":"Guardian:CrystalBeam","floor":31.0},{"not_picked":["Guardian:Suspension","Guardian:PrimingBeam"],"picked":"Guardian:Gem_Cyan","floor":32.0},{"not_picked":["Guardian:TimeSifter","Guardian:ExploitGems"],"picked":"Guardian:GemFinder","floor":33.0},{"not_picked":["Guardian:Gem_Lightblue","Guardian:Gem_Red","Guardian:Gem_Cyan"],"picked":"Singing Bowl","floor":36.0},{"not_picked":["Guardian:Gem_Cyan","Guardian:Gem_Red","Guardian:Gem_Lightblue"],"picked":"Singing Bowl","floor":36.0},{"not_picked":["Guardian:Gem_Red","Guardian:Gem_Green","Guardian:Gem_Cyan"],"picked":"Singing Bowl","floor":37.0},{"not_picked":["Guardian:Planning+1","Guardian:CrystalBeam"],"picked":"Guardian:ExploitGems","floor":37.0},{"not_picked":["Guardian:ChargeUp","Guardian:WalkerClaw"],"picked":"Guardian:Gem_Lightblue","floor":38.0},{"not_picked":["Guardian:Gem_Green","Guardian:Gem_Red"],"picked":"Guardian:Gem_Lightblue","floor":38.0},{"not_picked":["Guardian:Planning+1","Guardian:ChargeCore+1","Guardian:GemFinder"],"picked":"Singing Bowl","floor":39.0},{"not_picked":["Guardian:Gem_Lightblue","Guardian:Gem_Green","Guardian:Gem_Cyan"],"picked":"Singing Bowl","floor":40.0},{"not_picked":["Guardian:Incinerate","Guardian:TemporalStrike","Guardian:Suspension+1"],"picked":"Singing Bowl","floor":40.0},{"not_picked":["Guardian:Gem_Green","Guardian:Gem_Cyan"],"picked":"Guardian:Gem_Lightblue","floor":43.0},{"not_picked":["Guardian:Planning","Guardian:EvasiveProtocol+1"],"picked":"Guardian:Gem_Orange","floor":43.0},{"not_picked":["Guardian:ShieldCharger","Guardian:TimeBomb","Guardian:Planning+1"],"picked":"Singing Bowl","floor":48.0},{"not_picked":["Guardian:Gem_Cyan","Guardian:Gem_Green"],"picked":"Guardian:Gem_Red","floor":48.0},{"not_picked":["Guardian:CrystalBeam+1","Guardian:Incinerate+1","Guardian:GuardianWhirl"],"picked":"Singing Bowl","floor":49.0},{"not_picked":["Guardian:GemFinder","Guardian:MultiBeam+1","Guardian:Gem_Lightblue"],"picked":"Singing Bowl","floor":52.0},{"not_picked":["Guardian:Gem_Lightblue","Guardian:Gem_Cyan","Guardian:Gem_Red"],"picked":"Singing Bowl","floor":52.0}],"player_experience":933078,"relics_obtained":[{"floor":7.0,"key":"HornCleat"},{"floor":22.0,"key":"Lizard Tail"},{"floor":22.0,"key":"Singing Bowl"},{"floor":24.0,"key":"Guardian:StasisCodex"},{"floor":29.0,"key":"InkBottle"},{"floor":38.0,"key":"CaptainsWheel"},{"floor":43.0,"key":"Ginger"},{"floor":46.0,"key":"War Paint"},{"floor":52.0,"key":"White Beast Statue"}],"event_choices":[{"damage_healed":0.0,"max_hp_gain":0.0,"max_hp_loss":24.0,"gold_gain":0.0,"event_name":"Vampires","player_choice":"Became a vampire","floor":19.0,"gold_loss":0.0,"damage_taken":0.0,"cards_obtained":["Bite","Bite","Bite","Bite","Bite"]},{"damage_healed":0.0,"max_hp_gain":0.0,"max_hp_loss":0.0,"gold_gain":0.0,"event_name":"Mysterious Sphere","player_choice":"Fight","floor":43.0,"gold_loss":0.0,"damage_taken":0.0},{"cards_removed":["Bite"],"damage_healed":0.0,"max_hp_gain":0.0,"max_hp_loss":0.0,"gold_gain":0.0,"event_name":"Falling","player_choice":"Removed Attack","floor":45.0,"gold_loss":0.0,"damage_taken":0.0}],"is_beta":false,"boss_relics":[{"not_picked":["Fusion Hammer","Black Star"],"picked":"expansioncontent:StudyCardRelic"},{"not_picked":["Cursed Key","Calling Bell"],"picked":"sneckomod:SneckoTalon"}],"items_purged_floors":[53],"is_endless":false,"potions_floor_spawned":[2,9,12,15,16,27,28,33,37,40,43,48],"ascension_level":0}}