{"host":"5jyeqch4fosnsiz2","time":1612150116,"event":{"mods":["BaseMod","Bestiary","Colored Map","Colored Powertips","Filter the Spire","Minty Spire (QoL Compilation)","Relic Stats","StSLib","Waifu the Spire","ojb\u0027s Better Paths Mod","ojb\u0027s Info Mod"],"gold_per_floor":[111,125,300,300,315,341,359,359,359,359,359],"floor_reached":10,"language":"ENG","playtime":504,"items_purged":[],"score":67,"play_id":"8fda1996-117e-4418-a9a6-4ae5b97355dd","local_time":"20210131222836","is_ascension_mode":false,"campfire_choices":[{"data":"Reprogram","floor":8,"key":"SMITH"}],"circlet_count":0,"master_deck":["Strike_B","Strike_B","Strike_B","Strike_B","Defend_B","Defend_B","Defend_B","Defend_B","Zap","Dualcast","Genetic Algorithm","Go for the Eyes","Leap","Reprogram+1","Conserve Battery"],"relics":["Runic Pyramid","Spirit Poop","Letter Opener","White Beast Statue"],"acts_visited":["Exordium"],"potions_floor_usage":[6],"damage_taken":[{"damage":0,"enemies":"Small Slimes","floor":1,"turns":3},{"damage":9,"enemies":"2 Louse","floor":2,"turns":4},{"damage":1,"enemies":"Cultist","floor":5,"turns":3},{"damage":43,"enemies":"Lagavulin","floor":6,"turns":7},{"damage":12,"enemies":"2 Fungi Beasts","floor":7,"turns":4},{"damage":24,"enemies":"Gremlin Nob","floor":10,"turns":4}],"seed_played":"-2488794451053835924","potions_obtained":[{"floor":1,"key":"Energy Potion"}],"is_trial":false,"path_per_floor":["M","M","?","?","M","E","M","R","T","E"],"character_chosen":"DEFECT","items_purchased":[],"campfire_rested":0,"item_purchase_floors":[],"current_hp_per_floor":[75,66,66,66,65,22,10,10,10,0,0],"gold":359,"neow_bonus":"BOSS_RELIC","is_daily":false,"chose_seed":false,"campfire_upgraded":1,"win_rate":0.0,"timestamp":1612150116,"path_taken":["M","M","?","?","M","E","M","R","T","E"],"items_purchased_type":[],"build_version":"2020-12-22","purchased_purges":0,"victory":false,"max_hp_per_floor":[75,75,75,75,75,75,75,75,75,75,75],"relic_stats":{"counters":[6,25],"Letter Opener":[11],"obtain_stats":[{"Spirit Poop":4,"Letter Opener":6,"Cracked Core":0,"White Beast Statue":9,"Runic Pyramid":0},{"Spirit Poop":2,"Letter Opener":4,"Cracked Core":0,"White Beast Statue":5,"Runic Pyramid":0},{"Spirit Poop":7,"Letter Opener":17,"Cracked Core":0,"White Beast Statue":21,"Runic Pyramid":0}]},"card_choices":[{"not_picked":["White Noise","Steam"],"picked":"Genetic Algorithm","floor":1},{"not_picked":["Stack","Barrage"],"picked":"Go for the Eyes","floor":2},{"not_picked":["Go for the Eyes","Undo"],"picked":"Leap","floor":5},{"not_picked":["Force Field","Doom and Gloom"],"picked":"Reprogram","floor":6},{"not_picked":["Darkness","FTL"],"picked":"Conserve Battery","floor":7}],"player_experience":355731,"relics_obtained":[{"floor":6,"key":"Letter Opener"},{"floor":9,"key":"White Beast Statue"}],"event_choices":[{"damage_healed":0,"gold_gain":175,"player_choice":"AGREE","damage_taken":0,"max_hp_gain":0,"max_hp_loss":0,"event_name":"Liars Game","floor":3,"gold_loss":0,"cards_obtained":["Doubt"]},{"cards_removed":["Doubt"],"damage_healed":0,"gold_gain":0,"player_choice":"Offered Curse","damage_taken":0,"relics_obtained":["Spirit Poop"],"max_hp_gain":0,"max_hp_loss":0,"event_name":"Bonfire Elementals","floor":4,"gold_loss":0}],"is_beta":false,"boss_relics":[],"items_purged_floors":[],"is_endless":false,"potions_floor_spawned":[1],"killed_by":"Gremlin Nob","ascension_level":0}}