{"host":"xg4r5pv6chpuampg","time":1612181294,"event":{"mods":["AchievementEnabler","BaseMod","Googly Eyes","Minty Spire (QoL Compilation)"],"gold_per_floor":[113,128,128,128,52,52,90,90,90,38,38,113,132,150,150,273,336,355,371,371,384,189,189,224,224,247,247,24,39,57,101,101,224,224,247,347,367,383,408,408,423,423,476,809,8,23,2,12,12,12,12],"floor_reached":50,"language":"ENG","playtime":2164,"items_purged":[],"score":557,"play_id":"08e738c5-2a23-4639-9cdf-a75a4953d92b","local_time":"20210201150814","is_ascension_mode":false,"campfire_choices":[{"floor":6,"key":"REST"},{"data":"Bouncing Flask","floor":8,"key":"SMITH"},{"data":"PiercingWail","floor":11,"key":"SMITH"},{"floor":15,"key":"REST"},{"data":"Blade Dance","floor":23,"key":"SMITH"},{"floor":25,"key":"REST"},{"data":"Catalyst","floor":27,"key":"SMITH"},{"floor":32,"key":"REST"},{"floor":40,"key":"REST"},{"floor":42,"key":"REST"},{"floor":49,"key":"REST"}],"circlet_count":0,"master_deck":["Strike_G+1","Strike_G","Strike_G","Strike_G","Strike_G+1","Defend_G+1","Defend_G","Defend_G","Defend_G","Defend_G","Survivor","Neutralize+1","Sucker Punch","Bane+1","Bouncing Flask+1","Deadly Poison","PiercingWail+1","Poisoned Stab+1","Slice+1","Die Die Die+1","Predator+1","Deadly Poison","Backstab+1","Blade Dance+1","Catalyst+1","Backstab+1","Deadly Poison","Deadly Poison","Terror","Corpse Explosion","Poisoned Stab+1","Backflip+1","Bane+1","Terror+1","Poisoned Stab+1","Slice+1"],"relics":["WristBlade","MealTicket","Molten Egg 2","Tiny House","Anchor","Blood Vial","Question Card","Oddly Smooth Stone","Bag of Preparation","The Courier","Busted Crown","Pen Nib","Dream Catcher","Membership Card","Orichalcum","Mummified Hand","Whetstone","Happy Flower","Bag of Marbles","Nunchaku","Bottled Lightning","Lantern"],"acts_visited":["Exordium","TheCity","TheBeyond"],"potions_floor_usage":[16,31,33,33,50,50],"damage_taken":[{"damage":1,"enemies":"Jaw Worm","floor":1,"turns":6},{"damage":5,"enemies":"2 Louse","floor":2,"turns":2},{"damage":8,"enemies":"Lagavulin","floor":7,"turns":5},{"damage":0,"enemies":"Cultist","floor":13,"turns":3},{"damage":18,"enemies":"Lots of Slimes","floor":14,"turns":4},{"damage":30,"enemies":"Hexaghost","floor":16,"turns":8},{"damage":20,"enemies":"Spheric Guardian","floor":18,"turns":4},{"damage":0,"enemies":"Chosen","floor":19,"turns":3},{"damage":22,"enemies":"Sentry and Sphere","floor":21,"turns":4},{"damage":26,"enemies":"Gremlin Leader","floor":24,"turns":4},{"damage":18,"enemies":"Snecko","floor":29,"turns":4},{"damage":3,"enemies":"Centurion and Healer","floor":30,"turns":3},{"damage":15,"enemies":"Book of Stabbing","floor":31,"turns":4},{"damage":67,"enemies":"Automaton","floor":33,"turns":10},{"damage":0,"enemies":"Orb Walker","floor":35,"turns":2},{"damage":22,"enemies":"3 Darklings","floor":37,"turns":4},{"damage":0,"enemies":"Transient","floor":38,"turns":5},{"damage":38,"enemies":"Sphere and 2 Shapes","floor":39,"turns":5},{"damage":28,"enemies":"Jaw Worm Horde","floor":41,"turns":4},{"damage":0,"enemies":"3 Darklings","floor":46,"turns":2},{"damage":12,"enemies":"Maw","floor":48,"turns":4},{"damage":109,"enemies":"Donu and Deca","floor":50,"turns":8}],"seed_played":"-1655456031897076396","potions_obtained":[{"floor":2,"key":"SpeedPotion"},{"floor":14,"key":"Ancient Potion"},{"floor":17,"key":"Strength Potion"},{"floor":18,"key":"Fire Potion"},{"floor":21,"key":"Regen Potion"},{"floor":24,"key":"Energy Potion"},{"floor":37,"key":"AttackPotion"},{"floor":41,"key":"FairyPotion"},{"floor":48,"key":"FearPotion"}],"is_trial":false,"path_per_floor":["M","M","?","?","$","R","E","R","T","$","R","?","M","M","R","B",null,"M","M","?","M","$","R","E","R","T","R","$","M","M","E","R","B",null,"M","?","M","M","M","R","M","R","T","?","$","M","$","M","R","B"],"character_chosen":"THE_SILENT","items_purchased":["Bouncing Flask","PiercingWail","Blade Dance","Blood Vial","Bag of Preparation","Backstab+1","Dream Catcher","Membership Card","Orichalcum","Mummified Hand","Whetstone","Happy Flower","Bag of Marbles","Nunchaku","Bottled Lightning","Lantern","Poisoned Stab+1"],"campfire_rested":7,"item_purchase_floors":[5,10,22,22,28,28,45,45,45,45,45,45,45,45,45,45,47],"current_hp_per_floor":[69,64,50,33,33,54,46,46,46,61,61,50,50,32,53,23,75,55,55,55,33,48,48,24,46,46,46,61,45,44,45,67,2,75,75,75,53,55,19,41,15,37,37,37,52,54,69,59,75,0,0],"gold":12,"neow_bonus":"BOSS_RELIC","is_daily":false,"chose_seed":false,"campfire_upgraded":4,"win_rate":0.0,"timestamp":1612181294,"path_taken":["M","M","?","?","$","R","E","R","T","?","R","?","M","M","R","BOSS","M","M","?","M","$","R","E","R","T","R","$","M","M","E","R","BOSS","M","?","M","M","?","R","?","R","T","?","$","M","?","M","R","BOSS"],"items_purchased_type":["Card","Card","Card","Relic","Relic","Card","Relic","Relic","Relic","Relic","Relic","Relic","Relic","Relic","Relic","Relic","Card"],"build_version":"2020-12-22","purchased_purges":0,"victory":false,"max_hp_per_floor":[70,70,70,70,70,70,70,70,70,70,70,70,70,70,70,70,75,75,75,75,75,75,75,75,75,75,75,75,75,75,75,75,75,75,75,75,75,75,75,75,75,75,75,75,75,75,75,75,75,75,75],"card_choices":[{"not_picked":["Well Laid Plans","Dagger Spray"],"picked":"Sucker Punch","floor":1},{"not_picked":["Footwork","Unload"],"picked":"Bane","floor":2},{"not_picked":["Leg Sweep","Dash"],"picked":"Deadly Poison","floor":7},{"not_picked":["Underhanded Strike+1","Noxious Fumes"],"picked":"Poisoned Stab+1","floor":13},{"not_picked":["Dash+1","Flying Knee+1"],"picked":"Slice+1","floor":14},{"not_picked":["Adrenaline","Phantasmal Killer"],"picked":"Die Die Die+1","floor":16},{"not_picked":["Dagger Spray+1","Cloak And Dagger"],"picked":"Predator+1","floor":18},{"not_picked":["PiercingWail","Tactician"],"picked":"Deadly Poison","floor":19},{"not_picked":["Prepared+1","Slice+1"],"picked":"Backstab+1","floor":21},{"not_picked":["Prepared","Slice+1"],"picked":"Catalyst","floor":24},{"not_picked":["Backflip","Tactician","Masterful Stab+1"],"picked":"Deadly Poison","floor":29},{"not_picked":["Flying Knee+1","Skewer+1","Wraith Form v2"],"picked":"Deadly Poison","floor":30},{"not_picked":["Tactician","Leg Sweep","Dodge and Roll+1"],"picked":"Terror","floor":31},{"not_picked":["Glass Knife+1","Wraith Form v2","Phantasmal Killer"],"picked":"Corpse Explosion","floor":33},{"not_picked":["Predator+1"],"picked":"Poisoned Stab+1","floor":35},{"not_picked":["Deflect+1"],"picked":"Backflip+1","floor":37},{"not_picked":["Heel Hook+1","Dagger Throw+1"],"picked":"SKIP","floor":38},{"not_picked":["Footwork","Sucker Punch+1"],"picked":"SKIP","floor":39},{"not_picked":["Crippling Poison+1"],"picked":"Bane+1","floor":41},{"not_picked":["Dagger Spray+1"],"picked":"Terror+1","floor":46},{"not_picked":["Venomology","Eviscerate+1"],"picked":"SKIP","floor":48},{"not_picked":["Outmaneuver+1"],"picked":"Slice+1","floor":49}],"player_experience":33831,"relics_obtained":[{"floor":7,"key":"MealTicket"},{"floor":9,"key":"Molten Egg 2"},{"floor":24,"key":"Question Card"},{"floor":26,"key":"Oddly Smooth Stone"},{"floor":31,"key":"The Courier"},{"floor":43,"key":"Pen Nib"}],"event_choices":[{"damage_healed":0,"gold_gain":0,"player_choice":"Entered Light","damage_taken":14,"max_hp_gain":0,"max_hp_loss":0,"event_name":"Shining Light","floor":3,"gold_loss":0,"cards_upgraded":["Defend_G","Bane"]},{"damage_healed":0,"gold_gain":0,"player_choice":"Take Damage","damage_taken":17,"relics_obtained":["Golden Idol"],"max_hp_gain":0,"max_hp_loss":0,"event_name":"Golden Idol","floor":4,"gold_loss":0},{"damage_healed":0,"gold_gain":75,"player_choice":"Gather Gold","damage_taken":11,"max_hp_gain":0,"max_hp_loss":0,"event_name":"World of Goop","floor":12,"gold_loss":0},{"damage_healed":0,"gold_gain":0,"player_choice":"Opened","damage_taken":0,"relics_obtained":["Anchor"],"max_hp_gain":0,"max_hp_loss":0,"event_name":"The Mausoleum","floor":20,"gold_loss":0},{"damage_healed":0,"gold_gain":100,"player_choice":"Pray","damage_taken":0,"max_hp_gain":0,"max_hp_loss":0,"event_name":"Golden Shrine","floor":36,"gold_loss":0},{"damage_healed":0,"gold_gain":333,"player_choice":"Gave Idol","damage_taken":0,"max_hp_gain":0,"max_hp_loss":0,"event_name":"The Moai Head","floor":44,"relics_lost":["Golden Idol"],"gold_loss":0}],"is_beta":false,"boss_relics":[{"not_picked":["SacredBark","Snecko Eye"],"picked":"Tiny House"},{"not_picked":["Velvet Choker","Astrolabe"],"picked":"Busted Crown"}],"items_purged_floors":[],"is_endless":false,"potions_floor_spawned":[2,14,18,21,24,30,37,41,48],"killed_by":"Donu and Deca","ascension_level":0}}