{"host":"gzk4gkgy3zij1c51","time":1612211410,"event":{"mods":["BaseMod","Colored Map","Downfall","Highlight Path","Marked Mod","Minty Spire (QoL Compilation)","Relic Stats","StSLib","everything is the same but u backflip on backflip"],"gold_per_floor":[110,121,140,38,49,49,63,63,63,96,106,106,60,76,76,76,76],"floor_reached":16,"language":"ENG","playtime":717,"items_purged":[],"score":125,"play_id":"f13b71d5-4bce-4b37-89bf-2b62aa5edc57","local_time":"20210201203010","is_ascension_mode":true,"campfire_choices":[{"data":"CutThroughFate","floor":6.0,"key":"SMITH"},{"floor":8.0,"key":"RECALL"},{"floor":15.0,"key":"REST"}],"circlet_count":0,"master_deck":["Strike_P","Strike_P","Strike_P","Strike_P","Defend_P","Defend_P","Defend_P","Defend_P","Eruption","Vigilance","DeceiveReality","FlurryOfBlows","FollowUp","JustLucky","MarkedMod:PinPointDefense","CutThroughFate+1","FlurryOfBlows","Consecrate","ConjureBlade","MarkedMod:Acupuncture","JustLucky","Prostrate","Prostrate"],"relics":["PureWater","Dream Catcher"],"acts_visited":["Exordium"],"potions_floor_usage":[16],"damage_taken":[{"damage":0.0,"enemies":"Cultist","floor":1.0,"turns":5.0},{"damage":0.0,"enemies":"2 Louse","floor":2.0,"turns":4.0},{"damage":2.0,"enemies":"Small Slimes","floor":3.0,"turns":4.0},{"damage":6.0,"enemies":"Gremlin Gang","floor":5.0,"turns":5.0},{"damage":2.0,"enemies":"3 Louse","floor":7.0,"turns":3.0},{"damage":61.0,"enemies":"Lagavulin","floor":10.0,"turns":5.0},{"damage":0.0,"enemies":"2 Fungi Beasts","floor":11.0,"turns":3.0},{"damage":0.0,"enemies":"Large Slime","floor":14.0,"turns":5.0},{"damage":35,"enemies":"The Guardian","floor":16,"turns":4}],"seed_played":"-8160386656765181376","potions_obtained":[{"floor":1.0,"key":"LiquidBronze"},{"floor":5.0,"key":"Strength Potion"},{"floor":10.0,"key":"Strength Potion"},{"floor":11.0,"key":"SneckoOil"}],"is_trial":false,"path_per_floor":["M","M","M","$","M","R","M","R","T","E","M","?","$","M","R","B"],"character_chosen":"WATCHER","items_purchased":["MarkedMod:PinPointDefense","CutThroughFate","JustLucky"],"campfire_rested":1,"item_purchase_floors":[4,4,13],"current_hp_per_floor":[72,72,70,70,64,64,62,62,62,1,1,6,6,6,29,0,0],"gold":76,"neow_bonus":"THREE_CARDS","is_daily":false,"chose_seed":false,"campfire_upgraded":1,"win_rate":0.0,"timestamp":1612211410,"path_taken":["M","?","M","?","M","R","M","R","T","E","M","?","$","M","R","BOSS"],"items_purchased_type":["Card","Card","Card"],"build_version":"2020-12-22","purchased_purges":0,"victory":false,"max_hp_per_floor":[72,72,72,72,72,72,72,72,72,72,72,77,77,77,77,77,77],"relic_stats":{"Dream Catcher":1,"counters":[9,38],"obtain_stats":[{"Dream Catcher":10,"PureWater":0},{"Dream Catcher":6,"PureWater":0},{"Dream Catcher":26,"PureWater":0}]},"card_choices":[{"not_picked":["Consecrate","SashWhip"],"picked":"DeceiveReality","floor":0.0},{"not_picked":["DeceiveReality","EmptyFist"],"picked":"FlurryOfBlows","floor":1.0},{"not_picked":["BattleHymn","Nirvana"],"picked":"FollowUp","floor":2.0},{"not_picked":["FollowUp","FlyingSleeves"],"picked":"JustLucky","floor":3.0},{"not_picked":["EmptyBody","Halt"],"picked":"FlurryOfBlows","floor":5.0},{"not_picked":["WreathOfFlame","Protect"],"picked":"Consecrate","floor":7.0},{"not_picked":["ThirdEye","Crescendo"],"picked":"ConjureBlade","floor":10.0},{"not_picked":["MarkedMod:GentlePulse","EmptyBody"],"picked":"MarkedMod:Acupuncture","floor":11.0},{"not_picked":["Worship","ClearTheMind"],"picked":"Prostrate","floor":14.0},{"not_picked":["MarkedMod:GentlePulse","EmptyBody"],"picked":"Prostrate","floor":15.0}],"player_experience":1118948,"relics_obtained":[{"floor":10.0,"key":"Dream Catcher"}],"event_choices":[{"damage_healed":0.0,"max_hp_gain":5.0,"max_hp_loss":0.0,"gold_gain":0.0,"event_name":"Big Fish","player_choice":"Donut","floor":12.0,"gold_loss":0.0,"damage_taken":0.0}],"is_beta":false,"boss_relics":[],"items_purged_floors":[],"is_endless":false,"potions_floor_spawned":[1,5,10,11],"killed_by":"The Guardian","ascension_level":4}}