{"host":"b2j09bgckbzjrujr","time":1612152854,"event":{"mods":["AchievementEnabler","Act Like it!","Aspiration","BaseMod","BetterRewards","Colored Map","Colored Powertips","Conspire","Friendly Minions","Infinite Spire","Marisa£¨ìFÓê¡¡Ä§ÀíÉ³£©","Minty Spire (QoL Compilation)","Quick Restart","Rare Cards Sparkle","Reimu£¨²©ÀöÁéÃÎ£©","Remilia£¨ÀÙÃ×ÀòÑÇ£©","Replay The Spire","Shop Mod","StSLib","SuperFastMode","TestMod","The Cursed","The Jungle","The Servant 0.9.4","Waifu the Spire","Youmu£¨»êÆÇÑýÃÎ£©","Yuyuko","[IsaacMod]ÒÔÈö¼âËþ","¡¾¹¦ÄÜMod¡¿»ìãçÖ®»·ÐÞ¸´²¹¶¡"],"gold_per_floor":[109,127,527,544,544,569,581,601,628,645,662,710,710,710,710,878,878,918,948,948,1006,1053,1053,1098,1147,1147,1235,1235,1266,562,578,578,804,804,824,836,582,582,632,632,701,774,849,849,873,899,912,967,967,1079,1079],"floor_reached":50,"language":"ZHS","playtime":2298,"items_purged":["Strike_R","Armaments+1"],"score":888,"play_id":"7c3802ca-86fa-4224-8c16-d9f3da523287","local_time":"20210201121414","is_ascension_mode":true,"campfire_choices":[{"floor":15.0,"key":"REST"},{"data":"Immolate","floor":23.0,"key":"SMITH"},{"floor":32.0,"key":"RECALL"},{"data":"testmod-Wormhole","floor":40,"key":"SMITH"},{"floor":44,"key":"REST"},{"data":"testmod-Wormhole","floor":49,"key":"SMITH"}],"circlet_count":0,"master_deck":["Strike_R","Strike_R","Strike_R","Strike_R","Defend_R","Defend_R","Defend_R","Defend_R","Bash+1","Immolate+1","Shrug It Off+1","Flame Barrier+1","Shrug It Off+1","testmod-Wormhole+1","testmod-Wormhole+1","Inflame+1","True Grit+1"],"relics":["Burning Blood","HushsDoor","testmod-Register","DeathBook","Blue Doll","Letter Opener","SalivaCoin","Mastiff:ReiMu","Divine Protection","testmod-HarvestTotem","SatanicBible","NineLifeCat","Calipers","Incense Burner","Bag of Preparation","MerchantsRug","Bag of Marbles","DollysMirror","Velvet Choker","PreservedInsect","infinitespire:Golems Mask","Bottled Tornado","BookofShadows","Chameleon Ring","CatCart"],"acts_visited":["Exordium","TheCity","TheBeyond"],"potions_floor_usage":[50,50],"damage_taken":[{"damage":10.0,"enemies":"conspire:RoseBush","floor":1.0,"turns":5.0},{"damage":3.0,"enemies":"Small Slimes","floor":2.0,"turns":5.0},{"damage":3.0,"enemies":"2 Louse","floor":4.0,"turns":4.0},{"damage":38.0,"enemies":"Lagavulin","floor":6.0,"turns":6.0},{"damage":12.0,"enemies":"Looter","floor":7.0,"turns":4.0},{"damage":12.0,"enemies":"3 Louse","floor":8.0,"turns":2.0},{"damage":0.0,"enemies":"2 Fungi Beasts","floor":10.0,"turns":2.0},{"damage":9.0,"enemies":"Red Slaver","floor":11.0,"turns":3.0},{"damage":20.0,"enemies":"3 Sentries","floor":12.0,"turns":4.0},{"damage":50.0,"enemies":"The Guardian","floor":16.0,"turns":9.0},{"damage":14.0,"enemies":"Chosen","floor":18.0,"turns":5.0},{"damage":0.0,"enemies":"2 Thieves","floor":19.0,"turns":1.0},{"damage":67.0,"enemies":"Chosen and Byrds","floor":21.0,"turns":11.0},{"damage":52.0,"enemies":"3 Cultists","floor":22.0,"turns":5.0},{"damage":40.0,"enemies":"Snake Plant","floor":24.0,"turns":5.0},{"damage":26.0,"enemies":"Slavers","floor":25.0,"turns":3.0},{"damage":23.0,"enemies":"Replay:Snechameleon","floor":27.0,"turns":7.0},{"damage":30.0,"enemies":"Snecko","floor":29.0,"turns":5.0},{"damage":0.0,"enemies":"3 Cultists","floor":31.0,"turns":1.0},{"damage":241.0,"enemies":"Collector","floor":33.0,"turns":19.0},{"damage":0.0,"enemies":"3 Shapes","floor":35.0,"turns":2.0},{"damage":0.0,"enemies":"Orb Walker","floor":36.0,"turns":3.0},{"damage":0,"enemies":"Mind Bloom Boss Battle","floor":39,"turns":10},{"damage":27,"enemies":"R_Hoarder","floor":41,"turns":9},{"damage":11,"enemies":"Maw","floor":45,"turns":7},{"damage":0,"enemies":"Giant Head","floor":46,"turns":5},{"damage":0,"enemies":"4 Shapes","floor":47,"turns":2},{"damage":0,"enemies":"Orin","floor":48,"turns":5},{"damage":112,"enemies":"Replay:Hell Engine","floor":50,"turns":18}],"seed_played":"-2303362246678859775","potions_obtained":[{"floor":1.0,"key":"SpeedPotion"},{"floor":2.0,"key":"ElixirPotion"},{"floor":6.0,"key":"SneckoOil"},{"floor":8.0,"key":"BlessingOfTheForge"},{"floor":12.0,"key":"ColorlessPotion"},{"floor":19.0,"key":"Adrenaline Potion"},{"floor":21.0,"key":"Weak Potion"},{"floor":27.0,"key":"ElixirPotion"},{"floor":29.0,"key":"ZuzhouPotion:ReiMu"},{"floor":35.0,"key":"FairyPotion"},{"floor":39,"key":"ColorlessPotion"},{"floor":45,"key":"EssenceOfSteel"},{"floor":48,"key":"infinitespire:BlackPotion"}],"is_trial":false,"path_per_floor":["M","M","?","M","?","E","M","M","T","M","M","E","?","T","R","B",null,"M","M","?","M","M","R","M","E","T","E","T","M","$","M","R","B",null,"M","M","$","?","?","R","E","?","T","R","M","E","M","?","R","B"],"character_chosen":"IRONCLAD","items_purchased":["SatanicBible","NineLifeCat","MerchantsRug","Bag of Marbles","DollysMirror","testmod-Wormhole","Inflame+1","PreservedInsect"],"campfire_rested":2,"item_purchase_floors":[17,17,30,30,30,30,30,37],"current_hp_per_floor":[68,71,71,74,74,42,36,30,30,36,33,19,19,19,43,14,35,33,35,35,23,19,19,31,17,17,35,35,17,17,29,29,16,35,35,35,35,35,35,35,35,20,20,35,35,35,35,35,35,0,0],"gold":1079,"neow_bonus":"RANDOM_COMMON_RELIC","is_daily":false,"chose_seed":false,"campfire_upgraded":3,"win_rate":0.0,"timestamp":1612152854,"path_taken":["M","?","?","M","?","E","M","M","T","M","M","E","?","?","R","BOSS","M","M","?","M","M","R","M","E","T","E","?","M","$","M","R","BOSS","M","M","$","?","?","R","E","?","T","R","M","E","M","?","R","BOSS"],"items_purchased_type":["Relic","Relic","Relic","Relic","Relic","Card","Card","Relic"],"build_version":"2020-12-22","purchased_purges":2,"victory":false,"max_hp_per_floor":[80,80,80,80,80,80,80,80,80,80,80,80,80,80,80,80,35,35,35,35,35,35,35,35,35,35,35,35,35,35,35,35,35,35,35,35,35,35,35,35,35,35,35,35,35,35,35,35,35,35,35],"card_choices":[{"not_picked":[],"picked":"ChaosCard","floor":0.0},{"not_picked":["Warcry","Evolve","Headbutt"],"picked":"SKIP","floor":1.0},{"not_picked":["Defy Death","Wild Strike","Bloodletting"],"picked":"SKIP","floor":2.0},{"not_picked":["Iron Wave","True Grit","Demon Form"],"picked":"SKIP","floor":4.0},{"not_picked":["Sword Boomerang","Twin Strike"],"picked":"Immolate","floor":6.0},{"not_picked":["Bloodletting","Life Link","Carnage"],"picked":"SKIP","floor":7.0},{"not_picked":["Anger","Whirlwind","Heavy Blade"],"picked":"SKIP","floor":8.0},{"not_picked":["ReplayTheSpireMod:Corrosion Curse","Limit Break","ReplayTheSpireMod:Strike From Hell"],"picked":"SKIP","floor":10.0},{"not_picked":["Sword Boomerang","ReplayTheSpireMod:LeadingStrike","Dark Embrace"],"picked":"SKIP","floor":11.0},{"not_picked":["Pommel Strike","Havoc","ReplayTheSpireMod:Muscle Training"],"picked":"SKIP","floor":12.0},{"not_picked":["Metallicize","conspire:Charge"],"picked":"Shrug It Off+1","floor":18.0},{"not_picked":["Wild Strike","Uppercut","Battle Trance"],"picked":"SKIP","floor":19.0},{"not_picked":["Cleave","Shrug It Off+1","Body Slam"],"picked":"SKIP","floor":21.0},{"not_picked":["conspire:Charge","Power Through","Dual Wield"],"picked":"SKIP","floor":22.0},{"not_picked":["Headbutt","Sentinel","conspire:ExplosiveBarrier"],"picked":"SKIP","floor":24.0},{"not_picked":["Wild Strike+1","Clothesline"],"picked":"Flame Barrier+1","floor":25.0},{"not_picked":["Metallicize+1","Ghostly Armor+1","Reckless Charge+1"],"picked":"SKIP","floor":27.0},{"not_picked":["Replay:Undeath\u0027s Touch","Second Wind+1","Flame Barrier"],"picked":"SKIP","floor":29.0},{"not_picked":["Whirlwind","Wild Strike+1","Body Slam"],"picked":"SKIP","floor":31.0},{"not_picked":["Second Wind","Replay:Undeath\u0027s Touch","Power Through"],"picked":"SKIP","floor":35.0},{"not_picked":["Clash+1","Cleave+1"],"picked":"Armaments+1","floor":36.0},{"not_picked":["Ghostly Armor+1","Thunderclap+1"],"picked":"True Grit+1","floor":39},{"not_picked":["Power Through","Rupture","Armaments+1"],"picked":"SKIP","floor":41},{"not_picked":["Rage+1","Flex","Battle Trance"],"picked":"SKIP","floor":45},{"not_picked":["Twin Strike","Spot Weakness","Brutality"],"picked":"SKIP","floor":46},{"not_picked":["Clothesline","Disarm+1","Flex+1"],"picked":"SKIP","floor":47}],"player_experience":71219,"relics_obtained":[{"floor":6.0,"key":"Letter Opener"},{"floor":9.0,"key":"SalivaCoin"},{"floor":12.0,"key":"Mastiff:ReiMu"},{"floor":14.0,"key":"Divine Protection"},{"floor":25.0,"key":"Calipers"},{"floor":27.0,"key":"Incense Burner"},{"floor":28.0,"key":"Bag of Preparation"},{"floor":39,"key":"infinitespire:Golems Mask"},{"floor":41,"key":"Bottled Tornado"},{"floor":43,"key":"BookofShadows"},{"floor":46,"key":"Chameleon Ring"},{"floor":48,"key":"CatCart"}],"event_choices":[{"damage_healed":0.0,"max_hp_gain":0.0,"max_hp_loss":0.0,"gold_gain":400.0,"event_name":"¶÷ÂåË¹µÄÅÌ×Ó","player_choice":"Sell","floor":3.0,"relics_lost":["testmod-TestBox"],"gold_loss":0.0,"damage_taken":0.0},{"damage_healed":0.0,"max_hp_gain":0.0,"max_hp_loss":0.0,"gold_gain":0.0,"event_name":"¸ø×Ô¼ºµÄºÐ×Ó","player_choice":"Ignored","floor":13.0,"gold_loss":0.0,"damage_taken":0.0},{"damage_healed":0,"gold_gain":0,"player_choice":"Fight","damage_taken":0,"max_hp_gain":0,"max_hp_loss":0,"event_name":"MindBloom","floor":39,"gold_loss":0},{"damage_healed":0,"gold_gain":0,"player_choice":"Fight","damage_taken":0,"max_hp_gain":0,"max_hp_loss":0,"event_name":"OrinTheCat","floor":48,"gold_loss":0}],"is_beta":false,"boss_relics":[{"not_picked":["ChampionBelt","Electric Blood"],"picked":"testmod-HarvestTotem"},{"not_picked":[]},{"not_picked":["testmod-IncinerationGenerator","Runic Dome"],"picked":"Velvet Choker"},{"not_picked":[]}],"items_purged_floors":[30,37],"is_endless":false,"potions_floor_spawned":[1,2,6,8,12,19,21,27,29,31,35,39,45,47,48],"killed_by":"Replay:Hell Engine","ascension_level":8}}