{"host":"8is2j71l4wmybkoi","time":1612163132,"event":{"mods":["AchievementEnabler","BaseMod","Colored Map","Minty Spire (QoL Compilation)","Rare Cards Sparkle","StSLib","SuperFastMode"],"gold_per_floor":[115,115,132,146,160,160,180,215,240,240,240,240,260,285,285,285,285],"floor_reached":16,"language":"KOR","playtime":1041,"items_purged":[],"score":112,"play_id":"c28ca416-ccb4-4142-8a8e-9b2abc2affc3","local_time":"20210201160532","daily_mods":["Diverse","Heirloom"],"is_ascension_mode":false,"campfire_choices":[{"data":"Bash","floor":6.0,"key":"SMITH"},{"data":"Sweeping Beam","floor":11,"key":"SMITH"},{"data":"WheelKick","floor":15,"key":"SMITH"}],"circlet_count":0,"master_deck":["Strike_R","Strike_R+1","Strike_R","Strike_R","Defend_R","Defend_R+1","Defend_R","Defend_R","Bash+1","Escape Plan","Prostrate","Sweeping Beam+1","Conserve Battery","Self Repair+1","Wraith Form v2+1","WheelKick+1","Evolve+1"],"relics":["Burning Blood","Pocketwatch","Frozen Egg 2","Nunchaku","Omamori"],"acts_visited":["Exordium"],"potions_floor_usage":[14],"damage_taken":[{"damage":2.0,"enemies":"2 Louse","floor":1.0,"turns":3.0},{"damage":1.0,"enemies":"Cultist","floor":3.0,"turns":3.0},{"damage":11.0,"enemies":"Jaw Worm","floor":4.0,"turns":3.0},{"damage":13.0,"enemies":"Looter","floor":5.0,"turns":4.0},{"damage":15.0,"enemies":"Blue Slaver","floor":7.0,"turns":3.0},{"damage":39.0,"enemies":"Gremlin Nob","floor":8.0,"turns":5.0},{"damage":0,"enemies":"3 Louse","floor":13,"turns":3},{"damage":14,"enemies":"3 Sentries","floor":14,"turns":6},{"damage":44,"enemies":"Hexaghost","floor":16,"turns":9}],"seed_played":"-8677160979361591993","potions_obtained":[{"floor":1.0,"key":"ColorlessPotion"},{"floor":3.0,"key":"Regen Potion"},{"floor":4.0,"key":"LiquidBronze"}],"is_trial":true,"path_per_floor":["M","?","M","M","M","R","M","E","T","?","R","?","M","E","R","B"],"character_chosen":"IRONCLAD","items_purchased":[],"campfire_rested":0,"item_purchase_floors":[],"current_hp_per_floor":[80,80,80,75,68,68,59,26,26,10,10,10,26,43,43,0,0],"gold":285,"neow_bonus":"","is_daily":false,"chose_seed":false,"campfire_upgraded":3,"win_rate":0.0,"timestamp":1612163132,"path_taken":["M","?","?","M","M","R","M","E","T","?","R","?","M","E","R","BOSS"],"items_purchased_type":[],"build_version":"2020-12-22","purchased_purges":0,"victory":false,"max_hp_per_floor":[80,80,80,80,80,80,80,80,80,80,80,80,80,80,80,80,80],"card_choices":[{"not_picked":["Dual Wield","Armaments"],"picked":"Escape Plan","floor":1.0},{"not_picked":["Darkness","Slice"],"picked":"Prostrate","floor":3.0},{"not_picked":["Consecrate","CarveReality"],"picked":"Sweeping Beam","floor":4.0},{"not_picked":["Protect","Evaluate","Wireheading"],"picked":"SKIP","floor":5.0},{"not_picked":["Compile Driver","Leap"],"picked":"Conserve Battery","floor":7.0},{"not_picked":["Adaptation+1","Metallicize+1"],"picked":"Self Repair+1","floor":8.0},{"not_picked":["Self Repair+1","Underhanded Strike"],"picked":"WheelKick","floor":13},{"not_picked":["Pummel","Warcry"],"picked":"Evolve+1","floor":14}],"player_experience":897769,"relics_obtained":[{"floor":8.0,"key":"Frozen Egg 2"},{"floor":9.0,"key":"Nunchaku"},{"floor":14,"key":"Omamori"}],"event_choices":[{"damage_healed":0.0,"max_hp_gain":0.0,"max_hp_loss":0.0,"gold_gain":0.0,"event_name":"NoteForYourself","player_choice":"Ignored","floor":2.0,"gold_loss":0.0,"damage_taken":0.0},{"damage_healed":0.0,"max_hp_gain":0.0,"max_hp_loss":0.0,"gold_gain":0.0,"event_name":"Shining Light","player_choice":"Entered Light","floor":10.0,"gold_loss":0.0,"damage_taken":16.0,"cards_upgraded":["Strike_R","Defend_R"]},{"damage_healed":0,"gold_gain":0,"cards_transformed":["Strike_R"],"player_choice":"Change","damage_taken":0,"max_hp_gain":0,"max_hp_loss":0,"event_name":"Living Wall","floor":12,"gold_loss":0,"cards_obtained":["Wraith Form v2"]}],"is_beta":false,"boss_relics":[],"items_purged_floors":[],"is_endless":false,"potions_floor_spawned":[1,3,4],"killed_by":"Hexaghost","ascension_level":0}}