{"host":"0k696jvpnlqjk4gh","time":1612212561,"event":{"mods":["AchievementEnabler","BaseMod","Colored Map","Colored Powertips","Minty Spire (QoL Compilation)","Quick Restart"],"gold_per_floor":[110,110,123,123,137,172,172,172,218,62,62,94,106,126,126,126,126],"floor_reached":16,"language":"ENG","playtime":762,"items_purged":[],"score":127,"play_id":"f4f5efbf-937e-48ec-9c67-1cdbdfe89a0f","local_time":"20210201204921","is_ascension_mode":true,"campfire_choices":[{"floor":11.0,"key":"REST"},{"floor":15,"key":"REST"}],"circlet_count":0,"master_deck":["Strike_B","Strike_B+1","Strike_B","Strike_B","Defend_B","Defend_B+1","Defend_B","Defend_B","Zap","Dualcast","Conserve Battery","Genetic Algorithm","Beam Cell","Gash","Gash","Conserve Battery","Core Surge","BootSequence"],"relics":["Nuclear Battery","Toy Ornithopter","Darkstone Periapt","Pen Nib","DollysMirror","Peace Pipe"],"acts_visited":["Exordium"],"potions_floor_usage":[14,16],"damage_taken":[{"damage":13.0,"enemies":"Jaw Worm","floor":1.0,"turns":4.0},{"damage":0.0,"enemies":"Small Slimes","floor":3.0,"turns":3.0},{"damage":3.0,"enemies":"2 Louse","floor":5.0,"turns":3.0},{"damage":38.0,"enemies":"3 Sentries","floor":6.0,"turns":10.0},{"damage":29.0,"enemies":"Lagavulin","floor":12.0,"turns":7.0},{"damage":6.0,"enemies":"Looter","floor":13.0,"turns":3.0},{"damage":8,"enemies":"Exordium Thugs","floor":14,"turns":4},{"damage":50,"enemies":"Slime Boss","floor":16,"turns":8}],"seed_played":"-6533455044220433223","potions_obtained":[{"floor":3.0,"key":"Weak Potion"},{"floor":6.0,"key":"PotionOfCapacity"},{"floor":13,"key":"FearPotion"},{"floor":14,"key":"Fire Potion"}],"is_trial":false,"path_per_floor":["M","?","M","?","M","E","?","?","T","$","R","E","M","M","R","B"],"character_chosen":"DEFECT","items_purchased":["DollysMirror"],"campfire_rested":2,"item_purchase_floors":[10],"current_hp_per_floor":[62,55,55,40,42,4,28,28,28,28,51,22,16,13,36,0,0],"gold":126,"neow_bonus":"BOSS_RELIC","is_daily":false,"chose_seed":false,"campfire_upgraded":0,"win_rate":0.0,"timestamp":1612212561,"path_taken":["M","?","M","?","M","E","?","?","T","?","R","E","M","?","R","BOSS"],"items_purchased_type":["Relic"],"build_version":"2020-12-22","purchased_purges":0,"victory":false,"max_hp_per_floor":[75,75,75,75,75,75,81,78,78,78,78,78,78,78,78,78,78],"card_choices":[{"not_picked":["Rebound","Hologram"],"picked":"Conserve Battery","floor":1.0},{"not_picked":["Hologram","Reprogram"],"picked":"Genetic Algorithm","floor":3.0},{"not_picked":["Cold Snap","Heatsinks"],"picked":"Beam Cell","floor":5.0},{"not_picked":["Storm","Redo"],"picked":"Gash","floor":6.0},{"not_picked":["Melter","Turbo"],"picked":"Conserve Battery","floor":12.0},{"not_picked":["Ball Lightning","Double Energy"],"picked":"Core Surge","floor":13},{"not_picked":["Streamline","Ball Lightning"],"picked":"BootSequence","floor":14}],"player_experience":93515,"relics_obtained":[{"floor":6.0,"key":"Darkstone Periapt"},{"floor":9.0,"key":"Pen Nib"},{"floor":12.0,"key":"Peace Pipe"}],"event_choices":[{"damage_healed":0.0,"max_hp_gain":0.0,"max_hp_loss":0.0,"gold_gain":0.0,"event_name":"Scrap Ooze","player_choice":"Success","floor":2.0,"gold_loss":0.0,"damage_taken":7.0,"relics_obtained":["Toy Ornithopter"]},{"damage_healed":0.0,"max_hp_gain":0.0,"max_hp_loss":0.0,"gold_gain":0.0,"event_name":"Shining Light","player_choice":"Entered Light","floor":4.0,"gold_loss":0.0,"damage_taken":15.0,"cards_upgraded":["Strike_B","Defend_B"]},{"damage_healed":18.0,"max_hp_gain":0.0,"max_hp_loss":0.0,"gold_gain":0.0,"event_name":"Mushrooms","player_choice":"Healed and dodged fight","floor":7.0,"gold_loss":0.0,"damage_taken":0.0,"cards_obtained":["Parasite"]},{"cards_removed":["Parasite"],"damage_healed":0.0,"max_hp_gain":0.0,"max_hp_loss":0.0,"gold_gain":0.0,"event_name":"Living Wall","player_choice":"Forget","floor":8.0,"gold_loss":0.0,"damage_taken":0.0}],"is_beta":false,"boss_relics":[],"items_purged_floors":[],"is_endless":false,"potions_floor_spawned":[3,6,13,14],"killed_by":"Slime Boss","ascension_level":3}}