{"host":"xp5rvh2jwe2ejyfm","time":1612194648,"event":{"mods":["Aspiration","BaseMod","BetterRewards","Colored Powertips","Conspire","Downfall","Duelist Mod","GifTheSpireLib","Gremlin Mod","Hermit","Hubris","Minty Spire (QoL Compilation)","Robot Space Explorer","StSLib","The Blackbeard","The Clintock","The Construct","The Cursed","The Disciple","The Forsaken","The Hierophant","The Necromancer","The Runesmith","The Servant 0.9.4"],"gold_per_floor":[212,67,83,97,108,133,133,145,145,145,160,16,36,56,56,157,157,168,180,180,23,39,39,39],"floor_reached":23,"language":"ENG","playtime":1021,"items_purged":[],"score":197,"play_id":"9aca7c3a-011e-4a58-ba9b-7adc4dd67702","local_time":"20210201105048","is_ascension_mode":false,"campfire_choices":[{"floor":7,"key":"RECALL"},{"floor":10,"key":"REST"},{"data":"TheCursedMod:VitalStrike","floor":15,"key":"SMITH"}],"circlet_count":0,"master_deck":["TheCursedMod:Strike_TheCursed","TheCursedMod:Strike_TheCursed","TheCursedMod:Strike_TheCursed","TheCursedMod:Strike_TheCursed","TheCursedMod:Defend_TheCursed","TheCursedMod:Defend_TheCursed","TheCursedMod:Defend_TheCursed","TheCursedMod:Defend_TheCursed","TheCursedMod:CursedWand","TheCursedMod:CleanUpWorkshop","TheCursedMod:Dregs","TheCursedMod:Stigma","TheCursedMod:VitalStrike+1","TheCursedMod:VitalStrike","TheCursedMod:SpitefulPlan","TheCursedMod:SoulReap","TheCursedMod:CursedStaff","TheCursedMod:CircleOfFlame","TheCursedMod:StunningStrike","TheCursedMod:HellfireBreathing","TheCursedMod:NeowsMight","TheCursedMod:FuryStrike","TheCursedMod:EmpowerCircles+1","TheCursedMod:WearCloak+1"],"relics":["TheCursedMod:BlackMagic101","Anchor","Matryoshka","Bottled Flame","PreservedInsect","aspiration:FutureDiary","Boot"],"acts_visited":["Exordium","TheCity"],"potions_floor_usage":[5,6,13,16],"damage_taken":[{"damage":7,"enemies":"Cultist","floor":1,"turns":4},{"damage":0,"enemies":"2 Louse","floor":3,"turns":3},{"damage":0,"enemies":"Jaw Worm","floor":4,"turns":2},{"damage":12,"enemies":"Large Slime","floor":5,"turns":5},{"damage":30,"enemies":"3 Sentries","floor":6,"turns":9},{"damage":2,"enemies":"Blue Slaver","floor":8,"turns":3},{"damage":3,"enemies":"Red Slaver","floor":11,"turns":2},{"damage":0,"enemies":"Gremlin Gang","floor":13,"turns":2},{"damage":0,"enemies":"Large Slime","floor":14,"turns":4},{"damage":27,"enemies":"Slime Boss","floor":16,"turns":9},{"damage":0,"enemies":"3 Byrds","floor":18,"turns":5},{"damage":36,"enemies":"2 Thieves","floor":19,"turns":4},{"damage":20,"enemies":"Sentry and Sphere","floor":22,"turns":4},{"damage":27,"enemies":"Centurion and Healer","floor":23,"turns":4}],"seed_played":"-4705834931436347386","potions_obtained":[{"floor":4,"key":"ColorlessPotion"},{"floor":5,"key":"Fire Potion"},{"floor":6,"key":"SteroidPotion"},{"floor":13,"key":"hexamod:SoulburnPotion"}],"is_trial":false,"path_per_floor":["M","$","M","M","M","E","R","M","T","R","M","$","M","M","R","B",null,"M","M","?","$","M","M"],"character_chosen":"THE_CURSED","items_purchased":["Anchor","PreservedInsect","Boot"],"campfire_rested":1,"item_purchase_floors":[2,12,21],"current_hp_per_floor":[68,68,68,68,56,26,26,24,24,46,43,43,43,48,48,26,75,75,41,41,41,21,0,0],"gold":39,"neow_bonus":"HUNDRED_GOLD","is_daily":false,"chose_seed":false,"campfire_upgraded":1,"win_rate":0.0,"timestamp":1612194648,"path_taken":["M","$","?","M","M","E","R","M","T","R","M","$","M","M","R","BOSS","M","M","?","$","M","M"],"items_purchased_type":["Relic","Relic","Relic"],"build_version":"2020-12-22","purchased_purges":0,"victory":false,"max_hp_per_floor":[75,75,75,75,75,75,75,75,75,75,75,75,75,75,75,75,75,75,75,75,75,75,75,75],"card_choices":[{"not_picked":["TheCursedMod:Stretching","TheCursedMod:FuryStrike"],"picked":"TheCursedMod:Stigma","floor":1},{"not_picked":["TheCursedMod:SpitefulStrike","TheCursedMod:CursedAmulet"],"picked":"TheCursedMod:VitalStrike","floor":3},{"not_picked":["TheCursedMod:SmokeScreen","TheCursedMod:CursedMace"],"picked":"TheCursedMod:VitalStrike","floor":4},{"not_picked":["TheCursedMod:Stretching","TheCursedMod:CursedArmor"],"picked":"TheCursedMod:SpitefulPlan","floor":5},{"not_picked":["TheCursedMod:RapidMovement","TheCursedMod:Wield"],"picked":"TheCursedMod:SoulReap","floor":6},{"not_picked":["TheCursedMod:SpitefulPlan","TheCursedMod:CursedMace"],"picked":"TheCursedMod:CursedStaff","floor":8},{"not_picked":["TheCursedMod:VitalStrike","TheCursedMod:CursedAmulet"],"picked":"TheCursedMod:CircleOfFlame","floor":11},{"not_picked":["TheCursedMod:CursedBlade","TheCursedMod:SpitefulPray"],"picked":"TheCursedMod:StunningStrike","floor":13},{"not_picked":["TheCursedMod:SurpriseAttack","TheCursedMod:Obscuration"],"picked":"TheCursedMod:HellfireBreathing","floor":14},{"not_picked":["TheCursedMod:ParallelWorld","TheCursedMod:CollectTribute"],"picked":"TheCursedMod:NeowsMight","floor":16},{"not_picked":["TheCursedMod:CursedMace+1","TheCursedMod:SurpriseAttack"],"picked":"TheCursedMod:FuryStrike","floor":18},{"not_picked":["TheCursedMod:CursedShiv","TheCursedMod:FleshFromBone"],"picked":"TheCursedMod:EmpowerCircles","floor":19},{"not_picked":["TheCursedMod:FleshFromBone","TheCursedMod:CircleOfCorruption"],"picked":"TheCursedMod:WearCloak+1","floor":22}],"player_experience":380457,"relics_obtained":[{"floor":6,"key":"Matryoshka"},{"floor":9,"key":"Bottled Flame"}],"event_choices":[],"is_beta":false,"boss_relics":[{"not_picked":["Snecko Eye","Pandora\u0027s Box"],"picked":"aspiration:FutureDiary"}],"items_purged_floors":[],"is_endless":false,"potions_floor_spawned":[4,5,6,13],"killed_by":"Centurion and Healer","ascension_level":0}}