{"host":"bxn2em57qlx5u4i0","time":1612154194,"event":{"mods":["BaseMod","Colored Map","Colored Powertips","Highlight Path","Minty Spire (QoL Compilation)","Random Character Button","Relic Sorter","Relic Stats","StSLib","SuperFastMode"],"gold_per_floor":[111,111,28,28,39,73,83,83,156,156,156,156],"floor_reached":11,"language":"ENG","playtime":184,"items_purged":[],"score":142,"play_id":"68cef2bb-af68-42aa-915e-b9cdf6a7795b","local_time":"20210131233634","is_ascension_mode":true,"campfire_choices":[{"data":"Wraith Form v2","floor":8,"key":"SMITH"},{"data":"Noxious Fumes","floor":10,"key":"SMITH"}],"circlet_count":0,"master_deck":["AscendersBane","Strike_G","Strike_G","Strike_G","Strike_G","Defend_G","Defend_G","Defend_G","Defend_G","Defend_G","Survivor","Neutralize","Poisoned Stab","Noxious Fumes+1","Wraith Form v2+1"],"relics":["Ring of the Snake","Happy Flower","Tiny Chest","Gremlin Horn"],"acts_visited":["Exordium"],"potions_floor_usage":[6,6,6,11],"damage_taken":[{"damage":0,"enemies":"2 Louse","floor":1,"turns":3},{"damage":0,"enemies":"Small Slimes","floor":5,"turns":4},{"damage":25,"enemies":"Gremlin Nob","floor":6,"turns":6},{"damage":1,"enemies":"Jaw Worm","floor":7,"turns":5},{"damage":15,"enemies":"3 Sentries","floor":11,"turns":2}],"seed_played":"-3965207548425997739","potions_obtained":[{"floor":0,"key":"GhostInAJar"},{"floor":0,"key":"EssenceOfSteel"},{"floor":5,"key":"EntropicBrew"},{"floor":7,"key":"SneckoOil"}],"is_trial":false,"path_per_floor":["M","?","$","?","M","E","M","R","T","R","E"],"character_chosen":"THE_SILENT","items_purchased":["Noxious Fumes"],"campfire_rested":0,"item_purchase_floors":[3],"current_hp_per_floor":[59,48,48,41,41,16,15,15,15,15,0,0],"gold":156,"neow_bonus":"THREE_SMALL_POTIONS","is_daily":false,"chose_seed":false,"campfire_upgraded":2,"win_rate":0.0,"timestamp":1612154194,"path_taken":["M","?","$","?","M","E","M","R","T","R","E"],"items_purchased_type":["Card"],"build_version":"2020-12-22","purchased_purges":0,"victory":false,"max_hp_per_floor":[66,66,66,66,66,66,66,66,66,66,66,66],"relic_stats":{"Happy Flower":[5],"Gremlin Horn":[0,0],"counters":[5,20],"Tiny Chest":0,"obtain_stats":[{"Happy Flower":2,"Gremlin Horn":9,"Tiny Chest":6,"Ring of the Snake":0},{"Happy Flower":1,"Gremlin Horn":4,"Tiny Chest":3,"Ring of the Snake":0},{"Happy Flower":3,"Gremlin Horn":18,"Tiny Chest":13,"Ring of the Snake":0}],"Ring of the Snake":[10]},"card_choices":[{"not_picked":["PiercingWail","Catalyst"],"picked":"Poisoned Stab","floor":1},{"not_picked":["Cloak And Dagger","Sucker Punch","Dodge and Roll"],"picked":"SKIP","floor":5},{"not_picked":["Masterful Stab","Noxious Fumes"],"picked":"Wraith Form v2","floor":6},{"not_picked":["Acrobatics","Dagger Throw","Finisher"],"picked":"SKIP","floor":7}],"player_experience":2983322,"relics_obtained":[{"floor":6,"key":"Tiny Chest"},{"floor":9,"key":"Gremlin Horn"}],"event_choices":[{"damage_healed":0,"gold_gain":0,"player_choice":"Success","damage_taken":11,"relics_obtained":["Happy Flower"],"max_hp_gain":0,"max_hp_loss":0,"event_name":"Scrap Ooze","floor":2,"gold_loss":0},{"cards_removed":["Strike_G"],"damage_healed":0,"gold_gain":0,"player_choice":"Card Removal","damage_taken":7,"max_hp_gain":0,"max_hp_loss":0,"event_name":"Golden Wing","floor":4,"gold_loss":0}],"is_beta":false,"boss_relics":[],"items_purged_floors":[],"is_endless":false,"potions_floor_spawned":[1,5,7],"killed_by":"3 Sentries","ascension_level":20}}