{"host":"ss2ocoam53r2lno0","time":1612202227,"event":{"mods":["Act Like it!","BaseMod","ChefMod","Clockwork Mod","Colored Powertips","Curses Come First","Displayed Cursed Tome","Downfall","Evolution","Googly Eyes","Hallownest","Highlight Path","Minty Spire (QoL Compilation)","Poor People Problems","Rare Cards Sparkle","Reliquary","Robot Space Explorer","Shade Mod","Shop Mod","Spicy Shops","StSLib","TheSurvivalist"],"gold_per_floor":[119,44,44,58,75,75,103,103,103,129,129,145,45,88,88,207,207,230,253,142,92,111,145,145,184,184,197,232,248,248,248,248,376,376,389,88,112,132,145,145,501,544,544,544,559,593,606,606,606],"floor_reached":48,"language":"ENG","playtime":4404,"items_purged":["survmod:Strike","survmod:Defend","survmod:Defend","survmod:FenceTrap"],"score":707,"play_id":"a706cddc-e4ce-483c-bf68-8d63c8d133da","local_time":"20210201185707","is_ascension_mode":true,"campfire_choices":[{"data":"survmod:MarkTrap","floor":6.0,"key":"SMITH"},{"floor":8.0,"key":"REST"},{"data":"survmod:NockAnArrow","floor":15.0,"key":"SMITH"},{"data":"survmod:Detonation","floor":24,"key":"SMITH"},{"floor":30,"key":"REST"},{"floor":32,"key":"REST"},{"floor":40,"key":"REST"}],"circlet_count":0,"master_deck":["survmod:NockAnArrow+1","survmod:Defend","survmod:Defend","survmod:VersatileOffense+1","survmod:Sprint+1","survmod:MarkTrap+1","survmod:NockAnArrow+1","survmod:NockAnArrow+1","survmod:Detonation+1","survmod:PoisonTrap","survmod:SurpriseTrap","survmod:VersatilePower","survmod:MarkedShot+1","survmod:FlashbangTrap+1","survmod:ComplexMutation+1","survmod:FlareQuiver","survmod:MarkedShot+1","survmod:FlashbangShot+1","survmod:MarkTrap+1"],"relics":["survmod:InnateMutation","EVO:Axolotl","Ornamental Fan","Blue Candle","Omamori","Golden Idol","reliquary:TatteredRug","Empty Cage","DollysMirror","StoneCalendar","Molten Egg 2","Matryoshka","Shuriken","Strawberry","reliquary:PrincelyHelmet","Bronze Scales","sneckomod:SneckoTalon","PreservedInsect","Old Coin","reliquary:IridiumChain","reliquary:Knoch","Gremlin Horn","reliquary:BoilingFlask"],"acts_visited":["Exordium","TheCity","TheBeyond"],"potions_floor_usage":[25,29,38,48,48,48],"damage_taken":[{"damage":1.0,"enemies":"Cultist","floor":1.0,"turns":5.0},{"damage":0.0,"enemies":"2 Louse","floor":4.0,"turns":2.0},{"damage":0.0,"enemies":"Small Slimes","floor":5.0,"turns":3.0},{"damage":14.0,"enemies":"Gremlin Nob","floor":7.0,"turns":7.0},{"damage":10.0,"enemies":"3 Sentries","floor":10.0,"turns":17.0},{"damage":1.0,"enemies":"2 Fungi Beasts","floor":12.0,"turns":5.0},{"damage":3.0,"enemies":"Lagavulin","floor":14.0,"turns":7.0},{"damage":20.0,"enemies":"The Guardian","floor":16.0,"turns":10.0},{"damage":0,"enemies":"Shell Parasite","floor":18,"turns":5},{"damage":3,"enemies":"3 Byrds","floor":19,"turns":11},{"damage":0,"enemies":"Centurion and Healer","floor":22,"turns":7},{"damage":0,"enemies":"Gremlin Leader","floor":23,"turns":8},{"damage":2,"enemies":"Slavers","floor":25,"turns":4},{"damage":18,"enemies":"Snecko","floor":27,"turns":8},{"damage":7,"enemies":"Book of Stabbing","floor":28,"turns":5},{"damage":20,"enemies":"3 Cultists","floor":29,"turns":7},{"damage":10,"enemies":"Collector","floor":33,"turns":7},{"damage":17,"enemies":"Orb Walker","floor":35,"turns":5},{"damage":1,"enemies":"3 Darklings","floor":37,"turns":3},{"damage":21,"enemies":"Sphere and 2 Shapes","floor":38,"turns":6},{"damage":3,"enemies":"Maw","floor":39,"turns":5},{"damage":5,"enemies":"2 Orb Walkers","floor":41,"turns":6},{"damage":0,"enemies":"Giant Head","floor":42,"turns":5},{"damage":0,"enemies":"3 Darklings","floor":45,"turns":3},{"damage":15,"enemies":"Reptomancer","floor":46,"turns":3},{"damage":0,"enemies":"Jaw Worm Horde","floor":47,"turns":2},{"damage":9,"enemies":"Nemesis","floor":48,"turns":5}],"seed_played":"-3341879850433149293","potions_obtained":[{"floor":4.0,"key":"SkillPotion"},{"floor":7.0,"key":"EssenceOfSteel"},{"floor":16.0,"key":"Ancient Potion"},{"floor":18,"key":"CultistPotion"},{"floor":22,"key":"Energy Potion"},{"floor":23,"key":"Weak Potion"},{"floor":28,"key":"Block Potion"},{"floor":35,"key":"GamblersBrew"},{"floor":37,"key":"Guardian:BlockOnCardUsePotion"},{"floor":41,"key":"ColorlessPotion"},{"floor":44,"key":"Block Potion"}],"is_trial":false,"path_per_floor":["M","$","?","M","M","R","E","R","T","E","?","M","$","E","R","B",null,"M","M","$","?","M","E","R","E","T","M","E","M","R","?","R","B",null,"M","$","M","M","M","R","?","E","T","?","M","E","M","E"],"character_chosen":"THE_SURVIVOR","items_purchased":["DollysMirror","StoneCalendar","PreservedInsect"],"campfire_rested":4,"item_purchase_floors":[20,20,36],"current_hp_per_floor":[49,49,39,39,39,39,25,40,40,30,30,29,29,26,26,6,46,46,43,43,43,43,43,43,41,48,30,23,3,18,18,33,23,53,36,36,35,14,11,26,21,21,21,21,21,6,6,0,0],"gold":606,"neow_bonus":"UPGRADE_CARD","is_daily":false,"chose_seed":false,"campfire_upgraded":3,"win_rate":0.0,"timestamp":1612202227,"path_taken":["M","$","?","M","M","R","E","R","T","E","?","M","$","E","R","BOSS","M","M","$","?","?","E","R","E","T","M","E","M","R","?","R","BOSS","M","$","?","M","M","R","?","E","T","?","?","E","M","E"],"items_purchased_type":["Relic","Relic","Relic"],"build_version":"2020-12-22","purchased_purges":4,"victory":false,"max_hp_per_floor":[50,50,50,50,50,50,50,50,50,50,46,46,46,46,46,46,46,46,46,46,46,46,46,46,46,53,53,53,53,53,53,53,53,53,53,53,53,53,53,53,53,53,53,53,53,53,53,53,53],"card_choices":[{"not_picked":["survmod:QuickDash","survmod:MarkedShot"],"picked":"survmod:FenceTrap","floor":1.0},{"not_picked":["survmod:WalledOffTraps","survmod:OverwhelmingAssault","survmod:Hawkeye"],"picked":"SKIP","floor":4.0},{"not_picked":["survmod:FlashbangTrap","survmod:SwiftKick"],"picked":"survmod:MarkTrap","floor":5.0},{"not_picked":["survmod:RobFromTheRich","survmod:SimpleMutation","survmod:FlareBarrage"],"picked":"SKIP","floor":7.0},{"not_picked":["survmod:MarkTrap","survmod:OverwhelmingAssault","survmod:SimpleMutation"],"picked":"SKIP","floor":10.0},{"not_picked":["survmod:MarkTrap","survmod:OverwhelmingAssault","survmod:SimpleMutation"],"picked":"SKIP","floor":10.0},{"not_picked":["survmod:MarkedShot","survmod:SimpleMutation","survmod:FindCover"],"picked":"SKIP","floor":12.0},{"not_picked":["survmod:UnfortunateEscape","survmod:ExplosiveTrap"],"picked":"survmod:NockAnArrow","floor":14.0},{"not_picked":["survmod:UnfortunateEscape","survmod:Adaptability+1","survmod:BearTrap+1"],"picked":"SKIP","floor":18},{"not_picked":["survmod:PenetratingShot","survmod:BearTrap","survmod:UnfortunateEscape"],"picked":"SKIP","floor":19},{"not_picked":["survmod:QuickDash+1","survmod:SimpleMutation","survmod:ConcussiveShot"],"picked":"SKIP","floor":22},{"not_picked":["survmod:HailOfArrows+1","survmod:AcidTrap"],"picked":"survmod:Detonation","floor":23},{"not_picked":["survmod:SwiftKick+1","survmod:FocusedFire+1","survmod:GoForFace"],"picked":"SKIP","floor":25},{"not_picked":["survmod:RejectWeakness+1","survmod:QuickDash"],"picked":"survmod:PoisonTrap","floor":27},{"not_picked":["survmod:TwinShot+1","survmod:FindCover+1"],"picked":"survmod:SurpriseTrap","floor":28},{"not_picked":["survmod:FindCover","survmod:NeedleShot+1","survmod:PinningSnipe+1"],"picked":"SKIP","floor":29},{"not_picked":["survmod:LeapingShot+1","survmod:RobFromTheRich+1"],"picked":"survmod:VersatilePower","floor":33},{"not_picked":["survmod:AcidTrap","survmod:OverexertingShot+1"],"picked":"survmod:MarkedShot+1","floor":35},{"not_picked":["survmod:BearTrap+1","survmod:HiddenTactic"],"picked":"survmod:FlashbangTrap+1","floor":37},{"not_picked":["survmod:SwiftKick+1","survmod:PersonalMark"],"picked":"survmod:ComplexMutation+1","floor":38},{"not_picked":["survmod:PenetratingShot+1","survmod:OverwhelmingAssault","survmod:UnfortunateEscape"],"picked":"SKIP","floor":39},{"not_picked":["survmod:BendAndBow+1","survmod:PenetratingShot+1"],"picked":"survmod:FlareQuiver","floor":41},{"not_picked":["survmod:OverwhelmingAssault+1","survmod:SurpriseTrap"],"picked":"survmod:MarkedShot+1","floor":42},{"not_picked":["survmod:HiddenTactic+1","survmod:PerfectPosition+1"],"picked":"survmod:FlashbangShot+1","floor":45},{"not_picked":["survmod:OverexertingShot+1","survmod:Heartseeker+1"],"picked":"survmod:MarkTrap+1","floor":46},{"not_picked":["survmod:QuickDash","survmod:FocusedFire+1","survmod:PersonalMark"],"picked":"SKIP","floor":47}],"player_experience":862530,"relics_obtained":[{"floor":7.0,"key":"Ornamental Fan"},{"floor":9.0,"key":"Blue Candle"},{"floor":10.0,"key":"Omamori"},{"floor":14.0,"key":"reliquary:TatteredRug"},{"floor":23,"key":"Molten Egg 2"},{"floor":25,"key":"Matryoshka"},{"floor":26,"key":"Shuriken"},{"floor":26,"key":"Strawberry"},{"floor":28,"key":"reliquary:PrincelyHelmet"},{"floor":41,"key":"Old Coin"},{"floor":42,"key":"reliquary:IridiumChain"},{"floor":43,"key":"reliquary:Knoch"},{"floor":43,"key":"Gremlin Horn"},{"floor":46,"key":"reliquary:BoilingFlask"}],"event_choices":[{"damage_healed":0.0,"max_hp_gain":0.0,"max_hp_loss":0.0,"gold_gain":0.0,"event_name":"Shining Light","player_choice":"Entered Light","floor":3.0,"gold_loss":0.0,"damage_taken":10.0,"cards_upgraded":["survmod:Sprint","survmod:NockAnArrow"]},{"damage_healed":0.0,"max_hp_gain":0.0,"max_hp_loss":4.0,"gold_gain":0.0,"event_name":"Golden Idol","player_choice":"Lose Max HP","floor":11.0,"gold_loss":0.0,"damage_taken":0.0,"relics_obtained":["Golden Idol"]},{"damage_healed":0,"gold_gain":0,"player_choice":"Bet on Murderer","damage_taken":0,"max_hp_gain":0,"max_hp_loss":0,"event_name":"The Joust","floor":21,"gold_loss":50},{"damage_healed":0,"gold_gain":0,"player_choice":"Gave Potion","damage_taken":0,"relics_obtained":["Bronze Scales"],"max_hp_gain":0,"max_hp_loss":0,"event_name":"WeMeetAgain","floor":31,"gold_loss":0},{"damage_healed":0,"gold_gain":0,"player_choice":"Fight","damage_taken":0,"max_hp_gain":0,"max_hp_loss":0,"event_name":"Mysterious Sphere","floor":41,"gold_loss":0},{"damage_healed":0,"gold_gain":0,"player_choice":"Got Potions","damage_taken":0,"max_hp_gain":0,"max_hp_loss":0,"event_name":"Lab","floor":44,"gold_loss":0}],"is_beta":false,"boss_relics":[{"not_picked":["Coffee Dripper","Snecko Eye"],"picked":"Empty Cage"},{"not_picked":["Black Star","reliquary:Ember"],"picked":"sneckomod:SneckoTalon"}],"items_purged_floors":[2,13,20,36],"is_endless":false,"potions_floor_spawned":[4,7,16,18,22,23,28,35,37,41],"killed_by":"Nemesis","ascension_level":2}}