{"host":"d52brwsy6af8zvaq","time":1612209788,"event":{"mods":["AchievementEnabler","BaseMod","Bestiary","Highlight Path","Minty Spire (QoL Compilation)","Quick Restart","Relic Stats","ojb\u0027s Better Paths Mod"],"gold_per_floor":[117,129,140,140,140,168,168,183,232,173,195,195,195],"floor_reached":12,"language":"ENG","playtime":419,"items_purged":[],"score":156,"play_id":"75b70b7f-b194-47aa-b9a6-c087cee15459","local_time":"20210201130308","is_ascension_mode":true,"campfire_choices":[{"floor":7,"key":"REST"}],"circlet_count":0,"master_deck":["AscendersBane","Strike_G","Strike_G+1","Strike_G","Strike_G","Defend_G","Defend_G","Defend_G","Defend_G","Defend_G","Survivor","Neutralize","Slice","Catalyst","Masterful Stab+1","Prepared","Footwork","Noxious Fumes","Deadly Poison"],"relics":["Ring of the Snake","StrikeDummy","Anchor","Smiling Mask","Odd Mushroom"],"acts_visited":["Exordium"],"potions_floor_usage":[6,11],"damage_taken":[{"damage":1,"enemies":"Small Slimes","floor":1,"turns":4},{"damage":0,"enemies":"Cultist","floor":2,"turns":5},{"damage":0,"enemies":"2 Louse","floor":3,"turns":3},{"damage":26,"enemies":"Gremlin Nob","floor":6,"turns":4},{"damage":0,"enemies":"Exordium Thugs","floor":8,"turns":5},{"damage":14,"enemies":"The Mushroom Lair","floor":11,"turns":5},{"damage":26,"enemies":"3 Sentries","floor":12,"turns":8}],"seed_played":"3381995526485998450","potions_obtained":[{"floor":1,"key":"EssenceOfSteel"},{"floor":3,"key":"DistilledChaos"},{"floor":6,"key":"Weak Potion"}],"is_trial":false,"path_per_floor":["M","M","M","?","?","E","R","M","T","?","?","E"],"character_chosen":"THE_SILENT","items_purchased":[],"campfire_rested":1,"item_purchase_floors":[],"current_hp_per_floor":[58,58,58,38,38,12,31,31,31,31,17,0,0],"gold":195,"neow_bonus":"TRANSFORM_CARD","is_daily":false,"chose_seed":false,"campfire_upgraded":0,"win_rate":0.0,"timestamp":1612209788,"path_taken":["M","M","M","?","?","E","R","?","T","?","?","E"],"items_purchased_type":[],"build_version":"2020-12-22","purchased_purges":0,"victory":false,"max_hp_per_floor":[66,66,66,66,66,66,66,66,66,66,66,66,66],"relic_stats":{"counters":[7,34],"Smiling Mask":0,"obtain_stats":[{"Anchor":6,"Odd Mushroom":11,"StrikeDummy":5,"Smiling Mask":9,"Ring of the Snake":0},{"Anchor":4,"Odd Mushroom":6,"StrikeDummy":3,"Smiling Mask":5,"Ring of the Snake":0},{"Anchor":16,"Odd Mushroom":26,"StrikeDummy":12,"Smiling Mask":21,"Ring of the Snake":0}],"Ring of the Snake":[14]},"card_choices":[{"not_picked":["Backflip","Outmaneuver"],"picked":"Catalyst","floor":1},{"not_picked":["Concentrate","Backstab"],"picked":"Masterful Stab","floor":2},{"not_picked":["Acrobatics","Outmaneuver"],"picked":"Prepared","floor":3},{"not_picked":["Acrobatics","Heel Hook"],"picked":"Footwork","floor":6},{"not_picked":["Deflect","Reflex"],"picked":"Noxious Fumes","floor":8},{"not_picked":["Sucker Punch","Setup"],"picked":"Deadly Poison","floor":11}],"player_experience":2101803,"relics_obtained":[{"floor":6,"key":"Anchor"},{"floor":9,"key":"Smiling Mask"},{"floor":11,"key":"Odd Mushroom"}],"event_choices":[{"damage_healed":0,"gold_gain":0,"player_choice":"Entered Light","damage_taken":20,"max_hp_gain":0,"max_hp_loss":0,"event_name":"Shining Light","floor":4,"gold_loss":0,"cards_upgraded":["Masterful Stab","Strike_G"]},{"damage_healed":0,"gold_gain":0,"player_choice":"Gave Potion","damage_taken":0,"relics_obtained":["StrikeDummy"],"max_hp_gain":0,"max_hp_loss":0,"event_name":"WeMeetAgain","floor":5,"gold_loss":0},{"damage_healed":0,"gold_gain":0,"player_choice":"Left Gold","damage_taken":0,"max_hp_gain":0,"max_hp_loss":0,"event_name":"World of Goop","floor":10,"gold_loss":59},{"damage_healed":0,"gold_gain":0,"player_choice":"Fought Mushrooms","damage_taken":0,"max_hp_gain":0,"max_hp_loss":0,"event_name":"Mushrooms","floor":11,"gold_loss":0}],"is_beta":false,"boss_relics":[],"items_purged_floors":[],"is_endless":false,"potions_floor_spawned":[1,3,6],"killed_by":"3 Sentries","ascension_level":20}}