{"host":"rtczl7o4e2em2rmi","time":1612220223,"event":{"mods":["AchievementEnabler","BaseMod","Bestiary","Block Reminder","Minty Spire (QoL Compilation)","Permanent Neow","Relic Filter","Relic Stats","StSLib"],"gold_per_floor":[211,61,11,11,26,26,26,45,124,154,169,182,357,376,376,479,479,499,513,513,513,513],"floor_reached":21,"language":"ZHS","playtime":842,"items_purged":[],"score":330,"play_id":"8747f329-4680-494c-a517-9f9ea2c46d7c","local_time":"20210201175703","is_ascension_mode":true,"campfire_choices":[{"data":"Zap","floor":6,"key":"SMITH"},{"data":"Rainbow","floor":15,"key":"SMITH"}],"circlet_count":0,"master_deck":["AscendersBane","Strike_B","Strike_B","Defend_B","Defend_B","Defend_B","Zap+1","Dualcast","Genetic Algorithm","Defragment","Coolheaded","Conserve Battery","Conserve Battery","Rainbow+1","Undo","Biased Cognition","Melter","Cold Snap","Doubt","Loop","Seek","Turbo","Blizzard","Glacier"],"relics":["Cracked Core","Blue Candle","Vajra","Black Star"],"acts_visited":["Exordium","TheCity"],"potions_floor_usage":[18],"damage_taken":[{"damage":1,"enemies":"Cultist","floor":1,"turns":3},{"damage":0,"enemies":"Small Slimes","floor":5,"turns":3},{"damage":0,"enemies":"2 Louse","floor":8,"turns":2},{"damage":0,"enemies":"Lagavulin","floor":10,"turns":7},{"damage":5,"enemies":"Red Slaver","floor":11,"turns":3},{"damage":7,"enemies":"3 Louse","floor":12,"turns":3},{"damage":0,"enemies":"Looter","floor":14,"turns":2},{"damage":40,"enemies":"The Guardian","floor":16,"turns":11},{"damage":6,"enemies":"Shell Parasite","floor":18,"turns":7},{"damage":18,"enemies":"Chosen","floor":19,"turns":7},{"damage":44,"enemies":"3 Cultists","floor":21,"turns":5}],"seed_played":"658704059610051812","potions_obtained":[{"floor":5,"key":"SpeedPotion"},{"floor":11,"key":"FearPotion"},{"floor":18,"key":"Dexterity Potion"}],"is_trial":false,"path_per_floor":["M","$","?","?","M","R","?","M","T","E","M","M","?","M","R","B",null,"M","M","?","M"],"character_chosen":"DEFECT","items_purchased":["Defragment","Coolheaded","Conserve Battery"],"campfire_rested":0,"item_purchase_floors":[2,2,2],"current_hp_per_floor":[67,67,67,60,60,60,60,60,60,60,55,48,48,48,48,8,58,52,34,34,0,0],"gold":513,"neow_bonus":"HUNDRED_GOLD","is_daily":false,"chose_seed":false,"campfire_upgraded":2,"win_rate":0.0,"timestamp":1612220223,"path_taken":["M","$","?","?","M","R","?","M","T","E","M","?","?","M","R","BOSS","M","M","?","M"],"items_purchased_type":["Card","Card","Card"],"build_version":"2020-12-22","purchased_purges":0,"victory":false,"max_hp_per_floor":[75,75,75,75,75,75,75,75,75,75,75,75,75,75,75,75,75,75,75,75,75,75],"relic_stats":{"counters":[11,53],"Blue Candle":[4],"Black Star":0,"obtain_stats":[{"Blue Candle":9,"Vajra":10,"Black Star":17,"Cracked Core":0},{"Blue Candle":3,"Vajra":4,"Black Star":8,"Cracked Core":0},{"Blue Candle":8,"Vajra":15,"Black Star":34,"Cracked Core":0}]},"card_choices":[{"not_picked":["Conserve Battery","Chaos"],"picked":"Genetic Algorithm","floor":1},{"not_picked":["Darkness","Steam Power"],"picked":"Conserve Battery","floor":5},{"not_picked":["Sweeping Beam","Go for the Eyes"],"picked":"Undo","floor":8},{"not_picked":["Rebound","Barrage"],"picked":"Biased Cognition","floor":10},{"not_picked":["Ball Lightning","Steam"],"picked":"Melter","floor":11},{"not_picked":["Compile Driver","Rebound"],"picked":"Cold Snap","floor":12},{"not_picked":["Consume","Hologram"],"picked":"Loop","floor":14},{"not_picked":["Echo Form","Biased Cognition"],"picked":"Seek","floor":16},{"not_picked":["Tempest","Genetic Algorithm"],"picked":"Turbo","floor":18},{"not_picked":["Go for the Eyes+1","Gash"],"picked":"Blizzard","floor":19}],"player_experience":527861,"relics_obtained":[{"floor":9,"key":"Blue Candle"},{"floor":10,"key":"Vajra"}],"event_choices":[{"cards_removed":["Strike_B"],"damage_healed":0,"gold_gain":0,"player_choice":"Card Removal","damage_taken":0,"max_hp_gain":0,"max_hp_loss":0,"event_name":"The Cleric","floor":3,"gold_loss":50},{"cards_removed":["Strike_B"],"damage_healed":0,"gold_gain":0,"player_choice":"Card Removal","damage_taken":7,"max_hp_gain":0,"max_hp_loss":0,"event_name":"Golden Wing","floor":4,"gold_loss":0},{"damage_healed":0,"gold_gain":0,"cards_transformed":["Defend_B"],"player_choice":"Transformed","damage_taken":0,"max_hp_gain":0,"max_hp_loss":0,"event_name":"Transmorgrifier","floor":7,"gold_loss":0,"cards_obtained":["Rainbow"]},{"damage_healed":0,"gold_gain":175,"player_choice":"AGREE","damage_taken":0,"max_hp_gain":0,"max_hp_loss":0,"event_name":"Liars Game","floor":13,"gold_loss":0,"cards_obtained":["Doubt"]},{"damage_healed":0,"gold_gain":0,"player_choice":"Read","damage_taken":0,"max_hp_gain":0,"max_hp_loss":0,"event_name":"The Library","floor":20,"gold_loss":0,"cards_obtained":["Glacier"]}],"is_beta":false,"boss_relics":[{"not_picked":["Cursed Key","Velvet Choker"],"picked":"Black Star"}],"items_purged_floors":[],"is_endless":false,"potions_floor_spawned":[5,11,12,16,18],"killed_by":"3 Cultists","ascension_level":12}}