{"host":"xes75gx807s8gyhc","time":1612222544,"event":{"mods":["AchievementEnabler","BaseMod","Colored Powertips","Curses Come First","Minty Spire (QoL Compilation)","Rare Cards Sparkle","Relic Stats","StSLib","Unceasing Turn Reminder","everything is the same but u backflip on backflip"],"gold_per_floor":[110,128,147,166,166,199,199,240,240,240,240,284,305,321,321,444,444,468,484,484,504,529,529,553,553,553],"floor_reached":25,"language":"ENG","playtime":1186,"items_purged":[],"score":302,"play_id":"361c282e-4dbe-4b29-a4d9-be9edc875848","local_time":"20210201153544","is_ascension_mode":true,"campfire_choices":[{"data":"Uppercut","floor":7,"key":"SMITH"},{"data":"Bludgeon","floor":10,"key":"SMITH"},{"data":"Demon Form","floor":15,"key":"SMITH"},{"data":"Bash","floor":23,"key":"SMITH"}],"circlet_count":0,"master_deck":["Strike_R","Strike_R","Defend_R","Defend_R","Defend_R","Defend_R","Bash+1","Demon Form+1","Dropkick","Twin Strike","Pummel","True Grit","Uppercut+1","Bludgeon+1","Pommel Strike","Impervious","Thunderclap+1","Bloodletting+1","Double Tap+1","Disarm","Ghostly","Ghostly","Ghostly","Ghostly","Ghostly","Heavy Blade+1","Burning Pact"],"relics":["Burning Blood","Golden Idol","Eternal Feather","Blood Vial","Ancient Tea Set","Letter Opener","Astrolabe"],"acts_visited":["Exordium","TheCity"],"potions_floor_usage":[12,14,16,25],"damage_taken":[{"damage":1,"enemies":"Cultist","floor":1,"turns":4},{"damage":11,"enemies":"Jaw Worm","floor":2,"turns":4},{"damage":8,"enemies":"2 Louse","floor":3,"turns":3},{"damage":21,"enemies":"Blue Slaver","floor":4,"turns":3},{"damage":27,"enemies":"Gremlin Nob","floor":6,"turns":4},{"damage":25,"enemies":"3 Sentries","floor":8,"turns":9},{"damage":0,"enemies":"Gremlin Nob","floor":12,"turns":2},{"damage":12,"enemies":"3 Louse","floor":13,"turns":4},{"damage":2,"enemies":"Exordium Wildlife","floor":14,"turns":4},{"damage":36,"enemies":"Hexaghost","floor":16,"turns":7},{"damage":25,"enemies":"2 Thieves","floor":18,"turns":2},{"damage":3,"enemies":"Spheric Guardian","floor":19,"turns":1},{"damage":3,"enemies":"Centurion and Healer","floor":21,"turns":6},{"damage":3,"enemies":"Snake Plant","floor":22,"turns":5},{"damage":5,"enemies":"Cultist and Chosen","floor":24,"turns":7},{"damage":41,"enemies":"Gremlin Leader","floor":25,"turns":10}],"seed_played":"8875490918246507341","potions_obtained":[{"floor":1,"key":"Strength Potion"},{"floor":2,"key":"Ancient Potion"},{"floor":6,"key":"Block Potion"},{"floor":12,"key":"DuplicationPotion"},{"floor":16,"key":"AttackPotion"},{"floor":19,"key":"BloodPotion"},{"floor":24,"key":"Swift Potion"}],"is_trial":false,"path_per_floor":["M","M","M","M","?","E","R","E","T","R","?","E","M","M","R","B",null,"M","M","?","M","M","R","M","E"],"character_chosen":"IRONCLAD","items_purchased":[],"campfire_rested":0,"item_purchase_floors":[],"current_hp_per_floor":[80,75,73,58,58,37,46,27,27,36,36,44,40,46,55,27,74,55,60,37,37,37,37,37,0,0],"gold":553,"neow_bonus":"ONE_RANDOM_RARE_CARD","is_daily":false,"chose_seed":false,"campfire_upgraded":4,"win_rate":0.0,"timestamp":1612222544,"path_taken":["M","M","?","M","?","E","R","E","T","R","?","E","M","?","R","BOSS","M","M","?","M","M","R","M","E"],"items_purchased_type":[],"build_version":"2020-12-22","purchased_purges":0,"victory":false,"max_hp_per_floor":[80,80,80,80,74,74,74,74,74,74,74,74,74,74,74,74,74,74,74,37,37,37,37,37,37,37],"relic_stats":{"Blood Vial":10,"counters":[16,75],"Golden Idol":78,"Astrolabe":["Thunderclap","Bloodletting","Double Tap"],"Eternal Feather":27,"Letter Opener":[17],"obtain_stats":[{"Blood Vial":8,"Golden Idol":5,"Astrolabe":17,"Eternal Feather":6,"Letter Opener":12,"Ancient Tea Set":9,"Burning Blood":0},{"Blood Vial":6,"Golden Idol":4,"Astrolabe":10,"Eternal Feather":5,"Letter Opener":7,"Ancient Tea Set":6,"Burning Blood":0},{"Blood Vial":27,"Golden Idol":14,"Astrolabe":44,"Eternal Feather":18,"Letter Opener":29,"Ancient Tea Set":27,"Burning Blood":0}],"Burning Blood":78},"card_choices":[{"not_picked":["Burning Pact","Clash"],"picked":"Dropkick","floor":1},{"not_picked":["Searing Blow","Flex"],"picked":"Twin Strike","floor":2},{"not_picked":["Iron Wave","Clash"],"picked":"Pummel","floor":3},{"not_picked":["Barricade","Headbutt"],"picked":"True Grit","floor":4},{"not_picked":["Fire Breathing","Flex"],"picked":"Uppercut","floor":6},{"not_picked":["Pummel","Clash"],"picked":"Bludgeon","floor":8},{"not_picked":["Twin Strike","Berserk","Iron Wave"],"picked":"SKIP","floor":12},{"not_picked":["Body Slam","Warcry"],"picked":"Pommel Strike","floor":13},{"not_picked":["Pommel Strike","Armaments","Clash"],"picked":"SKIP","floor":14},{"not_picked":["Demon Form","Berserk"],"picked":"Impervious","floor":16},{"not_picked":["Clothesline","Cleave"],"picked":"Disarm","floor":18},{"not_picked":["Clash","Twin Strike","Warcry"],"picked":"SKIP","floor":19},{"not_picked":["Rupture","Berserk"],"picked":"Heavy Blade+1","floor":21},{"not_picked":["Sword Boomerang","Reckless Charge"],"picked":"Burning Pact","floor":22},{"not_picked":["Thunderclap+1","Headbutt","Rupture"],"picked":"SKIP","floor":24}],"player_experience":23716,"relics_obtained":[{"floor":6,"key":"Eternal Feather"},{"floor":8,"key":"Blood Vial"},{"floor":9,"key":"Ancient Tea Set"},{"floor":12,"key":"Letter Opener"}],"event_choices":[{"damage_healed":0,"gold_gain":0,"player_choice":"Lose Max HP","damage_taken":0,"relics_obtained":["Golden Idol"],"max_hp_gain":0,"max_hp_loss":6,"event_name":"Golden Idol","floor":5,"gold_loss":0},{"damage_healed":0,"gold_gain":0,"player_choice":"Fled","damage_taken":0,"max_hp_gain":0,"max_hp_loss":0,"event_name":"Scrap Ooze","floor":11,"gold_loss":0},{"damage_healed":0,"gold_gain":0,"player_choice":"Became a Ghost","damage_taken":0,"max_hp_gain":0,"max_hp_loss":37,"event_name":"Ghosts","floor":20,"gold_loss":0,"cards_obtained":["Ghostly","Ghostly","Ghostly","Ghostly","Ghostly"]}],"is_beta":false,"boss_relics":[{"not_picked":["Calling Bell","Empty Cage"],"picked":"Astrolabe"}],"items_purged_floors":[],"is_endless":false,"potions_floor_spawned":[1,2,6,12,16,19,21,24],"killed_by":"Gremlin Leader","ascension_level":2}}