{"host":"kig4ty9d1aubg29s","time":1612181193,"event":{"mods":["BaseMod","Minty Spire (QoL Compilation)","READ ME - Guardian Mod","READ ME - Snecko Mod","StSLib","The Cursed","The Gatherer","The Hierophant","The Runesmith"],"gold_per_floor":[113,113,113,113,128,157,157,174,174,174,200,125,125,153,153,250,250,264,264,264,264,264,264,291,291,291,318,318,417,432,459,459,459,459],"floor_reached":33,"language":"KOR","playtime":852,"items_purged":["Regret"],"score":504,"play_id":"c899b4fe-a4d8-48a3-a826-6ff3490a98d4","local_time":"20210201210633","is_ascension_mode":true,"campfire_choices":[{"data":"Fire Breathing","floor":7,"key":"SMITH"},{"data":"Immolate","floor":10,"key":"SMITH"},{"floor":13,"key":"REST"},{"data":"Bash","floor":15,"key":"SMITH"},{"data":"Demon Form","floor":23,"key":"SMITH"},{"floor":25,"key":"REST"},{"floor":28,"key":"REST"},{"data":"Writhe","floor":32,"key":"PURGE"}],"circlet_count":0,"master_deck":["AscendersBane","Strike_R","Strike_R","Strike_R","Strike_R","Strike_R","Defend_R","Defend_R","Defend_R","Defend_R","Bash+1","Berserk+1","Anger","Fire Breathing+1","Immolate+1","Thunderclap","Brutality","Twin Strike","Demon Form+1","Pummel+1","Searing Blow+1","Disarm","Armaments","Flame Barrier","Heavy Blade"],"relics":["Burning Blood","Meat on the Bone","HornCleat","Runesmith:AutoHammer","Happy Flower","StoneCalendar","Sozu","Peace Pipe","MutagenicStrength","Enchiridion","Frozen Egg 2","Prayer Wheel","Blue Candle","Lantern","Pear"],"acts_visited":["Exordium","TheCity"],"potions_floor_usage":[6,24],"damage_taken":[{"damage":2,"enemies":"Jaw Worm","floor":1,"turns":3},{"damage":5,"enemies":"2 Louse","floor":5,"turns":3},{"damage":32,"enemies":"3 Sentries","floor":6,"turns":5},{"damage":3,"enemies":"Small Slimes","floor":8,"turns":3},{"damage":32,"enemies":"Lagavulin","floor":11,"turns":5},{"damage":16,"enemies":"Gremlin Nob","floor":14,"turns":4},{"damage":20,"enemies":"Slime Boss","floor":16,"turns":6},{"damage":24,"enemies":"Spheric Guardian","floor":18,"turns":4},{"damage":32,"enemies":"Gremlin Leader","floor":24,"turns":6},{"damage":48,"enemies":"Book of Stabbing","floor":27,"turns":4},{"damage":31,"enemies":"Shell Parasite","floor":30,"turns":4},{"damage":18,"enemies":"Gremlin Leader","floor":31,"turns":5},{"damage":56,"enemies":"Champ","floor":33,"turns":6}],"seed_played":"4076255203531864391","potions_obtained":[{"floor":5,"key":"Regen Potion"},{"floor":11,"key":"HeartOfIron"}],"is_trial":false,"path_per_floor":["M","?","?","?","M","E","R","M","T","R","E","$","R","E","R","B",null,"M","T","?","?","?","R","E","R","T","E","R","?","M","E","R","B"],"character_chosen":"IRONCLAD","items_purchased":[],"campfire_rested":3,"item_purchase_floors":[],"current_hp_per_floor":[76,76,76,68,69,55,55,58,58,58,44,44,68,58,58,56,74,56,56,56,40,40,40,26,50,50,20,44,44,31,41,41,0,0],"gold":459,"neow_bonus":"ONE_RANDOM_RARE_CARD","is_daily":false,"chose_seed":false,"campfire_upgraded":4,"win_rate":0.0,"timestamp":1612181193,"path_taken":["M","?","?","?","M","E","R","M","T","R","E","$","R","E","R","BOSS","M","?","?","?","?","R","E","R","T","E","R","?","?","E","R","BOSS"],"items_purchased_type":[],"build_version":"2020-12-22","purchased_purges":1,"victory":false,"max_hp_per_floor":[80,80,80,80,80,80,80,80,80,80,80,80,80,80,80,80,80,80,80,80,80,80,80,80,80,80,80,80,80,80,90,90,90,90],"card_choices":[{"not_picked":["Iron Wave","Headbutt"],"picked":"Anger","floor":1},{"not_picked":["Perfected Strike","Sword Boomerang"],"picked":"Fire Breathing","floor":5},{"not_picked":["Thunderclap","Juggernaut"],"picked":"Immolate","floor":6},{"not_picked":["True Grit","Flex"],"picked":"Thunderclap","floor":8},{"not_picked":["Perfected Strike","Hemokinesis"],"picked":"Brutality","floor":11},{"not_picked":["Flex","Body Slam"],"picked":"Twin Strike","floor":14},{"not_picked":["Brutality","Reaper"],"picked":"Demon Form","floor":16},{"not_picked":["True Grit","Pommel Strike"],"picked":"Pummel+1","floor":18},{"not_picked":["Disarm","Burning Pact"],"picked":"Searing Blow+1","floor":24},{"not_picked":["Clothesline","Shrug It Off"],"picked":"Disarm","floor":27},{"not_picked":["Rampage","Carnage"],"picked":"Armaments","floor":30},{"not_picked":["Perfected Strike","Sword Boomerang"],"picked":"Flame Barrier","floor":30},{"not_picked":["Sword Boomerang","Pommel Strike"],"picked":"Heavy Blade","floor":31}],"player_experience":1960414,"relics_obtained":[{"floor":6,"key":"HornCleat"},{"floor":9,"key":"Runesmith:AutoHammer"},{"floor":11,"key":"Happy Flower"},{"floor":14,"key":"StoneCalendar"},{"floor":19,"key":"Peace Pipe"},{"floor":21,"key":"Enchiridion"},{"floor":24,"key":"Prayer Wheel"},{"floor":26,"key":"Blue Candle"},{"floor":27,"key":"Lantern"},{"floor":31,"key":"Pear"}],"event_choices":[{"damage_healed":0,"gold_gain":0,"player_choice":"Grow","damage_taken":0,"max_hp_gain":0,"max_hp_loss":0,"event_name":"Living Wall","floor":2,"gold_loss":0,"cards_upgraded":["Berserk"]},{"damage_healed":0,"gold_gain":0,"player_choice":"Box","damage_taken":0,"relics_obtained":["Meat on the Bone"],"max_hp_gain":0,"max_hp_loss":0,"event_name":"Big Fish","floor":3,"gold_loss":0,"cards_obtained":["Regret"]},{"damage_healed":0,"gold_gain":0,"player_choice":"Damaged","damage_taken":8,"max_hp_gain":0,"max_hp_loss":0,"event_name":"Wheel of Change","floor":4,"gold_loss":0},{"damage_healed":0,"gold_gain":0,"player_choice":"Inject Mutagens","damage_taken":0,"relics_obtained":["MutagenicStrength"],"max_hp_gain":0,"max_hp_loss":0,"event_name":"Drug Dealer","floor":20,"gold_loss":0},{"damage_healed":0,"gold_gain":0,"player_choice":"Obtained Book","damage_taken":16,"max_hp_gain":0,"max_hp_loss":0,"event_name":"Cursed Tome","floor":21,"gold_loss":0},{"damage_healed":0,"gold_gain":0,"player_choice":"Opened","damage_taken":0,"relics_obtained":["Frozen Egg 2"],"max_hp_gain":0,"max_hp_loss":0,"event_name":"The Mausoleum","floor":22,"gold_loss":0,"cards_obtained":["Writhe"]},{"damage_healed":0,"gold_gain":99,"player_choice":"Stole From Cult","damage_taken":0,"max_hp_gain":0,"max_hp_loss":0,"event_name":"Nest","floor":29,"gold_loss":0}],"is_beta":false,"boss_relics":[{"not_picked":["Black Blood","Ectoplasm"],"picked":"Sozu"}],"items_purged_floors":[12],"is_endless":false,"potions_floor_spawned":[5,11,30,31],"killed_by":"Champ","ascension_level":12}}