{"host":"oeddu058k4r8wzo0","time":1612159340,"event":{"mods":["BaseMod","Colored Map","Colored Powertips","Highlight Path","Minty Spire (QoL Compilation)","Quick Restart","StSLib","Wandering Minibosses"],"gold_per_floor":[114,114,127,137,155,188,204,235,262,262,50,50,90,163,163,243,243,266,276,20,40,53,84,84,84,84],"floor_reached":25,"language":"ENG","playtime":1592,"items_purged":["Strike_R","Strike_R"],"score":486,"play_id":"ffebd3db-4da7-4243-97f2-417197913814","local_time":"20210131220220","daily_mods":["Heirloom","Green Cards","Night Terrors"],"is_ascension_mode":true,"campfire_choices":[{"data":"Disarm","floor":10,"key":"SMITH"},{"data":"Shrug It Off","floor":12,"key":"SMITH"},{"data":"Bash","floor":15,"key":"SMITH"},{"data":"Storm of Steel","floor":24,"key":"SMITH"}],"circlet_count":0,"master_deck":["AscendersBane","Strike_R","Strike_R","Strike_R","Defend_R","Defend_R+1","Defend_R+1","Defend_R","Bash+1","Carnage","Blade Dance","Dagger Spray","Shrug It Off+1","Disarm+1","Crippling Poison","Thunderclap","Storm of Steel+1","Backflip","Inflame","Dodge and Roll+1"],"relics":["Burning Blood","TungstenRod","Bronze Scales","Mango","Smiling Mask","CeramicFish","ClockworkSouvenir","Centennial Puzzle","War Paint","Coffee Dripper","Toolbox","Anchor"],"acts_visited":["Exordium","TheCity"],"potions_floor_usage":[6,13,23],"damage_taken":[{"damage":2.0,"enemies":"Small Slimes","floor":1.0,"turns":5.0},{"damage":7,"enemies":"Jaw Worm","floor":3,"turns":4},{"damage":0,"enemies":"2 Louse","floor":4,"turns":2},{"damage":3,"enemies":"Large Slime","floor":5,"turns":7},{"damage":22,"enemies":"3 Sentries","floor":6,"turns":6},{"damage":14,"enemies":"3 Louse","floor":7,"turns":3},{"damage":30,"enemies":"Gremlin Nob","floor":8,"turns":4},{"damage":21,"enemies":"Lagavulin","floor":13,"turns":6},{"damage":22,"enemies":"Gremlin Nob","floor":14,"turns":4},{"damage":36,"enemies":"Hexaghost","floor":16,"turns":14},{"damage":14,"enemies":"Spheric Guardian","floor":18,"turns":4},{"damage":45,"enemies":"Chosen","floor":19,"turns":9},{"damage":7,"enemies":"Sentry and Sphere","floor":21,"turns":3},{"damage":8,"enemies":"3 Cultists","floor":22,"turns":5},{"damage":14,"enemies":"Slavers","floor":23,"turns":3}],"seed_played":"4783849376288605976","potions_obtained":[{"floor":4,"key":"FairyPotion"},{"floor":5,"key":"CultistPotion"},{"floor":7,"key":"AttackPotion"},{"floor":21,"key":"Swift Potion"},{"floor":23,"key":"PowerPotion"}],"is_trial":true,"path_per_floor":["M","?","M","M","M","E","M","E","T","R","$","R","E","?","R","B",null,"M","M","$","M","M","E","R","?"],"character_chosen":"IRONCLAD","items_purchased":["ClockworkSouvenir","Toolbox","Inflame"],"campfire_rested":0,"item_purchase_floors":[11,20,20],"current_hp_per_floor":[72,68,67,73,75,73,65,41,41,41,41,41,26,10,10,7,69,61,22,22,21,19,11,11,0,0],"gold":84,"neow_bonus":"","is_daily":false,"chose_seed":false,"campfire_upgraded":4,"win_rate":0.0,"timestamp":1612159340,"path_taken":["M","?","M","M","M","E","M","E","T","R","$","R","E","?","R","BOSS","M","M","$","M","M","E","R","?"],"items_purchased_type":["Relic","Relic","Card"],"build_version":"2020-12-22","purchased_purges":2,"victory":false,"max_hp_per_floor":[75,75,75,75,75,89,89,89,89,89,89,89,89,89,89,89,89,89,89,89,89,89,89,89,89,89],"card_choices":[{"not_picked":["Body Slam","Setup","Havoc"],"picked":"SKIP","floor":1.0},{"not_picked":["Ghostly Armor","Leg Sweep"],"picked":"Carnage","floor":3},{"not_picked":["Dagger Spray","Acrobatics"],"picked":"Blade Dance","floor":4},{"not_picked":["Quick Slash","Bullet Time"],"picked":"Dagger Spray","floor":5},{"not_picked":["Intimidate","Sucker Punch","Fire Breathing"],"picked":"SKIP","floor":6},{"not_picked":["Second Wind","Fire Breathing"],"picked":"Shrug It Off","floor":7},{"not_picked":["Sucker Punch","Seeing Red"],"picked":"Disarm","floor":8},{"not_picked":["Cloak And Dagger","Fire Breathing"],"picked":"Crippling Poison","floor":13},{"not_picked":["Cloak And Dagger","Second Wind"],"picked":"Thunderclap","floor":14},{"not_picked":["Immolate","Impervious"],"picked":"Storm of Steel","floor":16},{"not_picked":["Evolve","True Grit"],"picked":"Backflip","floor":18},{"not_picked":["Bane","Sword Boomerang","Deflect"],"picked":"SKIP","floor":19},{"not_picked":["Immolate","True Grit"],"picked":"Dodge and Roll+1","floor":21},{"not_picked":["Quick Slash","Underhanded Strike","Sword Boomerang"],"picked":"SKIP","floor":22},{"not_picked":["Reckless Charge","True Grit","Rupture"],"picked":"SKIP","floor":23}],"player_experience":1359608,"relics_obtained":[{"floor":6,"key":"Mango"},{"floor":8,"key":"Smiling Mask"},{"floor":9,"key":"CeramicFish"},{"floor":13,"key":"Centennial Puzzle"},{"floor":14,"key":"War Paint"},{"floor":23,"key":"Anchor"}],"event_choices":[{"damage_healed":0.0,"max_hp_gain":0.0,"max_hp_loss":0.0,"gold_gain":0.0,"event_name":"Scrap Ooze","player_choice":"Success","floor":2.0,"gold_loss":0.0,"damage_taken":5.0,"relics_obtained":["Bronze Scales"]},{"damage_healed":0,"gold_gain":0,"player_choice":"Searched \u00271\u0027 times","damage_taken":0,"max_hp_gain":0,"max_hp_loss":0,"event_name":"Dead Adventurer","floor":14,"gold_loss":0}],"is_beta":false,"boss_relics":[{"not_picked":["Runic Dome","Philosopher\u0027s Stone"],"picked":"Coffee Dripper"}],"items_purged_floors":[11,20],"is_endless":false,"potions_floor_spawned":[4,5,7,21,23],"ascension_level":20}}