{"host":"k0kjm4m87pwj4phr","time":1612203946,"event":{"mods":["BaseMod","Colored Map","Colored Powertips","Minty Spire (QoL Compilation)","Permanent Neow","Quick Restart","Relic Stats","StSLib","The Blackbeard","óô»ðÖ¸ÄÏ"],"gold_per_floor":[118,118,138,150,150,183,34,34,87,113,140,174,207,236,236,350,350,402,452,144,184,283,283,348,348,374,374,374,274,313,313,313,455,455,491,550,618,672,672,672,720,785,785,846,855,916,625,625,365,380,380,380,250,326,351,351,351],"floor_reached":55,"language":"ZHS","playtime":2538,"items_purged":["blackbeard:ReapersScythe","Writhe"],"score":731,"play_id":"ef40611d-336e-4100-8582-6e3d0035cf57","local_time":"20210202022546","is_ascension_mode":false,"campfire_choices":[{"floor":8.0,"key":"REST"},{"floor":15.0,"key":"REST"},{"floor":23.0,"key":"REST"},{"data":"blackbeard:BoostMorale","floor":25.0,"key":"SMITH"},{"floor":27.0,"key":"REST"},{"floor":32.0,"key":"RECALL"},{"floor":40.0,"key":"REST"},{"floor":45.0,"key":"REST"},{"data":"blackbeard:InfiniteBarrage","floor":52.0,"key":"SMITH"}],"circlet_count":0,"master_deck":["blackbeard:IntimidatingStrike","blackbeard:Cutlass+1","blackbeard:GoldenDefense","blackbeard:BoostMorale+1","blackbeard:PirateStrength","blackbeard:ReapersScythe","blackbeard:DoubleCannonball","blackbeard:Bandana","blackbeard:Scrap","blackbeard:DeadlyArsenal+1","blackbeard:BountyHunter","blackbeard:BlindAttacks","blackbeard:CaptainsHat","blackbeard:HumongousCannonball+1","blackbeard:CatONineTails+1","blackbeard:ArmorUp+1","blackbeard:FieryDefense+1","Violence+1","blackbeard:GoldenDefense+1","blackbeard:Sword+1","blackbeard:GoldenCannonball","blackbeard:CaptainsCabin+1","blackbeard:InfiniteBarrage+1","blackbeard:RearmingStrike","blackbeard:WeaponProficiency","blackbeard:DeadlyArsenal"],"relics":["blackbeard:LoadTheCannons","Blood Vial","blackbeard:Spearhead","blackbeard:TreasureChest","Pandora\u0027s Box","blackbeard:CrossedSwords","Regal Pillow","Dream Catcher","blackbeard:WhitePearl","Astrolabe","CeramicFish","White Beast Statue","Pen Nib","Ancient Tea Set","War Paint","blackbeard:CannonballsOfSteel"],"acts_visited":["Exordium","TheCity","TheBeyond","TheEnding"],"potions_floor_usage":[55,55,55],"damage_taken":[{"damage":10.0,"enemies":"Small Slimes","floor":1.0,"turns":2.0},{"damage":0.0,"enemies":"Cultist","floor":3.0,"turns":2.0},{"damage":1.0,"enemies":"Jaw Worm","floor":4.0,"turns":3.0},{"damage":23.0,"enemies":"Lagavulin","floor":6.0,"turns":7.0},{"damage":13.0,"enemies":"3 Sentries","floor":10.0,"turns":3.0},{"damage":8.0,"enemies":"Lots of Slimes","floor":11.0,"turns":3.0},{"damage":9.0,"enemies":"Red Slaver","floor":12.0,"turns":2.0},{"damage":8.0,"enemies":"3 Louse","floor":13.0,"turns":2.0},{"damage":8.0,"enemies":"Blue Slaver","floor":14.0,"turns":3.0},{"damage":36.0,"enemies":"The Guardian","floor":16.0,"turns":10.0},{"damage":20.0,"enemies":"2 Thieves","floor":18.0,"turns":4.0},{"damage":6.0,"enemies":"Chosen","floor":19.0,"turns":3.0},{"damage":18.0,"enemies":"Shelled Parasite and Fungi","floor":21.0,"turns":3.0},{"damage":24.0,"enemies":"Book of Stabbing","floor":24.0,"turns":4.0},{"damage":8.0,"enemies":"Snecko","floor":30.0,"turns":3.0},{"damage":21.0,"enemies":"Champ","floor":33.0,"turns":5.0},{"damage":16.0,"enemies":"3 Shapes","floor":35.0,"turns":3.0},{"damage":0.0,"enemies":"3 Darklings","floor":36.0,"turns":2.0},{"damage":8.0,"enemies":"Sphere and 2 Shapes","floor":37.0,"turns":5.0},{"damage":20.0,"enemies":"Spire Growth","floor":38.0,"turns":3.0},{"damage":0.0,"enemies":"Jaw Worm Horde","floor":41.0,"turns":2.0},{"damage":33.0,"enemies":"Nemesis","floor":42.0,"turns":4.0},{"damage":2.0,"enemies":"Maw","floor":44.0,"turns":5.0},{"damage":0.0,"enemies":"Sphere and 2 Shapes","floor":46.0,"turns":2.0},{"damage":15.0,"enemies":"Time Eater","floor":50.0,"turns":5.0},{"damage":17.0,"enemies":"Shield and Spear","floor":54.0,"turns":3.0},{"damage":53,"enemies":"The Heart","floor":55,"turns":9}],"seed_played":"2910314066324542650","potions_obtained":[{"floor":4.0,"key":"Fire Potion"},{"floor":6.0,"key":"AttackPotion"},{"floor":10.0,"key":"LiquidMemories"},{"floor":11.0,"key":"GamblersBrew"},{"floor":13.0,"key":"Dexterity Potion"},{"floor":16.0,"key":"AttackPotion"},{"floor":21.0,"key":"AttackPotion"},{"floor":24.0,"key":"blackbeard:RumPotion"},{"floor":33.0,"key":"Explosive Potion"},{"floor":35.0,"key":"Dexterity Potion"},{"floor":37.0,"key":"Energy Potion"},{"floor":44.0,"key":"EntropicBrew"}],"is_trial":false,"path_per_floor":["M","?","M","M","?","E","$","R","T","E","M","M","M","M","R","B",null,"M","M","$","M","?","R","E","R","T","R","?","$","M","?","R","B",null,"M","M","M","M","?","R","M","E","T","M","R","M","$","?","R","B",null,"R","$","E","B"],"character_chosen":"BLACKBEARD_CLASS","items_purchased":["blackbeard:Spearhead","blackbeard:CrossedSwords","blackbeard:BountyHunter","Pen Nib","Ancient Tea Set","War Paint","blackbeard:InfiniteBarrage","blackbeard:RearmingStrike","blackbeard:WeaponProficiency","DuplicationPotion"],"campfire_rested":6,"item_purchase_floors":[7,20,20,47,47,49,49,49,53,53],"current_hp_per_floor":[58,58,58,57,57,34,34,54,54,43,37,30,24,18,38,4,68,48,44,44,28,28,48,26,26,26,61,61,61,55,55,55,36,68,52,54,48,30,30,65,67,35,35,35,68,68,68,68,68,53,68,68,68,51,0,0,0],"gold":351,"neow_bonus":"REMOVE_TWO","is_daily":false,"chose_seed":false,"campfire_upgraded":2,"win_rate":0.0,"timestamp":1612203946,"path_taken":["M","?","?","M","?","E","$","R","T","E","M","M","M","?","R","BOSS","M","M","?","?","?","R","E","R","T","R","?","$","?","?","R","BOSS","M","M","M","M","?","R","M","E","T","M","R","M","$","?","R","BOSS","R","$","E","BOSS"],"items_purchased_type":["Relic","Relic","Card","Relic","Relic","Relic","Card","Card","Card","Potion"],"build_version":"2020-12-22","purchased_purges":2,"victory":false,"max_hp_per_floor":[68,68,68,68,68,68,68,68,68,68,68,68,68,68,68,68,68,68,68,68,68,68,68,68,68,68,68,68,68,68,68,68,68,68,68,68,68,68,68,68,68,68,68,68,68,68,68,68,68,68,68,68,68,68,68,68,68],"relic_stats":{"Blood Vial":35,"Regal Pillow":43,"Dream Catcher":3,"counters":[27,102],"Astrolabe":["blackbeard:HumongousCannonball","blackbeard:CatONineTails","blackbeard:ArmorUp"],"CeramicFish":63,"Pandora\u0027s Box":["blackbeard:PirateStrength","blackbeard:ReapersScythe","blackbeard:DoubleCannonball","blackbeard:Bandana","blackbeard:PowderKeg","blackbeard:Scrap"],"Pen Nib":[3],"War Paint":["Violence","blackbeard:DeadlyArsenal"],"obtain_stats":[{"Regal Pillow":24,"blackbeard:LoadTheCannons":0,"Astrolabe":34,"CeramicFish":42,"blackbeard:CannonballsOfSteel":54,"Pen Nib":47,"blackbeard:WhitePearl":28,"blackbeard:CrossedSwords":20,"War Paint":49,"Ancient Tea Set":47,"White Beast Statue":43,"Blood Vial":6,"blackbeard:TreasureChest":10,"Dream Catcher":26,"blackbeard:Spearhead":7,"Pandora\u0027s Box":17},{"Regal Pillow":14,"blackbeard:LoadTheCannons":0,"Astrolabe":16,"CeramicFish":22,"blackbeard:CannonballsOfSteel":26,"Pen Nib":24,"blackbeard:WhitePearl":14,"blackbeard:CrossedSwords":12,"War Paint":24,"Ancient Tea Set":24,"White Beast Statue":22,"Blood Vial":4,"blackbeard:TreasureChest":5,"Dream Catcher":14,"blackbeard:Spearhead":4,"Pandora\u0027s Box":10},{"Regal Pillow":51,"blackbeard:LoadTheCannons":0,"Astrolabe":59,"CeramicFish":78,"blackbeard:CannonballsOfSteel":93,"Pen Nib":85,"blackbeard:WhitePearl":51,"blackbeard:CrossedSwords":44,"War Paint":85,"Ancient Tea Set":85,"White Beast Statue":78,"Blood Vial":14,"blackbeard:TreasureChest":17,"Dream Catcher":51,"blackbeard:Spearhead":14,"Pandora\u0027s Box":37}]},"card_choices":[{"not_picked":["blackbeard:Shrapnel","blackbeard:PowderKeg","blackbeard:Spear"],"picked":"SKIP","floor":1.0},{"not_picked":["blackbeard:Boarding","blackbeard:GoldenDefense","blackbeard:DoubleBottom"],"picked":"SKIP","floor":3.0},{"not_picked":["blackbeard:GoldenStrike","blackbeard:Anchor"],"picked":"blackbeard:SmithingHammer","floor":4.0},{"not_picked":["blackbeard:Sword","blackbeard:DeadlyArsenal","blackbeard:GoldenStrike"],"picked":"SKIP","floor":6.0},{"not_picked":["blackbeard:Toast","blackbeard:CaptainsCabin","blackbeard:Anchor"],"picked":"SKIP","floor":10.0},{"not_picked":["blackbeard:TacticalRetreat","blackbeard:Spear"],"picked":"blackbeard:GoldenRain","floor":11.0},{"not_picked":["blackbeard:GoldenStrike","blackbeard:Recklessness"],"picked":"blackbeard:RearmingStrike","floor":12.0},{"not_picked":["blackbeard:Revenge","blackbeard:WiseDefense"],"picked":"blackbeard:GoldenDefense","floor":13.0},{"not_picked":["blackbeard:FishingNets","blackbeard:Sword"],"picked":"blackbeard:ReapersScythe","floor":14.0},{"not_picked":["blackbeard:TheDrunkenSailor","blackbeard:Intoxication"],"picked":"blackbeard:BoostMorale","floor":16.0},{"not_picked":["blackbeard:RemoveScurvy","blackbeard:BeatUp+1","blackbeard:TacticalRetreat"],"picked":"SKIP","floor":18.0},{"not_picked":["blackbeard:Upgrade","blackbeard:GoldenDefense"],"picked":"blackbeard:DeadlyArsenal","floor":19.0},{"not_picked":["blackbeard:Sword+1","blackbeard:Eyepatch"],"picked":"blackbeard:BlindAttacks","floor":21.0},{"not_picked":["blackbeard:Toast+1","blackbeard:PiratesWill","blackbeard:FishingNets+1"],"picked":"SKIP","floor":24.0},{"not_picked":["blackbeard:RemoveScurvy","blackbeard:Sword","blackbeard:Sharpening"],"picked":"SKIP","floor":30.0},{"not_picked":["blackbeard:GoldenGuillotine","blackbeard:Lifeboat"],"picked":"blackbeard:CaptainsHat","floor":33.0},{"not_picked":["blackbeard:Shrapnel","blackbeard:Sharpening","blackbeard:Spear"],"picked":"SKIP","floor":35.0},{"not_picked":["blackbeard:Sword","blackbeard:TacticalRetreat+1","blackbeard:HumongousCannonball"],"picked":"SKIP","floor":36.0},{"not_picked":["blackbeard:Spear+1","blackbeard:PiratesWill","blackbeard:DeadlyArsenal"],"picked":"SKIP","floor":37.0},{"not_picked":["blackbeard:RearmingStrike+1","blackbeard:GoldenDefense+1"],"picked":"blackbeard:FieryDefense+1","floor":38.0},{"not_picked":["Deep Breath","Finesse"],"picked":"Violence","floor":39.0},{"not_picked":["blackbeard:Recklessness","blackbeard:InfiniteBarrage"],"picked":"blackbeard:GoldenDefense+1","floor":41.0},{"not_picked":["blackbeard:BlindAttacks","blackbeard:Provisioning"],"picked":"blackbeard:Sword+1","floor":42.0},{"not_picked":["blackbeard:DoubleBottom","blackbeard:RearmingStrike+1"],"picked":"blackbeard:GoldenCannonball","floor":44.0},{"not_picked":["blackbeard:Spear","blackbeard:Revenge"],"picked":"blackbeard:CaptainsCabin+1","floor":45.0},{"not_picked":["blackbeard:FieryDefense+1","blackbeard:ArmorUp+1","blackbeard:Sharpening"],"picked":"SKIP","floor":46.0},{"not_picked":["blackbeard:CaptainsHat","blackbeard:Provisioning"],"picked":"blackbeard:DeadlyArsenal","floor":54.0}],"player_experience":444652,"relics_obtained":[{"floor":6.0,"key":"Blood Vial"},{"floor":10.0,"key":"blackbeard:TreasureChest"},{"floor":24.0,"key":"Regal Pillow"},{"floor":26.0,"key":"Dream Catcher"},{"floor":42.0,"key":"CeramicFish"},{"floor":43.0,"key":"White Beast Statue"},{"floor":54.0,"key":"blackbeard:CannonballsOfSteel"}],"event_choices":[{"damage_healed":0.0,"max_hp_gain":0.0,"max_hp_loss":0.0,"gold_gain":0.0,"event_name":"Upgrade Shrine","player_choice":"Upgraded","floor":2.0,"gold_loss":0.0,"damage_taken":0.0,"cards_upgraded":["blackbeard:Cutlass"]},{"damage_healed":0.0,"max_hp_gain":0.0,"max_hp_loss":0.0,"gold_gain":0.0,"event_name":"NoteForYourself","player_choice":"Ignored","floor":5.0,"gold_loss":0.0,"damage_taken":0.0},{"damage_healed":0.0,"max_hp_gain":0.0,"max_hp_loss":0.0,"gold_gain":99.0,"event_name":"Nest","player_choice":"Stole From Cult","floor":22.0,"gold_loss":0.0,"damage_taken":0.0},{"damage_healed":0.0,"max_hp_gain":0.0,"max_hp_loss":0.0,"gold_gain":0.0,"event_name":"The Mausoleum","player_choice":"Opened","floor":28.0,"gold_loss":0.0,"damage_taken":0.0,"relics_obtained":["blackbeard:WhitePearl"],"cards_obtained":["Writhe"]},{"damage_healed":0.0,"max_hp_gain":0.0,"max_hp_loss":0.0,"gold_gain":0.0,"event_name":"Ghosts","player_choice":"Ignored","floor":31.0,"gold_loss":0.0,"damage_taken":0.0},{"damage_healed":0.0,"max_hp_gain":0.0,"max_hp_loss":0.0,"gold_gain":0.0,"event_name":"SensoryStone","player_choice":"Memory 1","floor":39.0,"gold_loss":0.0,"damage_taken":0.0},{"cards_removed":["blackbeard:GoldenRain"],"damage_healed":0.0,"max_hp_gain":0.0,"max_hp_loss":0.0,"gold_gain":0.0,"event_name":"Purifier","player_choice":"Purged","floor":48.0,"gold_loss":0.0,"damage_taken":0.0}],"is_beta":false,"boss_relics":[{"not_picked":["Empty Cage","blackbeard:Karategi"],"picked":"Pandora\u0027s Box"},{"not_picked":["Snecko Eye","Velvet Choker"],"picked":"Astrolabe"}],"items_purged_floors":[20,29],"is_endless":false,"potions_floor_spawned":[4,6,10,11,13,16,18,21,24,33,35,37,41,44,46,54],"killed_by":"The Heart","ascension_level":0}}