{"host":"r5cycnjhcbwgkpkf","time":1612214313,"event":{"mods":["2.2 Compatiblity","AchievementEnabler","BaseMod","Bestiary","Better Altar","Better Match","Better Note","Better Skull","Better Third Choice","BetterRewards","Colored Map","Colored Powertips","Infinite Spire","Minty Spire (QoL Compilation)","Reliquary","Replay The Spire","Spicy Shops","StSLib"],"gold_per_floor":[119,119,139,53,53,53,9,43,43,43,62,87,105,137,137,209,209,223,143,143,193,193,223,223,223,223,250,9,28,28,28,28],"floor_reached":31,"language":"ENG","playtime":1286,"items_purged":["Strike_R","Defend_R"],"score":874,"play_id":"9652eb15-e2d1-42bc-8a00-737bc55676de","local_time":"20210201131833","is_ascension_mode":true,"campfire_choices":[{"data":"Blood for Blood","floor":6,"key":"SMITH"},{"floor":10,"key":"REST"},{"data":"Inflame","floor":10,"key":"SMITH"},{"floor":15,"key":"REST"},{"data":"Rupture","floor":15,"key":"SMITH"},{"floor":25,"key":"REST"},{"data":"Hemokinesis","floor":25,"key":"SMITH"},{"floor":30,"key":"REST"},{"data":"J.A.X.","floor":30,"key":"SMITH"}],"circlet_count":0,"master_deck":["AscendersBane","Strike_R","Strike_R","Defend_R+1","Defend_R","Bash","Blood for Blood+1","Rupture+1","Pommel Strike+1","ReplayTheSpireMod:Private Reserves","Cleave","Flex","Inflame+1","Replay:Undeath\u0027s Touch","Combust","Hemokinesis+1","Feed","Feed+1","ReplayTheSpireMod:Limb From Limb+1","Dark Embrace+1","Bloodletting","J.A.X.+1"],"relics":["Burning Blood","infinitespire:Magic Flask","reliquary:FeatherDuster","Orichalcum","reliquary:PorcupineQuills","infinitespire:Broken Mirror","White Beast Statue","Art of War","Centennial Puzzle","Astrolabe","reliquary:BallBearing","Quantum Egg","Bottled Lightning","reliquary:FerryPass","infinitespire:EmpoweringShard"],"acts_visited":["Exordium","TheCity"],"potions_floor_usage":[31],"damage_taken":[{"damage":7,"enemies":"Jaw Worm","floor":1,"turns":2},{"damage":0,"enemies":"Cultist","floor":3,"turns":3},{"damage":27,"enemies":"Gremlin Nob","floor":8,"turns":4},{"damage":4,"enemies":"Small Slimes","floor":11,"turns":2},{"damage":16,"enemies":"3 Sentries","floor":12,"turns":6},{"damage":6,"enemies":"Exordium Thugs","floor":13,"turns":4},{"damage":25,"enemies":"Replay:BlueRogue","floor":14,"turns":3},{"damage":5,"enemies":"Slime Boss","floor":16,"turns":4},{"damage":7,"enemies":"Chosen","floor":18,"turns":4},{"damage":43,"enemies":"Book of Stabbing","floor":23,"turns":4},{"damage":30,"enemies":"Gremlin Leader","floor":27,"turns":5},{"damage":20,"enemies":"Shell Parasite","floor":29,"turns":2},{"damage":50,"enemies":"Nightmare","floor":31,"turns":5}],"seed_played":"-7829671571658616848","potions_obtained":[{"floor":8,"key":"HeartOfIron"}],"is_trial":false,"path_per_floor":["M","?","M","$","?","R","$","E","T","R","M","E","M","E","R","B",null,"M","?","?","?","?","E","T","R","T","E","$","M","R","NM"],"character_chosen":"IRONCLAD","items_purchased":["infinitespire:Magic Flask","reliquary:FeatherDuster","Blood for Blood","Rupture","Pommel Strike+1","ReplayTheSpireMod:Private Reserves","Cleave","Orichalcum","reliquary:PorcupineQuills","Inflame","infinitespire:EmpoweringShard"],"campfire_rested":4,"item_purchase_floors":[0,0,0,0,0,0,0,0,4,7,28],"current_hp_per_floor":[35,22,28,28,75,75,75,54,54,75,75,65,65,46,68,69,74,73,73,73,73,73,36,36,58,58,34,34,24,47,0,0],"gold":28,"neow_bonus":"","is_daily":false,"chose_seed":false,"campfire_upgraded":5,"win_rate":0.0,"timestamp":1612214313,"path_taken":["M","?","M","?","?","R","$","E","T","R","?","E","M","E","R","BOSS","M","?","?","?","?","E","?","R","T","E","$","?","R","NM"],"items_purchased_type":["Relic","Relic","Card","Card","Card","Card","Card","Relic","Relic","Card","Relic"],"build_version":"2020-12-22","purchased_purges":2,"victory":false,"max_hp_per_floor":[75,75,75,75,75,75,75,75,75,75,75,75,75,75,75,75,75,75,75,75,75,75,75,75,75,75,75,75,79,79,79,79],"card_choices":[{"not_picked":["Carnage","Body Slam","Wild Strike"],"picked":"SKIP","floor":1},{"not_picked":["Evolve","ReplayTheSpireMod:Corrosion Curse"],"picked":"Flex","floor":3},{"not_picked":["ReplayTheSpireMod:Strike From Hell","Armaments","Flex"],"picked":"SKIP","floor":8},{"not_picked":["infinitespire:OneForAll","Second Wind"],"picked":"Replay:Undeath\u0027s Touch","floor":11},{"not_picked":["Wild Strike","Run Through"],"picked":"Combust","floor":12},{"not_picked":["Armaments","Perfected Strike"],"picked":"Hemokinesis","floor":13},{"not_picked":["Pommel Strike","Cleave","Anger"],"picked":"SKIP","floor":14},{"not_picked":["Hemogenesis","Berserk"],"picked":"Feed","floor":16},{"not_picked":["Carnage","True Grit+1","Dropkick"],"picked":"SKIP","floor":18},{"not_picked":["Carnage","True Grit+1","Dropkick"],"picked":"SKIP","floor":18},{"not_picked":["Run Through","Replay:Undeath\u0027s Touch","Shrug It Off"],"picked":"SKIP","floor":23},{"not_picked":["Shrug It Off","Headbutt","Run Through"],"picked":"SKIP","floor":27},{"not_picked":["ReplayTheSpireMod:Strike From Hell","Pommel Strike+1","Fire Breathing"],"picked":"SKIP","floor":29}],"player_experience":396009,"relics_obtained":[{"floor":8,"key":"infinitespire:Broken Mirror"},{"floor":9,"key":"White Beast Statue"},{"floor":12,"key":"Art of War"},{"floor":14,"key":"Centennial Puzzle"},{"floor":23,"key":"reliquary:BallBearing"},{"floor":24,"key":"Quantum Egg"},{"floor":26,"key":"Bottled Lightning"},{"floor":27,"key":"reliquary:FerryPass"}],"event_choices":[{"damage_healed":0,"gold_gain":0,"player_choice":"UP ","damage_taken":15,"relics_obtained":[],"max_hp_gain":0,"max_hp_loss":0,"event_name":"betterSkull:BetterSkull","floor":2,"gold_loss":0,"cards_upgraded":["Defend_R"]},{"damage_healed":47,"gold_gain":0,"player_choice":"Full Heal","damage_taken":0,"max_hp_gain":0,"max_hp_loss":0,"event_name":"Wheel of Change","floor":5,"gold_loss":0},{"damage_healed":0,"gold_gain":0,"player_choice":"Read","damage_taken":0,"max_hp_gain":0,"max_hp_loss":0,"event_name":"The Library","floor":20,"gold_loss":0,"cards_obtained":["Bloodletting"]},{"damage_healed":0,"gold_gain":50,"player_choice":"Steal","damage_taken":0,"max_hp_gain":0,"max_hp_loss":0,"event_name":"betterThird:BetterNest","floor":21,"gold_loss":0},{"damage_healed":0,"gold_gain":0,"player_choice":"Obtain J.A.X.","damage_taken":0,"max_hp_gain":0,"max_hp_loss":0,"event_name":"Drug Dealer","floor":22,"gold_loss":0,"cards_obtained":["J.A.X."]}],"is_beta":false,"boss_relics":[{"not_picked":["Pandora\u0027s Box","Replay:Drink Me"],"picked":"Astrolabe"}],"items_purged_floors":[0,28],"is_endless":false,"potions_floor_spawned":[8,11,12,13,14,16,18,23,27,29],"killed_by":"Nightmare","ascension_level":20}}