{"host":"a3wpq7kyokchzawk","time":1612178668,"event":{"mods":["BaseMod","Colored Map","Highlight Path","Minty Spire (QoL Compilation)","Permanent Neow","Potion Indicator Mod","Relic Stats","Weighted Paths"],"gold_per_floor":[117,117,130,130,148,177,177,177,177,208,208,237,255,288,288,359,359,378,60,60,75,86,86,116,116,170,204,220,220,220],"floor_reached":29,"language":"ENG","playtime":3019,"items_purged":["Strike_R"],"score":782,"play_id":"acefd1b0-8f74-43e5-9a8c-0b25f28af3cd","local_time":"20210201092428","is_ascension_mode":true,"campfire_choices":[{"data":"Bash","floor":8.0,"key":"SMITH"},{"data":"Pommel Strike","floor":15.0,"key":"SMITH"},{"data":"Armaments","floor":23.0,"key":"SMITH"},{"data":"Limit Break","floor":25,"key":"SMITH"}],"circlet_count":0,"master_deck":["AscendersBane","Strike_R","Strike_R","Strike_R","Defend_R","Defend_R","Defend_R","Defend_R","Bash+1","Immolate","Pommel Strike+1","Twin Strike","Carnage","Sever Soul","Offering","Power Through","Combust+1","Metallicize+1","Reaper","Rupture+1","Limit Break+1","True Grit","Shrug It Off","Armaments+1","Flame Barrier","True Grit+1"],"relics":["Burning Blood","Sundial","Red Skull","Frozen Egg 2","White Beast Statue","Oddly Smooth Stone","Philosopher\u0027s Stone","Orrery","Tiny Chest","Nunchaku","Juzu Bracelet"],"acts_visited":["Exordium","TheCity"],"potions_floor_usage":[24,24,27,28,29],"damage_taken":[{"damage":0.0,"enemies":"2 Louse","floor":1.0,"turns":2.0},{"damage":2.0,"enemies":"Jaw Worm","floor":3.0,"turns":3.0},{"damage":1.0,"enemies":"Cultist","floor":5.0,"turns":3.0},{"damage":8.0,"enemies":"Gremlin Nob","floor":6.0,"turns":3.0},{"damage":20.0,"enemies":"3 Sentries","floor":10.0,"turns":5.0},{"damage":6.0,"enemies":"Lagavulin","floor":12.0,"turns":3.0},{"damage":6.0,"enemies":"Looter","floor":13.0,"turns":2.0},{"damage":8.0,"enemies":"3 Sentries","floor":14.0,"turns":3.0},{"damage":6.0,"enemies":"Slime Boss","floor":16.0,"turns":4.0},{"damage":8.0,"enemies":"Spheric Guardian","floor":18.0,"turns":4.0},{"damage":48.0,"enemies":"3 Byrds","floor":21.0,"turns":4.0},{"damage":1.0,"enemies":"Centurion and Healer","floor":22.0,"turns":5.0},{"damage":27,"enemies":"Gremlin Leader","floor":24,"turns":5},{"damage":44,"enemies":"Slavers","floor":27,"turns":4},{"damage":8,"enemies":"Snecko","floor":28,"turns":7},{"damage":20,"enemies":"Book of Stabbing","floor":29,"turns":4}],"seed_played":"8686012364190023410","potions_obtained":[{"floor":3.0,"key":"LiquidMemories"},{"floor":5.0,"key":"Explosive Potion"},{"floor":10.0,"key":"SteroidPotion"},{"floor":13.0,"key":"Regen Potion"},{"floor":16.0,"key":"Block Potion"},{"floor":18.0,"key":"DistilledChaos"},{"floor":21.0,"key":"BlessingOfTheForge"},{"floor":22.0,"key":"HeartOfIron"},{"floor":24,"key":"Explosive Potion"},{"floor":27,"key":"Weak Potion"},{"floor":28,"key":"Weak Potion"}],"is_trial":false,"path_per_floor":["M","?","M","?","M","E","?","R","T","E","?","E","M","E","R","B",null,"M","$","?","M","M","R","E","R","T","E","M","E"],"character_chosen":"IRONCLAD","items_purchased":["Rupture+1","Orrery"],"campfire_rested":0,"item_purchase_floors":[19,19],"current_hp_per_floor":[56,49,53,53,58,56,56,56,56,42,42,42,42,40,40,40,66,64,64,64,34,49,49,48,48,48,10,20,0,0],"gold":220,"neow_bonus":"THREE_RARE_CARDS","is_daily":false,"chose_seed":false,"campfire_upgraded":4,"win_rate":0.0,"timestamp":1612178668,"path_taken":["M","?","M","?","M","E","?","R","T","E","?","E","M","E","R","BOSS","M","$","?","?","M","R","E","R","T","E","M","E"],"items_purchased_type":["Card","Relic"],"build_version":"2020-12-22","purchased_purges":1,"victory":false,"max_hp_per_floor":[75,75,75,75,75,75,75,75,75,75,75,75,75,75,75,75,75,75,75,75,75,75,75,75,75,75,75,75,75,75],"relic_stats":{"Nunchaku":[1],"counters":[16,61],"Sundial":[4],"Tiny Chest":0,"Juzu Bracelet":0,"obtain_stats":[{"Nunchaku":26,"Sundial":6,"Oddly Smooth Stone":14,"Orrery":19,"Philosopher\u0027s Stone":17,"Tiny Chest":24,"Juzu Bracelet":27,"Frozen Egg 2":10,"Burning Blood":0,"Red Skull":9,"White Beast Statue":12},{"Nunchaku":13,"Sundial":4,"Oddly Smooth Stone":8,"Orrery":10,"Philosopher\u0027s Stone":9,"Tiny Chest":13,"Juzu Bracelet":14,"Frozen Egg 2":5,"Burning Blood":0,"Red Skull":4,"White Beast Statue":6},{"Nunchaku":46,"Sundial":11,"Oddly Smooth Stone":24,"Orrery":32,"Philosopher\u0027s Stone":28,"Tiny Chest":46,"Juzu Bracelet":50,"Frozen Egg 2":16,"Burning Blood":0,"Red Skull":11,"White Beast Statue":19}],"Burning Blood":90},"card_choices":[{"not_picked":["Double Tap","Demon Form"],"picked":"Immolate","floor":0.0},{"not_picked":["Flex","Bloodletting"],"picked":"Pommel Strike","floor":1.0},{"not_picked":["Pummel","Havoc"],"picked":"Twin Strike","floor":3.0},{"not_picked":["Blood for Blood","Wild Strike"],"picked":"Carnage","floor":5.0},{"not_picked":["Bloodletting","Dark Embrace"],"picked":"Sever Soul","floor":6.0},{"not_picked":["Pommel Strike","Sword Boomerang"],"picked":"Offering","floor":10.0},{"not_picked":["Hemokinesis","Rampage"],"picked":"Power Through","floor":12.0},{"not_picked":["Sword Boomerang","Cleave"],"picked":"Combust+1","floor":13.0},{"not_picked":["Pummel","Anger"],"picked":"Metallicize+1","floor":14.0},{"not_picked":["Fiend Fire","Offering"],"picked":"Reaper","floor":16.0},{"not_picked":["Clothesline","Flex","Havoc"],"picked":"SKIP","floor":18.0},{"not_picked":["True Grit","Rampage+1"],"picked":"Limit Break","floor":19.0},{"not_picked":["Wild Strike","Anger"],"picked":"True Grit","floor":19.0},{"not_picked":["Havoc","Carnage"],"picked":"Shrug It Off","floor":19.0},{"not_picked":["Dropkick","Rage"],"picked":"Armaments","floor":19.0},{"not_picked":["Anger","Perfected Strike","Iron Wave"],"picked":"SKIP","floor":21.0},{"not_picked":["Uppercut","Wild Strike"],"picked":"Flame Barrier","floor":22.0},{"not_picked":["Iron Wave","Heavy Blade","Cleave"],"picked":"SKIP","floor":24},{"not_picked":["Clash","Cleave","Fiend Fire"],"picked":"SKIP","floor":27},{"not_picked":["Shrug It Off","Hemokinesis"],"picked":"True Grit+1","floor":28}],"player_experience":2511826,"relics_obtained":[{"floor":6.0,"key":"Sundial"},{"floor":9.0,"key":"Red Skull"},{"floor":10.0,"key":"Frozen Egg 2"},{"floor":12.0,"key":"White Beast Statue"},{"floor":14.0,"key":"Oddly Smooth Stone"},{"floor":24,"key":"Tiny Chest"},{"floor":26,"key":"Nunchaku"},{"floor":27,"key":"Juzu Bracelet"}],"event_choices":[{"cards_removed":["Strike_R"],"damage_healed":0.0,"max_hp_gain":0.0,"max_hp_loss":0.0,"gold_gain":0.0,"event_name":"Golden Wing","player_choice":"Card Removal","floor":2.0,"gold_loss":0.0,"damage_taken":7.0},{"damage_healed":0.0,"max_hp_gain":0.0,"max_hp_loss":0.0,"gold_gain":0.0,"event_name":"Scrap Ooze","player_choice":"Fled","floor":4.0,"gold_loss":0.0,"damage_taken":0.0},{"damage_healed":0.0,"max_hp_gain":0.0,"max_hp_loss":0.0,"gold_gain":0.0,"event_name":"The Cleric","player_choice":"Leave","floor":7.0,"gold_loss":0.0,"damage_taken":0.0},{"damage_healed":0.0,"max_hp_gain":0.0,"max_hp_loss":0.0,"gold_gain":0.0,"event_name":"Dead Adventurer","player_choice":"Searched \u00271\u0027 times","floor":11.0,"gold_loss":0.0,"damage_taken":0.0},{"damage_healed":0.0,"max_hp_gain":0.0,"max_hp_loss":0.0,"gold_gain":0.0,"event_name":"Match and Keep!","player_choice":"0 cards matched","floor":20.0,"gold_loss":0.0,"damage_taken":0.0,"cards_obtained":[]}],"is_beta":false,"boss_relics":[{"not_picked":["Runic Cube","Astrolabe"],"picked":"Philosopher\u0027s Stone"}],"items_purged_floors":[19],"is_endless":false,"potions_floor_spawned":[3,5,10,13,14,16,18,21,22,24,27,28],"killed_by":"Book of Stabbing","ascension_level":20}}