{"host":"97k5lqmr6aaz1p9r","time":1612216183,"event":{"mods":["BaseMod","Colored Map","Downfall","Jorbs\u0027s Wanderer Trilogy","Minty Spire (QoL Compilation)","StSLib","The Cursed"],"gold_per_floor":[99,112,124,141,28,28,28,128,157,170,188,201,228,243,258,353,353,353,372,386,396,281,281,356,390,408,508,408,100,120,136,148,252,252,252,264,283,191,204,254,254,284,308,341,241,241,256,267,280,280],"floor_reached":51,"language":"ENG","playtime":4725,"items_purged":["bronze:Strike","bronze:Strike","bronze:Strike"],"score":847,"play_id":"4fd6ec83-8035-492e-a422-661be481d75e","local_time":"20210201214943","is_ascension_mode":false,"campfire_choices":[{"data":"bronze:Goto","floor":1,"key":"SMITH"},{"data":"bronze:HardenedForm","floor":6,"key":"SMITH"},{"data":"bronze:Format","floor":18,"key":"SMITH"},{"data":"bronze:Verify","floor":23,"key":"SMITH"},{"floor":28,"key":"REST"},{"data":"bronze:HardenedForm","floor":35,"key":"SMITH"},{"data":"bronze:Assembly","floor":45,"key":"SMITH"}],"circlet_count":0,"master_deck":["bronze:Defend+1","bronze:Defend","bronze:Defend","bronze:Replicate+1","bronze:Goto+1","bronze:Boost","bronze:Branch","bronze:Flail","bronze:HardenedForm+1","bronze:Branch+1","bronze:Optimize","bronze:Format+1","bronze:Format+1","bronze:Iterate","bronze:Branch","bronze:ChildClass+1","bronze:Branch","bronze:MaxOutput","bronze:Verify+1","bronze:Turbo","bronze:FineTuning","bronze:Assembly+1","bronze:FineTuning+1","bronze:HardenedForm+1","bronze:Iterate+1","bronze:Fortify+1","bronze:ForceShield+1"],"relics":["bronze:BronzeCore","InkBottle","Shuriken","Ancient Tea Set","Velvet Choker","Eternal Feather","War Paint","White Beast Statue","downfall:HeartBlessingGreen","Vajra","Omamori","SacredBark","Gambling Chip","Incense Burner","Whetstone","bronze:ProtectiveGoggles","Boot","downfall:HeartBlessingBlue"],"acts_visited":["Exordium","TheCity","TheBeyond"],"potions_floor_usage":[12,14,22,25,26,27,29,33,38,39,50,50,50,50],"damage_taken":[{"damage":6,"enemies":"Jaw Worm","floor":2,"turns":3},{"damage":0,"enemies":"Cultist","floor":3,"turns":4},{"damage":0,"enemies":"Small Slimes","floor":4,"turns":3},{"damage":0,"enemies":"downfall:FleeingMerchant","floor":5,"turns":4},{"damage":10,"enemies":"downfall:Heads","floor":8,"turns":3},{"damage":8,"enemies":"Gremlin Nob","floor":9,"turns":4},{"damage":2,"enemies":"Blue Slaver","floor":10,"turns":3},{"damage":0,"enemies":"3 Louse","floor":11,"turns":2},{"damage":0,"enemies":"Large Slime","floor":12,"turns":3},{"damage":1,"enemies":"3 Sentries","floor":13,"turns":3},{"damage":3,"enemies":"Exordium Wildlife","floor":14,"turns":3},{"damage":0,"enemies":"Red Slaver","floor":15,"turns":3},{"damage":0,"enemies":"WA_ARCHETYPE_RETAIN","floor":16,"turns":6},{"damage":0,"enemies":"Shell Parasite","floor":19,"turns":3},{"damage":1,"enemies":"Centurion and Healer","floor":20,"turns":5},{"damage":13,"enemies":"Snake Plant","floor":21,"turns":4},{"damage":15,"enemies":"downfall:FleeingMerchant","floor":22,"turns":4},{"damage":4,"enemies":"Book of Stabbing","floor":25,"turns":5},{"damage":22,"enemies":"3 Cultists","floor":26,"turns":5},{"damage":0,"enemies":"downfall:LadyInBlue","floor":27,"turns":5},{"damage":0,"enemies":"downfall:FleeingMerchant","floor":29,"turns":4},{"damage":0,"enemies":"Centurion and Healer","floor":30,"turns":5},{"damage":0,"enemies":"Cultist and Chosen","floor":31,"turns":5},{"damage":0,"enemies":"Shelled Parasite and Fungi","floor":32,"turns":2},{"damage":23,"enemies":"IC_MUSHROOM_ARCHETYPE","floor":33,"turns":4},{"damage":1,"enemies":"3 Darklings","floor":36,"turns":4},{"damage":4,"enemies":"3 Shapes","floor":37,"turns":4},{"damage":0,"enemies":"downfall:FleeingMerchant","floor":38,"turns":2},{"damage":0,"enemies":"Sphere and 2 Shapes","floor":39,"turns":3},{"damage":0,"enemies":"Sphere and 2 Shapes","floor":40,"turns":5},{"damage":0,"enemies":"Reptomancer","floor":42,"turns":6},{"damage":3,"enemies":"Giant Head","floor":44,"turns":7},{"damage":4,"enemies":"4 Shapes","floor":47,"turns":3},{"damage":0,"enemies":"3 Darklings","floor":48,"turns":3},{"damage":40,"enemies":"Transient","floor":49,"turns":5},{"damage":3,"enemies":"DF_ARCHETYPE_ORBS","floor":50,"turns":6}],"seed_played":"-5470449389648414322","potions_obtained":[{"floor":2,"key":"SpeedPotion"},{"floor":9,"key":"DistilledChaos"},{"floor":10,"key":"bronze:FreeFunctionsPotion"},{"floor":12,"key":"bronze:BurnAndBuffPotion"},{"floor":13,"key":"Guardian:BlockOnCardUsePotion"},{"floor":16,"key":"LiquidMemories"},{"floor":25,"key":"FearPotion"},{"floor":26,"key":"PowerPotion"},{"floor":27,"key":"Regen Potion"},{"floor":27,"key":"EssenceOfSteel"},{"floor":27,"key":"LiquidMemories"},{"floor":29,"key":"BlessingOfTheForge"},{"floor":31,"key":"DistilledChaos"},{"floor":32,"key":"EntropicBrew"},{"floor":33,"key":"PowerPotion"},{"floor":36,"key":"Slimebound:ThreeZeroPotion"},{"floor":37,"key":"Strength Potion"},{"floor":38,"key":"Swift Potion"},{"floor":39,"key":"FairyPotion"},{"floor":40,"key":"SteroidPotion"},{"floor":42,"key":"Ancient Potion"}],"is_trial":false,"path_per_floor":["R","M","M","M","$","R","T","?","E","M","M","M","E","M","M","B",null,"R","M","M","M","$","R","T","E","M","?","R","$","M","M","M","B",null,"R","M","M","$","M","?","T","E","?","E","R","?","M","M","M","B",null],"character_chosen":"THE_AUTOMATON","items_purchased":["bronze:Branch","Vajra","Omamori","Gambling Chip"],"campfire_rested":1,"item_purchase_floors":[5,29,29,38],"current_hp_per_floor":[77,71,71,71,71,71,71,61,53,51,51,51,50,47,47,47,77,77,77,76,63,48,48,48,44,22,22,57,71,71,71,71,48,77,77,76,72,72,72,72,72,72,72,69,87,87,83,83,43,40],"gold":280,"neow_bonus":"TEN_PERCENT_HP_BONUS","is_daily":false,"chose_seed":false,"campfire_upgraded":6,"win_rate":0.0,"timestamp":1612216183,"path_taken":["R","M","M","M","$","R","T","?","E","M","M","M","E","M","M","BOSS","R","M","M","M","$","R","T","E","M","?","R","$","M","?","M","BOSS","R","M","M","$","M","?","T","E","?","E","R","?","M","M","M","BOSS"],"items_purchased_type":["Card","Relic","Relic","Relic"],"build_version":"2020-12-22","purchased_purges":3,"victory":true,"max_hp_per_floor":[77,77,77,77,77,77,77,77,77,77,77,77,77,77,77,77,77,77,77,77,77,77,77,77,77,77,77,77,77,77,77,77,77,77,77,77,77,77,77,77,77,77,77,77,87,87,87,87,87,87],"card_choices":[{"not_picked":["bronze:BitShift","bronze:Frontload"],"picked":"bronze:Boost","floor":2},{"not_picked":["bronze:Safeguard","bronze:DelayedGuard"],"picked":"bronze:Branch","floor":3},{"not_picked":["bronze:Allocate","bronze:Turbo"],"picked":"bronze:Flail","floor":4},{"not_picked":["bronze:Shield","bronze:Turbo"],"picked":"bronze:HardenedForm","floor":5},{"not_picked":["bronze:Shield","bronze:DelayedGuard"],"picked":"bronze:Optimize","floor":8},{"not_picked":["bronze:Shell","bronze:MaxOutput"],"picked":"bronze:Format","floor":9},{"not_picked":["bronze:ChildClass","bronze:Philosophize"],"picked":"bronze:Iterate","floor":10},{"not_picked":["bronze:Overheat","bronze:Return"],"picked":"bronze:Iterate","floor":11},{"not_picked":["bronze:Boost","bronze:CloningBeam"],"picked":"bronze:Branch","floor":12},{"not_picked":["bronze:Allocate","bronze:BugBarrage"],"picked":"bronze:ChildClass","floor":13},{"not_picked":["bronze:Frontload","bronze:DelayedSlice"],"picked":"bronze:Branch","floor":14},{"not_picked":["bronze:MaxOutput","bronze:Overheat","bronze:Safeguard"],"picked":"SKIP","floor":15},{"not_picked":["bronze:Overheat","bronze:Safeguard"],"picked":"bronze:MaxOutput","floor":15},{"not_picked":["bronze:BurnOut","bronze:HardenedForm"],"picked":"bronze:Verify","floor":16},{"not_picked":["bronze:DarkDash","bronze:WildBeam"],"picked":"bronze:Turbo","floor":19},{"not_picked":["bronze:MaxOutput","bronze:ClassDefault","bronze:CutThrough"],"picked":"SKIP","floor":20},{"not_picked":["bronze:Return","bronze:Iterate+1"],"picked":"bronze:FineTuning","floor":21},{"not_picked":["bronze:DarkDash","bronze:DelayedGuard","bronze:BuggyMess+1"],"picked":"SKIP","floor":22},{"not_picked":["bronze:ClassDefault","bronze:WildBeam"],"picked":"bronze:Assembly","floor":25},{"not_picked":["bronze:ClassDefault","bronze:Return+1","bronze:DelayedGuard+1"],"picked":"SKIP","floor":26},{"not_picked":["bronze:CutThrough","bronze:DelayedGuard","bronze:DigitalCarnage"],"picked":"SKIP","floor":29},{"not_picked":["bronze:Safeguard+1","bronze:Turbo","bronze:Shield"],"picked":"SKIP","floor":30},{"not_picked":["bronze:Flail","bronze:WhirlingStrike"],"picked":"bronze:FineTuning+1","floor":31},{"not_picked":["bronze:BuggyMess+1","bronze:Deprecate","bronze:Boost"],"picked":"SKIP","floor":32},{"not_picked":["bronze:Verify","bronze:Break"],"picked":"bronze:HardenedForm","floor":33},{"not_picked":["bronze:ForLoop","bronze:BuggyMess"],"picked":"bronze:Iterate+1","floor":36},{"not_picked":["bronze:Turbo+1","bronze:CutThrough","bronze:OilSpill+1"],"picked":"SKIP","floor":37},{"not_picked":["bronze:Branch","bronze:Boost"],"picked":"bronze:Fortify+1","floor":38},{"not_picked":["bronze:Deprecate+1","bronze:DelayedGuard","bronze:Philosophize"],"picked":"SKIP","floor":39},{"not_picked":["bronze:BitShift","bronze:Deprecate+1","bronze:Boost+1"],"picked":"SKIP","floor":42},{"not_picked":["bronze:Branch+1","bronze:FollowUp","bronze:MaxOutput"],"picked":"SKIP","floor":44},{"not_picked":["bronze:Safeguard","bronze:ChosenStrike+1"],"picked":"bronze:ForceShield+1","floor":47},{"not_picked":["bronze:Break","bronze:Philosophize","bronze:FollowUp"],"picked":"SKIP","floor":48},{"not_picked":["bronze:Branch+1","bronze:Overload","bronze:OilSpill"],"picked":"SKIP","floor":49}],"player_experience":700024,"relics_obtained":[{"floor":7,"key":"InkBottle"},{"floor":9,"key":"Shuriken"},{"floor":13,"key":"Ancient Tea Set"},{"floor":24,"key":"Eternal Feather"},{"floor":25,"key":"War Paint"},{"floor":27,"key":"White Beast Statue"},{"floor":40,"key":"Incense Burner"},{"floor":42,"key":"Whetstone"},{"floor":43,"key":"bronze:ProtectiveGoggles"},{"floor":44,"key":"Boot"}],"event_choices":[{"cards_removed":["bronze:Iterate"],"damage_healed":0,"gold_gain":0,"player_choice":"Removed Attack","damage_taken":0,"max_hp_gain":0,"max_hp_loss":0,"event_name":"Falling","floor":46,"gold_loss":0}],"is_beta":false,"boss_relics":[{"not_picked":["bronze:MakeshiftBattery","bronze:PlatinumCore"],"picked":"Velvet Choker"},{"not_picked":["Snecko Eye","Pandora\u0027s Box"],"picked":"SacredBark"}],"items_purged_floors":[5,22,38],"is_endless":false,"potions_floor_spawned":[2,9,10,12,13,16,19,25,26,29,30,31,32,33,36,37,38,39,40,42,44,47,48,49],"ascension_level":0}}