{"host":"6rz02yiipefhcw4r","time":1612151104,"event":{"mods":["2.2 Compatiblity","Arknights","BaseMod","Better Match","Better Third Choice","Better Vampires","BetterRewards","Block Reminder","Colored Map","Curses Come First","DeckTracker","Googly Eyes","Hubris","Minty Spire (QoL Compilation)","Quick Restart","Rare Cards Sparkle","Reliquary","Replay The Spire","Shade Mod","Spicy Shops","StSLib","The Bladedancer","The Cursed","The Marked","The Necromancer","The Runesmith"],"gold_per_floor":[115,133,173,173,189,224,224,257,257,14,43,43,43,73,73,73,73],"floor_reached":16,"language":"ENG","playtime":671,"items_purged":["Strike_G"],"score":252,"play_id":"9011e080-8877-48a3-be73-dca5fff1f7d5","local_time":"20210201014504","is_ascension_mode":true,"campfire_choices":[{"floor":7,"key":"REST"},{"floor":13,"key":"REST"},{"floor":15,"key":"REST"}],"circlet_count":0,"master_deck":["AscendersBane","Strike_G","Strike_G","Strike_G","Strike_G","Defend_G","Defend_G","Defend_G","Defend_G","Defend_G","Survivor","Neutralize","Predator","ReplayTheSpireMod:Tripwire","Deflect","Flying Knee","hubris:Counter","Backflip","Bullet Time","Footwork"],"relics":["Ring of the Snake","NeowsBlessing","Darkstone Periapt","Ice Cream","TungstenRod","hubris:Potato","reliquary:RadioactivePellet","hubris:TenFootPole","Mummified Hand"],"acts_visited":["Exordium"],"potions_floor_usage":[6,14,14],"damage_taken":[{"damage":0,"enemies":"Jaw Worm","floor":1,"turns":1},{"damage":0,"enemies":"Small Slimes","floor":2,"turns":1},{"damage":0,"enemies":"Cultist","floor":5,"turns":1},{"damage":24,"enemies":"3 Sentries","floor":6,"turns":11},{"damage":12,"enemies":"Lagavulin","floor":8,"turns":8},{"damage":32,"enemies":"Gremlin Nob","floor":11,"turns":5},{"damage":27,"enemies":"3 Sentries","floor":14,"turns":10},{"damage":18,"enemies":"Hexaghost","floor":16,"turns":12}],"seed_played":"731579997572642682","potions_obtained":[{"floor":3,"key":"Elixir"},{"floor":6,"key":"LiquidMemories"},{"floor":8,"key":"Swift Potion"},{"floor":11,"key":"SkillPotion"}],"is_trial":false,"path_per_floor":["M","M","?","?","M","E","R","E","T","$","E","$","R","E","R","B"],"character_chosen":"THE_SILENT","items_purchased":["reliquary:RadioactivePellet"],"campfire_rested":3,"item_purchase_floors":[10],"current_hp_per_floor":[59,59,59,59,59,35,54,42,42,42,10,10,29,2,21,3,3],"gold":73,"neow_bonus":"THREE_ENEMY_KILL","is_daily":false,"chose_seed":false,"campfire_upgraded":0,"win_rate":0.0,"timestamp":1612151104,"path_taken":["M","M","?","?","?","E","R","E","T","?","E","$","R","E","R","BOSS"],"items_purchased_type":["Relic"],"build_version":"2020-12-22","purchased_purges":1,"victory":false,"max_hp_per_floor":[66,66,66,66,66,66,66,66,66,66,66,66,66,66,66,66,66],"card_choices":[{"not_picked":["Slice","Quick Slash"],"picked":"Predator","floor":1},{"not_picked":["Acrobatics","Outmaneuver"],"picked":"ReplayTheSpireMod:Tripwire","floor":2},{"not_picked":["Finisher","Endless Agony"],"picked":"Deflect","floor":3},{"not_picked":["hubris:SlightOfHand","ReplayTheSpireMod:Tripwire"],"picked":"Flying Knee","floor":5},{"not_picked":["Phantasmal Killer","Concentrate"],"picked":"hubris:Counter","floor":6},{"not_picked":["Slice","Sucker Punch"],"picked":"Backflip","floor":8},{"not_picked":["Infinite Blades","Prepared"],"picked":"Bullet Time","floor":11},{"not_picked":["Atom Bomb","Slice"],"picked":"Footwork","floor":14}],"player_experience":784228,"relics_obtained":[{"floor":3,"key":"Darkstone Periapt"},{"floor":6,"key":"Ice Cream"},{"floor":8,"key":"TungstenRod"},{"floor":9,"key":"hubris:Potato"},{"floor":11,"key":"hubris:TenFootPole"},{"floor":14,"key":"Mummified Hand"}],"event_choices":[{"cards_removed":["Pain"],"damage_healed":0,"gold_gain":0,"player_choice":"Card Removal","damage_taken":0,"max_hp_gain":0,"max_hp_loss":0,"event_name":"Wheel of Change","floor":4,"gold_loss":0}],"is_beta":false,"boss_relics":[],"items_purged_floors":[10],"is_endless":false,"potions_floor_spawned":[6,8,11],"killed_by":"Hexaghost","ascension_level":20}}