{"host":"uc8wz0q199a7d901","time":1612194007,"event":{"mods":["2.2 Compatiblity","BaseMod","Colored Map","DeckTracker","Highlight Path","Minty Spire (QoL Compilation)","Permanent Neow","Quick Restart","SuperFastMode"],"gold_per_floor":[114,129,144,159,159,189,264,264,289,319,319,24,24,24,24,124,124,139,139,154,169,169,169,199,199,199,214,229,229,244,274,274,374,374,389,389,51,66,66,66,96,111,111,141,156,66,66,81,81,81],"floor_reached":51,"language":"KOR","playtime":1912,"items_purged":["Strike_B"],"score":904,"play_id":"b7ff3c28-625f-4ebe-87ba-70209c9da5a0","local_time":"20210202004007","daily_mods":["Chimera","ControlledChaos","Night Terrors"],"is_ascension_mode":false,"campfire_choices":[{"floor":8.0,"key":"DIG"},{"floor":11.0,"key":"DIG"},{"floor":13.0,"key":"DIG"},{"data":"1","floor":15.0,"key":"LIFT"},{"floor":23.0,"key":"DIG"},{"floor":25.0,"key":"DIG"},{"data":"2","floor":32,"key":"LIFT"},{"floor":40,"key":"DIG"},{"floor":47,"key":"DIG"},{"floor":49,"key":"REST"}],"circlet_count":0,"master_deck":["Bash","Survivor","Zap+1","Eruption","Strike_G","Defend_R","Defend_P","Havoc","Spot Weakness","Warcry+1","Ghostly Armor+1","Berserk","Sword Boomerang+1","Dark Embrace+1","Offering","Burning Pact","Flame Barrier+1","Injury","Havoc+1","True Grit+1","Seeing Red+1","Immolate+1","Shrug It Off+1","Offering","Sever Soul+1","Havoc+1","Limit Break","Armaments+1","Battle Trance"],"relics":["Burning Blood","Frozen Eye","Shovel","Girya","Molten Egg 2","Orichalcum","Happy Flower","Lizard Tail","Akabeko","PreservedInsect","Cursed Key","Spirit Poop","Oddly Smooth Stone","Gambling Chip","Anchor","Unceasing Top","Letter Opener","Fusion Hammer","Calipers","Omamori","War Paint","Mercury Hourglass","InkBottle","Champion Belt"],"acts_visited":["Exordium","TheCity","TheBeyond"],"potions_floor_usage":[33,50,50,50],"damage_taken":[{"damage":2.0,"enemies":"Jaw Worm","floor":1.0,"turns":3.0},{"damage":0.0,"enemies":"Small Slimes","floor":2.0,"turns":3.0},{"damage":4.0,"enemies":"Cultist","floor":3.0,"turns":3.0},{"damage":18.0,"enemies":"Looter","floor":4.0,"turns":3.0},{"damage":9.0,"enemies":"3 Sentries","floor":6.0,"turns":6.0},{"damage":14.0,"enemies":"Lagavulin","floor":10.0,"turns":8.0},{"damage":0.0,"enemies":"Slime Boss","floor":16.0,"turns":4.0},{"damage":6.0,"enemies":"Chosen","floor":18.0,"turns":3.0},{"damage":16.0,"enemies":"3 Byrds","floor":20.0,"turns":5.0},{"damage":9.0,"enemies":"Snecko","floor":21.0,"turns":2.0},{"damage":10.0,"enemies":"Book of Stabbing","floor":24.0,"turns":2.0},{"damage":21.0,"enemies":"Snake Plant","floor":27.0,"turns":4.0},{"damage":21.0,"enemies":"3 Cultists","floor":28.0,"turns":3.0},{"damage":24,"enemies":"Centurion and Healer","floor":30,"turns":4},{"damage":6,"enemies":"Gremlin Leader","floor":31,"turns":2},{"damage":37,"enemies":"Collector","floor":33,"turns":7},{"damage":6,"enemies":"Orb Walker","floor":35,"turns":2},{"damage":16,"enemies":"3 Shapes","floor":38,"turns":2},{"damage":12,"enemies":"Giant Head","floor":41,"turns":3},{"damage":12,"enemies":"3 Darklings","floor":42,"turns":1},{"damage":6,"enemies":"Reptomancer","floor":44,"turns":2},{"damage":14,"enemies":"Transient","floor":45,"turns":5},{"damage":12,"enemies":"Writhing Mass","floor":48,"turns":2},{"damage":24,"enemies":"Donu and Deca","floor":50,"turns":3}],"seed_played":"-6699970657251824518","potions_obtained":[{"floor":1.0,"key":"Fire Potion"},{"floor":2.0,"key":"HeartOfIron"},{"floor":6.0,"key":"DistilledChaos"},{"floor":21.0,"key":"FearPotion"},{"floor":24.0,"key":"FearPotion"},{"floor":27.0,"key":"AttackPotion"},{"floor":38,"key":"HeartOfIron"},{"floor":44,"key":"CultistPotion"},{"floor":48,"key":"Dexterity Potion"}],"is_trial":false,"path_per_floor":["M","M","M","M","?","E","?","R","T","E","R","$","R","?","R","B",null,"M","?","M","M","?","R","E","R","T","M","M","?","M","E","R","B",null,"M","?","$","M","$","R","E","M","T","E","M","?","R","M","R","B",null],"character_chosen":"IRONCLAD","items_purchased":["Akabeko","Dark Embrace","Calipers","Sever Soul+1"],"campfire_rested":1,"item_purchase_floors":[12,12,37,37],"current_hp_per_floor":[80,80,80,68,68,65,54,54,54,46,46,46,46,30,30,36,80,80,80,70,67,67,67,63,63,63,48,33,59,41,41,41,10,80,80,80,80,70,70,70,64,58,58,58,50,50,50,44,75,57],"gold":81,"neow_bonus":"","is_daily":true,"chose_seed":false,"campfire_upgraded":0,"win_rate":0.0,"timestamp":1612194007,"path_taken":["M","M","M","M","?","E","?","R","T","E","R","$","R","?","R","BOSS","M","?","?","M","?","R","E","R","T","M","M","?","M","E","R","BOSS","M","?","$","M","?","R","E","M","T","E","M","?","R","?","R","BOSS"],"items_purchased_type":["Relic","Card","Relic","Card"],"build_version":"2020-12-22","purchased_purges":1,"victory":true,"max_hp_per_floor":[80,80,80,80,80,80,80,80,80,80,80,80,80,80,80,80,80,80,80,80,80,80,80,80,80,80,80,80,80,80,80,80,80,80,80,80,80,80,80,80,80,80,80,80,80,80,80,80,75,75],"card_choices":[{"not_picked":["Searing Blow","Intimidate"],"picked":"Havoc","floor":1.0},{"not_picked":["Flex","Clothesline"],"picked":"Spot Weakness","floor":2.0},{"not_picked":["Heavy Blade","Havoc"],"picked":"Warcry","floor":3.0},{"not_picked":["True Grit","Havoc"],"picked":"Ghostly Armor","floor":4.0},{"not_picked":["Warcry","Flex"],"picked":"Berserk","floor":6.0},{"not_picked":["Wild Strike+1","Reckless Charge+1"],"picked":"Sword Boomerang+1","floor":10.0},{"not_picked":["Berserk","Reaper+1"],"picked":"Offering","floor":16.0},{"not_picked":["Cleave+1","Blood for Blood+1","Thunderclap+1"],"picked":"SKIP","floor":18.0},{"not_picked":["Uppercut+1","Body Slam+1"],"picked":"Burning Pact","floor":20.0},{"not_picked":["Perfected Strike+1","True Grit","Clash+1"],"picked":"SKIP","floor":21.0},{"not_picked":["Pommel Strike+1","True Grit"],"picked":"Flame Barrier+1","floor":24.0},{"not_picked":["Body Slam+1","Burning Pact","Brutality"],"picked":"SKIP","floor":27.0},{"not_picked":["True Grit","Wild Strike+1"],"picked":"Havoc+1","floor":28.0},{"not_picked":["Armaments","Body Slam+1"],"picked":"True Grit+1","floor":30},{"not_picked":["Sword Boomerang+1","Armaments"],"picked":"Seeing Red","floor":31},{"not_picked":["Demon Form","Double Tap"],"picked":"Immolate+1","floor":33},{"not_picked":["Twin Strike+1","Havoc"],"picked":"Shrug It Off+1","floor":35},{"not_picked":["Pommel Strike+1","Clothesline+1"],"picked":"Havoc+1","floor":38},{"not_picked":["Carnage+1","Warcry+1"],"picked":"Limit Break","floor":41},{"not_picked":["Wild Strike+1","Carnage+1","Sentinel"],"picked":"SKIP","floor":42},{"not_picked":["Wild Strike+1","Sentinel","Uppercut+1"],"picked":"SKIP","floor":44},{"not_picked":["Iron Wave+1","Ghostly Armor"],"picked":"Armaments+1","floor":45},{"not_picked":["Anger+1","Clothesline+1"],"picked":"Battle Trance","floor":48}],"player_experience":707001,"relics_obtained":[{"floor":6.0,"key":"Girya"},{"floor":8.0,"key":"Molten Egg 2"},{"floor":9.0,"key":"Orichalcum"},{"floor":10.0,"key":"Happy Flower"},{"floor":11.0,"key":"Lizard Tail"},{"floor":13.0,"key":"PreservedInsect"},{"floor":23.0,"key":"Oddly Smooth Stone"},{"floor":24.0,"key":"Gambling Chip"},{"floor":25.0,"key":"Anchor"},{"floor":26.0,"key":"Unceasing Top"},{"floor":31,"key":"Letter Opener"},{"floor":40,"key":"Omamori"},{"floor":41,"key":"War Paint"},{"floor":43,"key":"Mercury Hourglass"},{"floor":44,"key":"InkBottle"},{"floor":47,"key":"Champion Belt"}],"event_choices":[{"damage_healed":0.0,"max_hp_gain":0.0,"max_hp_loss":0.0,"gold_gain":0.0,"event_name":"Big Fish","player_choice":"Box","floor":5.0,"gold_loss":0.0,"damage_taken":0.0,"relics_obtained":["Shovel"],"cards_obtained":["Regret"]},{"damage_healed":0.0,"max_hp_gain":0.0,"max_hp_loss":0.0,"gold_gain":75.0,"event_name":"World of Goop","player_choice":"Gather Gold","floor":7.0,"gold_loss":0.0,"damage_taken":11.0},{"damage_healed":0.0,"max_hp_gain":0.0,"max_hp_loss":0.0,"gold_gain":0.0,"event_name":"Shining Light","player_choice":"Entered Light","floor":14.0,"gold_loss":0.0,"damage_taken":16.0,"cards_upgraded":["Ghostly Armor","Warcry"]},{"cards_removed":["Regret"],"damage_healed":0.0,"max_hp_gain":0.0,"max_hp_loss":0.0,"gold_gain":0.0,"event_name":"Bonfire Elementals","player_choice":"Offered Curse","floor":19.0,"gold_loss":0.0,"damage_taken":0.0,"relics_obtained":["Spirit Poop"]},{"cards_removed":["Defend_G"],"damage_healed":0.0,"max_hp_gain":0.0,"max_hp_loss":0.0,"gold_gain":0.0,"event_name":"Back to Basics","player_choice":"Elegance","floor":22.0,"gold_loss":0.0,"damage_taken":0.0},{"damage_healed":26,"gold_gain":0,"player_choice":"Heal","damage_taken":0,"max_hp_gain":0,"max_hp_loss":0,"event_name":"The Library","floor":29,"gold_loss":0},{"damage_healed":0,"gold_gain":0,"player_choice":"Copied","damage_taken":0,"max_hp_gain":0,"max_hp_loss":0,"event_name":"Duplicator","floor":36,"gold_loss":0,"cards_obtained":["Offering"]},{"cards_removed":["Strike_R"],"damage_healed":0,"gold_gain":0,"player_choice":"Upgrade and Remove","damage_taken":0,"max_hp_gain":0,"max_hp_loss":0,"event_name":"Designer","floor":46,"gold_loss":90,"cards_upgraded":["Dark Embrace"]}],"is_beta":false,"boss_relics":[{"not_picked":["Snecko Eye","Runic Cube"],"picked":"Cursed Key"},{"not_picked":["Velvet Choker","Calling Bell"],"picked":"Fusion Hammer"}],"items_purged_floors":[12],"is_endless":false,"potions_floor_spawned":[1,2,6,21,24,27,38,44,48],"ascension_level":0}}