{"host":"qgvpd00zvzorrg7j","time":1612144148,"event":{"mods":["BaseMod","Colored Map","Downfall","Minty Spire (QoL Compilation)","Quick Restart","StSLib"],"gold_per_floor":[99,109,126,36,36,36,36,21,76,93,93,111,129,229,243,347,347,347,360,373,108,126,76,128,128,213,213,223,223,240,257,274,274,274,274],"floor_reached":33,"language":"ENG","playtime":2589,"items_purged":["Slimebound:Defend_Slimebound","Slimebound:FlameTackle"],"score":316,"play_id":"3e2d4a5e-951a-4507-9826-3dfd1082b959","local_time":"20210131204908","is_ascension_mode":false,"campfire_choices":[{"data":"Slimebound:CorrosiveSpit","floor":1.0,"key":"SMITH"},{"data":"Slimebound:Split","floor":6.0,"key":"SMITH"},{"data":"Slimebound:RainOfGoop","floor":18.0,"key":"SMITH"},{"data":"Slimebound:GoopSpray","floor":29,"key":"SMITH"}],"circlet_count":0,"master_deck":["Slimebound:Strike_Slimebound","Slimebound:Defend_Slimebound","Slimebound:Defend_Slimebound","Slimebound:Split+1","Slimebound:CorrosiveSpit+1","Slimebound:SlimeTap+1","Slimebound:ComboTackle","Slimebound:GoopSpray+1","Slimebound:SplitAcid","Slimebound:MassFeed","Slimebound:ViciousTackle","Slimebound:RainOfGoop+1","Slimebound:Repurpose","Slimebound:RallyTheTroops","Slimebound:Grow+1","Slimebound:Grow+1","Slimebound:Grow+1","Slimebound:MegaLick"],"relics":["Slimebound:AbsorbEndCombat","Orichalcum","Slimebound:TarBlob","DollysMirror","Bag of Marbles","White Beast Statue"],"acts_visited":["Exordium","TheCity"],"potions_floor_usage":[],"damage_taken":[{"damage":0.0,"enemies":"Cultist","floor":2.0,"turns":4.0},{"damage":2.0,"enemies":"Small Slimes","floor":3.0,"turns":3.0},{"damage":0.0,"enemies":"downfall:FleeingMerchant","floor":4.0,"turns":4.0},{"damage":15.0,"enemies":"downfall:FleeingMerchant","floor":8.0,"turns":4.0},{"damage":4.0,"enemies":"2 Louse","floor":10.0,"turns":3.0},{"damage":7.0,"enemies":"Red Slaver","floor":12.0,"turns":3.0},{"damage":3.0,"enemies":"2 Fungi Beasts","floor":13.0,"turns":2.0},{"damage":24.0,"enemies":"downfall:Heads","floor":14.0,"turns":6.0},{"damage":5.0,"enemies":"Exordium Thugs","floor":15.0,"turns":2.0},{"damage":19.0,"enemies":"SI_SHIV_ARCHETYPE","floor":16.0,"turns":5.0},{"damage":7.0,"enemies":"Shell Parasite","floor":19.0,"turns":3.0},{"damage":9,"enemies":"Chosen","floor":20,"turns":4},{"damage":20,"enemies":"downfall:FleeingMerchant","floor":21,"turns":4},{"damage":23,"enemies":"Snecko","floor":22,"turns":5},{"damage":33,"enemies":"Snake Plant","floor":28,"turns":4},{"damage":20,"enemies":"Shelled Parasite and Fungi","floor":30,"turns":4},{"damage":23,"enemies":"Snecko","floor":31,"turns":6},{"damage":13,"enemies":"Chosen and Byrds","floor":32,"turns":5},{"damage":6,"enemies":"DF_ARCHETYPE_CLAW","floor":33,"turns":1}],"seed_played":"-579562115119266532","potions_obtained":[{"floor":3.0,"key":"PowerPotion"},{"floor":10.0,"key":"GamblersBrew"},{"floor":13.0,"key":"Guardian:BlockOnCardUsePotion"},{"floor":28,"key":"BlessingOfTheForge"}],"is_trial":false,"path_per_floor":["R","M","M","$","?","R","T","$","T","M","?","M","M","?","M","B",null,"R","M","M","$","M","?","T","?","?","T","M","R","M","M","M","B"],"character_chosen":"SLIMEBOUND","items_purchased":["DollysMirror"],"campfire_rested":0,"item_purchase_floors":[21],"current_hp_per_floor":[71,71,69,71,71,71,71,60,60,60,60,57,59,43,47,32,77,77,73,75,61,44,75,75,75,63,63,35,35,24,12,6,0,0,0],"gold":274,"neow_bonus":"TEN_PERCENT_HP_BONUS","is_daily":false,"chose_seed":false,"campfire_upgraded":4,"win_rate":0.0,"timestamp":1612144148,"path_taken":["R","M","?","$","?","R","T","$","?","M","?","?","M","?","M","BOSS","R","M","M","$","M","?","T","?","?","?","?","R","M","M","M","BOSS"],"items_purchased_type":["Relic"],"build_version":"2020-12-22","purchased_purges":2,"victory":false,"max_hp_per_floor":[71,71,71,71,71,71,71,71,71,71,71,71,74,74,77,77,77,77,80,83,83,83,83,83,83,83,83,86,86,89,92,95,95,95,95],"card_choices":[{"not_picked":["Slimebound:LeechingTouch","Slimebound:SplitMire","Slimebound:SlimeSpikes"],"picked":"SKIP","floor":2.0},{"not_picked":["Slimebound:ForwardTackle","Slimebound:SplitBruiser"],"picked":"Slimebound:SlimeTap","floor":3.0},{"not_picked":["Slimebound:Replication","Slimebound:Prepare"],"picked":"Slimebound:ComboTackle","floor":4.0},{"not_picked":["Slimebound:Chomp","Slimebound:Gluttony"],"picked":"Slimebound:GoopSpray","floor":8.0},{"not_picked":["Slimebound:SlimeSpikes","Slimebound:Schlurp"],"picked":"Slimebound:SplitAcid","floor":10.0},{"not_picked":["Slimebound:FinishingTackle","Slimebound:AcidTongue"],"picked":"Slimebound:MassFeed","floor":12.0},{"not_picked":["Slimebound:SlimeBrawl","Slimebound:SlimeSpikes"],"picked":"Slimebound:FlameTackle","floor":13.0},{"not_picked":["Slimebound:SlimeTap","Slimebound:BestDefense"],"picked":"Slimebound:RainOfGoop","floor":14.0},{"not_picked":["Slimebound:PressTheAttack","Slimebound:DisruptingSlam"],"picked":"Slimebound:Repurpose","floor":15.0},{"not_picked":["Slimebound:MassRepurpose","Slimebound:Overexert"],"picked":"Slimebound:RallyTheTroops","floor":16.0},{"not_picked":["Slimebound:SlimeTap+1","Slimebound:AcidTongue+1"],"picked":"Slimebound:Grow+1","floor":19.0},{"not_picked":["Slimebound:AcidTongue","Slimebound:GoopTackle"],"picked":"Slimebound:Grow+1","floor":20},{"not_picked":["Slimebound:SplitLeeching","Slimebound:BestDefense+1","Slimebound:ComboTackle"],"picked":"SKIP","floor":21},{"not_picked":["Slimebound:SlimeTap","Slimebound:SplitAcid"],"picked":"Slimebound:MegaLick","floor":22},{"not_picked":["Slimebound:LeechingTouch","Slimebound:Equalize","Slimebound:SplitLeeching"],"picked":"SKIP","floor":28},{"not_picked":["Slimebound:Gluttony","Slimebound:Chomp","Slimebound:SplitBruiser"],"picked":"SKIP","floor":30},{"not_picked":["Slimebound:PressTheAttack","Slimebound:SpikyOuterGoop","Slimebound:GoopSpray+1"],"picked":"SKIP","floor":31},{"not_picked":["Slimebound:SplitLeeching","Slimebound:Equalize","Slimebound:ItLooksTasty"],"picked":"SKIP","floor":32}],"player_experience":587371,"relics_obtained":[{"floor":9.0,"key":"Orichalcum"},{"floor":24,"key":"Bag of Marbles"},{"floor":27,"key":"White Beast Statue"}],"event_choices":[{"damage_healed":0.0,"max_hp_gain":0.0,"max_hp_loss":0.0,"gold_gain":0.0,"event_name":"NoteForYourself","player_choice":"Ignored","floor":11.0,"gold_loss":0.0,"damage_taken":0.0}],"is_beta":false,"boss_relics":[{"not_picked":["Slimebound:AbsorbEndCombatUpgraded","Velvet Choker"],"picked":"Slimebound:TarBlob"}],"items_purged_floors":[4,21],"is_endless":false,"potions_floor_spawned":[3,10,13,28,30,31,32],"killed_by":"DF_ARCHETYPE_CLAW","ascension_level":0}}