{"host":"fa19f27vz2zfochh","time":1612210786,"event":{"mods":["Act Like it!","Aspiration","BaseMod","Better Third Choice","Conspire","Downfall","Energized Spire","Halation","Hallownest","Hubris","Infinite Spire","Ironclad Rager","Minty Spire (QoL Compilation)","Relic Stats","Replay The Spire","StSLib","The Bug Knight"],"gold_per_floor":[99,113,125,135,39,39,39,39,51,51,65,65,76,90,101,101,101,101],"floor_reached":16,"language":"ENG","playtime":973,"items_purged":[],"score":96,"play_id":"958e7896-a768-4f69-86c1-9c36f63c41a1","local_time":"20210201211946","is_ascension_mode":false,"campfire_choices":[{"data":"champ:Taunt","floor":1,"key":"SMITH"},{"data":"champ:ShieldWall","floor":6,"key":"SMITH"}],"circlet_count":0,"master_deck":["champ:Strike","champ:Strike","champ:Strike","champ:Strike","champ:Defend","champ:Defend","champ:Defend","champ:Defend","champ:Execute","champ:Taunt+1","champ:StanceDance","champ:DeathBlow","champ:Haymaker","champ:Endure","champ:ShieldWall+1","champ:TornadoPunch","champ:RapidStrikes","champ:Circumvent","champ:CalledShot"],"relics":["champ:ChampionCrown","halation:TwoAmDonut","halation:Trompette","Incense Burner"],"acts_visited":["Exordium"],"potions_floor_usage":[],"damage_taken":[{"damage":20,"enemies":"Cultist","floor":2,"turns":3},{"damage":14,"enemies":"2 Louse","floor":3,"turns":3},{"damage":32,"enemies":"Jaw Worm","floor":4,"turns":3},{"damage":35,"enemies":"downfall:FleeingMerchant","floor":5,"turns":4},{"damage":15,"enemies":"Large Slime","floor":9,"turns":6},{"damage":50,"enemies":"Exordium Thugs","floor":11,"turns":5},{"damage":20,"enemies":"Exordium Wildlife","floor":13,"turns":4},{"damage":10,"enemies":"2 Fungi Beasts","floor":14,"turns":3},{"damage":27,"enemies":"Red Slaver","floor":15,"turns":4},{"damage":57,"enemies":"WA_ARCHETYPE_RETAIN","floor":16,"turns":9}],"seed_played":"-3906114021654989634","potions_obtained":[{"floor":9,"key":"Adrenaline Potion"},{"floor":13,"key":"Adrenaline Potion"},{"floor":14,"key":"Weak Potion"}],"is_trial":false,"path_per_floor":["R","M","M","M","$","R","T","?","M","T","M","?","M","M","M","B"],"character_chosen":"THE_CHAMP","items_purchased":["champ:ShieldWall"],"campfire_rested":0,"item_purchase_floors":[5],"current_hp_per_floor":[99,99,95,93,88,88,88,88,83,83,63,58,58,53,46,0,0,0],"gold":101,"neow_bonus":"TEN_PERCENT_HP_BONUS","is_daily":false,"chose_seed":false,"campfire_upgraded":2,"win_rate":0.0,"timestamp":1612210786,"path_taken":["R","M","?","M","$","R","T","?","M","?","M","?","?","M","M","BOSS"],"items_purchased_type":["Card"],"build_version":"2020-12-22","purchased_purges":0,"victory":false,"max_hp_per_floor":[99,99,99,99,99,99,99,99,99,99,99,99,99,99,99,99,99,99],"relic_stats":{"counters":[10,44],"obtain_stats":[{"champ:ChampionCrown":0,"Incense Burner":10,"halation:TwoAmDonut":7,"halation:Trompette":8},{"champ:ChampionCrown":0,"Incense Burner":5,"halation:TwoAmDonut":4,"halation:Trompette":4},{"champ:ChampionCrown":0,"Incense Burner":19,"halation:TwoAmDonut":13,"halation:Trompette":13}]},"card_choices":[{"not_picked":["champ:CrookedStrike","champ:PreemptiveStrike"],"picked":"champ:StanceDance","floor":2},{"not_picked":["champ:Duel","champ:Lariat"],"picked":"champ:DeathBlow","floor":3},{"not_picked":["champ:StanceDance","champ:PreemptiveStrike"],"picked":"champ:Haymaker","floor":4},{"not_picked":["champ:Lariat","champ:Backstep"],"picked":"champ:Endure","floor":5},{"not_picked":["champ:CrownThrow","champ:HeartStrike"],"picked":"champ:TornadoPunch","floor":9},{"not_picked":["champ:EnragedBash","champ:TornadoPunch","champ:BladeFlurry"],"picked":"SKIP","floor":11},{"not_picked":["champ:FanOfKnives","champ:BerserkersShout"],"picked":"champ:RapidStrikes","floor":13},{"not_picked":["champ:CrownThrow","champ:FancyFootwork","champ:Circumvent"],"picked":"SKIP","floor":14},{"not_picked":["champ:CrownThrow","champ:FancyFootwork"],"picked":"champ:Circumvent","floor":14},{"not_picked":["champ:RisingSlash","champ:Duel"],"picked":"champ:CalledShot","floor":15}],"player_experience":404504,"relics_obtained":[{"floor":7,"key":"halation:TwoAmDonut"},{"floor":8,"key":"halation:Trompette"},{"floor":10,"key":"Incense Burner"}],"event_choices":[],"is_beta":false,"boss_relics":[],"items_purged_floors":[],"is_endless":false,"potions_floor_spawned":[9,13,14,15],"killed_by":"WA_ARCHETYPE_RETAIN","ascension_level":0}}