{"host":"d52brwsy6af8zvaq","time":1612146517,"event":{"mods":["AchievementEnabler","BaseMod","Bestiary","Highlight Path","Minty Spire (QoL Compilation)","Quick Restart","Relic Stats","ojb\u0027s Better Paths Mod"],"gold_per_floor":[112,8,8,22,39,74,74,92,92,72,100,113,126,156,156,156,156],"floor_reached":16,"language":"ENG","playtime":527,"items_purged":[],"score":244,"play_id":"3421392e-ac38-4994-af1a-212f8c30947f","local_time":"20210131192837","is_ascension_mode":true,"campfire_choices":[{"data":"Noxious Fumes","floor":7.0,"key":"SMITH"},{"data":"Underhanded Strike","floor":15.0,"key":"SMITH"}],"circlet_count":0,"master_deck":["AscendersBane","Strike_G","Strike_G","Strike_G","Strike_G","Strike_G","Defend_G","Defend_G","Defend_G","Defend_G","Defend_G","Survivor","Neutralize","Dagger Throw","Noxious Fumes+1","Underhanded Strike+1","All Out Attack","Blade Dance","Dagger Spray","Bane","Finisher","Prepared"],"relics":["Ring of the Snake","Ninja Scroll","White Beast Statue","Meat on the Bone","Blue Candle","Omamori"],"acts_visited":["Exordium"],"potions_floor_usage":[16],"damage_taken":[{"damage":6.0,"enemies":"Cultist","floor":1.0,"turns":5.0},{"damage":0.0,"enemies":"Jaw Worm","floor":4.0,"turns":3.0},{"damage":1.0,"enemies":"2 Louse","floor":5.0,"turns":2.0},{"damage":27.0,"enemies":"Gremlin Nob","floor":6.0,"turns":4.0},{"damage":0.0,"enemies":"2 Fungi Beasts","floor":8.0,"turns":1.0},{"damage":10.0,"enemies":"Lagavulin","floor":11.0,"turns":4.0},{"damage":0.0,"enemies":"Lots of Slimes","floor":12.0,"turns":1.0},{"damage":0.0,"enemies":"Exordium Wildlife","floor":13.0,"turns":1.0},{"damage":6.0,"enemies":"Gremlin Nob","floor":14.0,"turns":3.0},{"damage":39,"enemies":"Hexaghost","floor":16,"turns":8}],"seed_played":"-3659431044649469434","potions_obtained":[{"floor":1.0,"key":"BlessingOfTheForge"},{"floor":6.0,"key":"ColorlessPotion"},{"floor":8.0,"key":"Fire Potion"},{"floor":10.0,"key":"CunningPotion"},{"floor":11.0,"key":"SpeedPotion"},{"floor":12.0,"key":"Explosive Potion"},{"floor":13.0,"key":"PowerPotion"}],"is_trial":false,"path_per_floor":["M","$","?","M","M","E","R","M","T","?","E","M","M","E","R","B"],"character_chosen":"THE_SILENT","items_purchased":["Noxious Fumes","Underhanded Strike"],"campfire_rested":0,"item_purchase_floors":[2,2],"current_hp_per_floor":[59,59,59,59,58,31,31,31,31,31,33,45,45,39,39,0,0],"gold":156,"neow_bonus":"TEN_PERCENT_HP_BONUS","is_daily":false,"chose_seed":false,"campfire_upgraded":2,"win_rate":0.0,"timestamp":1612146517,"path_taken":["M","?","?","M","M","E","R","?","T","?","E","M","M","E","R","BOSS"],"items_purchased_type":["Card","Card"],"build_version":"2020-12-22","purchased_purges":0,"victory":false,"max_hp_per_floor":[72,72,72,72,72,72,72,72,72,72,72,72,72,72,72,72,72],"relic_stats":{"counters":[10,32],"Blue Candle":[0],"obtain_stats":[{"Ninja Scroll":3,"Blue Candle":11,"Omamori":14,"White Beast Statue":6,"Ring of the Snake":0,"Meat on the Bone":9},{"Ninja Scroll":1,"Blue Candle":6,"Omamori":9,"White Beast Statue":4,"Ring of the Snake":0,"Meat on the Bone":5},{"Ninja Scroll":5,"Blue Candle":19,"Omamori":24,"White Beast Statue":14,"Ring of the Snake":0,"Meat on the Bone":15}],"Ring of the Snake":[20],"Meat on the Bone":24},"card_choices":[{"not_picked":["Well Laid Plans","Eviscerate"],"picked":"Dagger Throw","floor":1.0},{"not_picked":["Underhanded Strike","Flying Knee"],"picked":"All Out Attack","floor":4.0},{"not_picked":["Dagger Throw","Setup"],"picked":"Blade Dance","floor":5.0},{"not_picked":["Reflex","Underhanded Strike"],"picked":"Dagger Spray","floor":6.0},{"not_picked":["Poisoned Stab","Infinite Blades","Quick Slash"],"picked":"SKIP","floor":8.0},{"not_picked":["Setup","Finisher"],"picked":"Bane","floor":11.0},{"not_picked":["Flechettes","Sucker Punch","Underhanded Strike"],"picked":"SKIP","floor":12.0},{"not_picked":["Flechettes","Sucker Punch","Underhanded Strike"],"picked":"SKIP","floor":12.0},{"not_picked":["Escape Plan","Accuracy"],"picked":"Finisher","floor":13.0},{"not_picked":["Poisoned Stab","Backflip"],"picked":"Prepared","floor":14.0}],"player_experience":2094526,"relics_obtained":[{"floor":6.0,"key":"White Beast Statue"},{"floor":9.0,"key":"Meat on the Bone"},{"floor":11.0,"key":"Blue Candle"},{"floor":14.0,"key":"Omamori"}],"event_choices":[{"damage_healed":0.0,"max_hp_gain":0.0,"max_hp_loss":0.0,"gold_gain":0.0,"event_name":"WeMeetAgain","player_choice":"Gave Potion","floor":3.0,"gold_loss":0.0,"damage_taken":0.0,"relics_obtained":["Ninja Scroll"]},{"damage_healed":0.0,"max_hp_gain":0.0,"max_hp_loss":0.0,"gold_gain":0.0,"event_name":"The Woman in Blue","player_choice":"Bought 1 Potion","floor":10.0,"gold_loss":0.0,"damage_taken":0.0}],"is_beta":false,"boss_relics":[],"items_purged_floors":[],"is_endless":false,"potions_floor_spawned":[1,6,8,11,12,13,14],"killed_by":"Hexaghost","ascension_level":20}}