{"host":"yq2wmfr0u0wuvxc0","time":1612212812,"event":{"mods":["Act Like it!","Aspiration","BaseMod","Colored Powertips","Curses Come First","Downfall","Friendly Minions","Gensokyo","Hubris","Infinite Spire","Marisa????????","Minty Spire (QoL Compilation)","Pale of the Ancients","Quick Restart","Rare Cards Sparkle","Remilia??????","Shop Mod","Smile Girya","Spicy Shops","StSLib","The Jungle","The Servant 0.9.4","Wide Potions"],"gold_per_floor":[99,116,146,146,161,71,371,371,403,403,167,167,167,202,214,314,314,214,234,234,319,319,353,379,379,379,379],"floor_reached":25,"language":"ZHS","playtime":904,"items_purged":["Slimebound:Defend_Slimebound","Slimebound:Strike_Slimebound","Slimebound:Strike_Slimebound"],"score":328,"play_id":"f3830a69-539d-4956-a2cf-56f3b0916266","local_time":"20210201125332","is_ascension_mode":true,"campfire_choices":[{"data":"Slimebound:CorrosiveSpit","floor":1.0,"key":"SMITH"},{"data":"Slimebound:RainOfGoop","floor":8.0,"key":"SMITH"},{"data":"Slimebound:AcidTongue","floor":13.0,"key":"SMITH"},{"data":"Slimebound:PrepareCrush","floor":18.0,"key":"SMITH"}],"circlet_count":0,"master_deck":["Slimebound:Strike_Slimebound","Slimebound:Tackle","Slimebound:Defend_Slimebound","Slimebound:Defend_Slimebound","Slimebound:Defend_Slimebound","Slimebound:Split","Slimebound:CorrosiveSpit+1","Slimebound:LeechingTouch","Slimebound:RainOfGoop+1","Slimebound:GoopSpray","infinitespire:FutureSight","Slimebound:AcidTongue+1","Slimebound:HauntingLick","Slimebound:ComboTackle","Slimebound:Gluttony","Slimebound:PrepareCrush+1"],"relics":["Slimebound:AbsorbEndCombat","hubris:CuriousFeather","hubris:MysteriousPyramids","Old Coin","hubris:CrystalStatue","infinitespire:Bottled Soul","Happy Flower","SacredBark","downfall:HeartBlessingGreen","aspiration:SneckoTail","aspiration:WatcherSkillbook","White Beast Statue"],"acts_visited":["Exordium","TheCity"],"potions_floor_usage":[25],"damage_taken":[{"damage":3.0,"enemies":"2 Louse","floor":2.0,"turns":2.0},{"damage":1.0,"enemies":"Jaw Worm","floor":5.0,"turns":3.0},{"damage":3.0,"enemies":"downfall:FleeingMerchant","floor":6.0,"turns":4.0},{"damage":0.0,"enemies":"Lagavulin","floor":9.0,"turns":5.0},{"damage":10.0,"enemies":"downfall:FleeingMerchant","floor":11.0,"turns":4.0},{"damage":20.0,"enemies":"3 Sentries","floor":14.0,"turns":6.0},{"damage":0.0,"enemies":"Cultist","floor":15.0,"turns":1.0},{"damage":8.0,"enemies":"WA_ARCHETYPE_RETAIN","floor":16.0,"turns":5.0},{"damage":51.0,"enemies":"3 Byrds","floor":19.0,"turns":6.0},{"damage":50,"enemies":"Book of Stabbing","floor":23,"turns":6},{"damage":18,"enemies":"Slavers","floor":25,"turns":2}],"seed_played":"4617722439874109687","potions_obtained":[{"floor":14.0,"key":"SkillPotion"},{"floor":15.0,"key":"Regen Potion"},{"floor":19.0,"key":"Explosive Potion"}],"is_trial":false,"path_per_floor":["R","M","?","?","M","$","T","R","E","?","$","T","R","E","M","B",null,"R","M","?","?","AVR","E","T","E"],"character_chosen":"SLIMEBOUND","items_purchased":["Slimebound:AcidTongue","Slimebound:HauntingLick"],"campfire_rested":0,"item_purchase_floors":[11,11],"current_hp_per_floor":[65,64,64,64,65,62,62,62,65,49,47,47,47,35,37,37,65,65,65,65,53,53,11,11,0,0,0],"gold":379,"neow_bonus":"ONE_RARE_RELIC","is_daily":false,"chose_seed":false,"campfire_upgraded":4,"win_rate":0.0,"timestamp":1612212812,"path_taken":["R","M","?","?","?","?","T","R","E","?","$","?","R","E","M","BOSS","R","M","?","?","AVR","E","T","E"],"items_purchased_type":["Card","Card"],"build_version":"2020-12-22","purchased_purges":3,"victory":false,"max_hp_per_floor":[65,65,65,65,65,65,65,65,65,65,65,65,65,65,65,65,65,65,65,65,65,65,65,65,65,65,65],"card_choices":[{"not_picked":["Slimebound:LevelUp","Slimebound:RollThrough"],"picked":"Slimebound:LeechingTouch","floor":2.0},{"not_picked":["Slimebound:SlimeSpikes","Slimebound:GoopTackle"],"picked":"Slimebound:RainOfGoop","floor":5.0},{"not_picked":["Slimebound:ServeAndProtect","Slimebound:SplitMire","Slimebound:ItLooksTasty"],"picked":"SKIP","floor":6.0},{"not_picked":["Slimebound:BestDefense","Slimebound:Prepare"],"picked":"Slimebound:GoopSpray","floor":9.0},{"not_picked":["infinitespire:UltimateForm","infinitespire:DeathsTouch"],"picked":"infinitespire:FutureSight","floor":10.0},{"not_picked":["Slimebound:Prepare","Slimebound:TongueLash","Slimebound:SlimeBrawl"],"picked":"SKIP","floor":11.0},{"not_picked":["Slimebound:Chomp","Slimebound:ItLooksTasty"],"picked":"Slimebound:ComboTackle","floor":14.0},{"not_picked":["Slimebound:SamplingLick","Slimebound:GoopTackle"],"picked":"Slimebound:Gluttony","floor":15.0},{"not_picked":["Slimebound:Teamwork","Slimebound:FirmFortitude"],"picked":"Slimebound:PrepareCrush","floor":16.0},{"not_picked":["Slimebound:SplitBruiser","Slimebound:ItLooksTasty","Slimebound:Prepare"],"picked":"SKIP","floor":19.0},{"not_picked":["Slimebound:GoopTackle+1","Slimebound:Chomp","Ragnarok","Slimebound:Replication"],"picked":"SKIP","floor":23}],"player_experience":303926,"relics_obtained":[{"floor":7.0,"key":"Old Coin"},{"floor":9.0,"key":"hubris:CrystalStatue"},{"floor":12.0,"key":"infinitespire:Bottled Soul"},{"floor":14.0,"key":"Happy Flower"},{"floor":23,"key":"White Beast Statue"}],"event_choices":[{"damage_healed":0.0,"max_hp_gain":0.0,"max_hp_loss":0.0,"gold_gain":0.0,"event_name":"Vampires","player_choice":"Ignored","floor":20.0,"gold_loss":0.0,"damage_taken":0.0}],"is_beta":false,"boss_relics":[{"not_picked":["hubris:BlackHole","hubris:HollowSoul"],"picked":"SacredBark"}],"items_purged_floors":[6,11,22],"is_endless":false,"potions_floor_spawned":[14,15,19],"killed_by":"Slavers","ascension_level":4}}