{"host":"7jl348xfsxr8glry","time":1612154885,"event":{"mods":["AchievementEnabler","BaseMod","Colored Map","Minty Spire (QoL Compilation)","Random Character Button","Unceasing Turn Reminder"],"gold_per_floor":[117,44,60,35,46,46,72,72,95,45,45,45,58,133,133,232,232,215,283,302,314,325,325,325,325],"floor_reached":24,"language":"ENG","playtime":945,"items_purged":[],"score":225,"play_id":"62ed491f-fe31-4f7a-81bf-37f61b0900e5","local_time":"20210201154805","is_ascension_mode":true,"campfire_choices":[{"data":"Armaments","floor":6,"key":"SMITH"},{"floor":8,"key":"REST"},{"floor":11,"key":"RECALL"},{"floor":15,"key":"REST"},{"floor":23,"key":"REST"}],"circlet_count":0,"master_deck":["Strike_R","Strike_R","Strike_R","Strike_R","Defend_R","Defend_R","Defend_R","Defend_R","Bash","Headbutt","Pommel Strike","Metallicize","Armaments+1","Cleave","Seeing Red+1","Cleave","Shrug It Off","Rampage","Thunderclap+1","Pommel Strike+1","Cleave+1"],"relics":["Black Blood","Tiny Chest","Molten Egg 2"],"acts_visited":["Exordium","TheCity"],"potions_floor_usage":[7,22],"damage_taken":[{"damage":0,"enemies":"2 Louse","floor":1,"turns":3},{"damage":7,"enemies":"Jaw Worm","floor":3,"turns":4},{"damage":10,"enemies":"Small Slimes","floor":5,"turns":2},{"damage":29,"enemies":"Lagavulin","floor":7,"turns":6},{"damage":11,"enemies":"Red Slaver","floor":13,"turns":2},{"damage":27,"enemies":"Slime Boss","floor":16,"turns":9},{"damage":23,"enemies":"2 Thieves","floor":18,"turns":4},{"damage":15,"enemies":"3 Byrds","floor":20,"turns":6},{"damage":27,"enemies":"Snecko","floor":21,"turns":6},{"damage":37,"enemies":"3 Cultists","floor":22,"turns":4},{"damage":53,"enemies":"Slavers","floor":24,"turns":2}],"seed_played":"-6322844275420595744","potions_obtained":[{"floor":3,"key":"SteroidPotion"},{"floor":13,"key":"Dexterity Potion"},{"floor":20,"key":"LiquidBronze"},{"floor":21,"key":"FearPotion"},{"floor":22,"key":"Strength Potion"}],"is_trial":false,"path_per_floor":["M","$","M","$","M","R","E","R","T","?","R","?","M","?","R","B",null,"M","T","M","M","M","R","E"],"character_chosen":"IRONCLAD","items_purchased":["Metallicize","Cleave"],"campfire_rested":3,"item_purchase_floors":[2,4],"current_hp_per_floor":[80,80,79,79,75,75,52,76,76,76,76,76,71,60,80,59,80,69,69,66,51,26,50,0,0],"gold":325,"neow_bonus":"THREE_CARDS","is_daily":false,"chose_seed":false,"campfire_upgraded":1,"win_rate":0.0,"timestamp":1612154885,"path_taken":["M","$","M","$","M","R","E","R","T","?","R","?","M","?","R","BOSS","M","?","M","M","M","R","E"],"items_purchased_type":["Card","Card"],"build_version":"2020-12-22","purchased_purges":0,"victory":false,"max_hp_per_floor":[80,80,80,80,80,80,80,80,80,80,80,80,80,80,80,80,80,80,80,80,80,80,80,80,80],"card_choices":[{"not_picked":["Rage","Searing Blow"],"picked":"Headbutt","floor":0},{"not_picked":["True Grit","Entrench"],"picked":"Pommel Strike","floor":1},{"not_picked":["Disarm","Whirlwind"],"picked":"Armaments","floor":3},{"not_picked":["Feel No Pain","Rage"],"picked":"Seeing Red","floor":5},{"not_picked":["Hemokinesis","Warcry"],"picked":"Cleave","floor":7},{"not_picked":["Dropkick","Ghostly Armor"],"picked":"Shrug It Off","floor":13},{"not_picked":["Body Slam","True Grit"],"picked":"Rampage","floor":18},{"not_picked":["Anger+1","Brutality"],"picked":"Thunderclap+1","floor":20},{"not_picked":["Shockwave+1","Warcry+1"],"picked":"Pommel Strike+1","floor":21},{"not_picked":["Pummel+1","Wild Strike+1"],"picked":"Cleave+1","floor":22}],"player_experience":186929,"relics_obtained":[{"floor":7,"key":"Tiny Chest"},{"floor":19,"key":"Molten Egg 2"}],"event_choices":[{"cards_removed":["Strike_R"],"damage_healed":0,"gold_gain":0,"player_choice":"Card Removal","damage_taken":0,"max_hp_gain":0,"max_hp_loss":0,"event_name":"The Cleric","floor":10,"gold_loss":50},{"damage_healed":0,"gold_gain":0,"player_choice":"Grow","damage_taken":0,"max_hp_gain":0,"max_hp_loss":0,"event_name":"Living Wall","floor":12,"gold_loss":0,"cards_upgraded":["Seeing Red"]},{"damage_healed":0,"gold_gain":75,"player_choice":"Gather Gold","damage_taken":11,"max_hp_gain":0,"max_hp_loss":0,"event_name":"World of Goop","floor":14,"gold_loss":0}],"is_beta":false,"boss_relics":[{"not_picked":["SacredBark","Tiny House"],"picked":"Black Blood"}],"items_purged_floors":[],"is_endless":false,"potions_floor_spawned":[3,13,20,21,22],"killed_by":"Slavers","ascension_level":3}}