{"host":"trw84khdytc0ixrp","time":1612211720,"event":{"mods":["BaseMod","Downfall","Minty Spire (QoL Compilation)","StSLib"],"gold_per_floor":[99,115,115,115,126,138,163,163,179,204,226,261,261,290,302,398,398,398,408,408,258,273,273,299,326,326,326,326,326,326],"floor_reached":28,"language":"ENG","playtime":3061,"items_purged":[],"score":254,"play_id":"006f488f-d3f4-4ff7-bed6-a321d417ec4e","local_time":"20210201213520","is_ascension_mode":false,"campfire_choices":[{"data":"Slimebound:Split","floor":1,"key":"SMITH"},{"data":"Slimebound:PressTheAttack","floor":8,"key":"SMITH"},{"data":"Slimebound:LevelUp","floor":13,"key":"SMITH"},{"data":"Slimebound:MinionMaster","floor":18,"key":"SMITH"},{"data":"Ghostly","floor":23,"key":"SMITH"}],"circlet_count":0,"master_deck":["Slimebound:Strike_Slimebound","Slimebound:Strike_Slimebound","Slimebound:Defend_Slimebound","Slimebound:Defend_Slimebound","Slimebound:Defend_Slimebound","Slimebound:Defend_Slimebound","Slimebound:Split+1","Slimebound:CorrosiveSpit+1","Slimebound:SplitMire","Slimebound:SplitLeeching+1","Slimebound:PressTheAttack+1","Slimebound:SlimeBrawl","Slimebound:GoopSpray","Slimebound:Overexert","Slimebound:PressTheAttack","Slimebound:LevelUp+1","Slimebound:SplitBruiser","Slimebound:SplitBruiser","Slimebound:MinionMaster+1","Slimebound:SplitMire+1","Ghostly+1","Slimebound:PressTheAttack+1","Slimebound:PrepareCrush","Writhe"],"relics":["Slimebound:AbsorbEndCombat","Ancient Tea Set","Juzu Bracelet","Odd Mushroom","Bag of Marbles","StoneCalendar","Snecko Eye","War Paint","Shuriken","WingedGreaves"],"acts_visited":["Exordium","TheCity"],"potions_floor_usage":[25,28],"damage_taken":[{"damage":3,"enemies":"2 Louse","floor":2,"turns":1},{"damage":0,"enemies":"Cultist","floor":4,"turns":1},{"damage":0,"enemies":"Small Slimes","floor":5,"turns":4},{"damage":3,"enemies":"Blue Slaver","floor":6,"turns":4},{"damage":0,"enemies":"Large Slime","floor":9,"turns":3},{"damage":5,"enemies":"Lagavulin","floor":10,"turns":7},{"damage":12,"enemies":"The Mushroom Lair","floor":11,"turns":4},{"damage":10,"enemies":"Gremlin Nob","floor":12,"turns":3},{"damage":22,"enemies":"Lagavulin","floor":14,"turns":5},{"damage":5,"enemies":"2 Fungi Beasts","floor":15,"turns":3},{"damage":7,"enemies":"SI_SHIV_ARCHETYPE","floor":16,"turns":6},{"damage":0,"enemies":"Spheric Guardian","floor":19,"turns":2},{"damage":25,"enemies":"3 Byrds","floor":22,"turns":3},{"damage":9,"enemies":"Book of Stabbing","floor":25,"turns":3},{"damage":39,"enemies":"Gremlin Leader","floor":28,"turns":5}],"seed_played":"-6252080665511481659","potions_obtained":[{"floor":6,"key":"FearPotion"},{"floor":10,"key":"SneckoOil"},{"floor":11,"key":"Swift Potion"},{"floor":14,"key":"Slimebound:SlimyTonguePotion"}],"is_trial":false,"path_per_floor":["R","M","?","M","M","M","T","R","M","E","?","E","R","E","M","B",null,"R","M","?","?","M","R","T","E","?","?","E"],"character_chosen":"SLIMEBOUND","items_purchased":[],"campfire_rested":0,"item_purchase_floors":[],"current_hp_per_floor":[65,64,64,64,65,65,65,65,65,65,59,53,53,39,38,39,65,65,65,57,57,38,38,38,33,33,33,0,0,0],"gold":326,"neow_bonus":"","is_daily":false,"chose_seed":false,"campfire_upgraded":5,"win_rate":0.0,"timestamp":1612211720,"path_taken":["R","M","?","M","M","M","T","R","M","E","?","E","R","E","M","BOSS","R","M","?","?","M","R","T","E","?","?","E"],"items_purchased_type":[],"build_version":"2020-12-22","purchased_purges":0,"victory":false,"max_hp_per_floor":[65,65,65,65,65,65,65,65,65,65,65,65,65,65,65,65,65,65,65,65,65,65,65,65,65,65,65,65,65,65],"card_choices":[{"not_picked":["Slimebound:SplitLeeching","Slimebound:GrowthPunch"],"picked":"Slimebound:SplitMire","floor":2},{"not_picked":["Slimebound:LeechEnergy","Slimebound:RainOfGoop"],"picked":"Slimebound:SplitLeeching","floor":4},{"not_picked":["Slimebound:Grow","Slimebound:SplitBruiser"],"picked":"Slimebound:PressTheAttack","floor":5},{"not_picked":["Slimebound:RejuvenatingLick","Slimebound:ComboTackle"],"picked":"Slimebound:SlimeBrawl","floor":6},{"not_picked":["Slimebound:DisruptingSlam","Slimebound:ForwardTackle"],"picked":"Slimebound:GoopSpray","floor":9},{"not_picked":["Slimebound:SplitLeeching","Slimebound:ItLooksTasty"],"picked":"Slimebound:Overexert","floor":10},{"not_picked":["Slimebound:RejuvenatingLick","Slimebound:Grow"],"picked":"Slimebound:PressTheAttack","floor":11},{"not_picked":["Slimebound:Repurpose","Slimebound:Equalize"],"picked":"Slimebound:LevelUp","floor":12},{"not_picked":["Slimebound:Prepare","Slimebound:Schlurp"],"picked":"Slimebound:SplitBruiser","floor":14},{"not_picked":["Slimebound:Equalize","Slimebound:SamplingLick"],"picked":"Slimebound:SplitBruiser","floor":15},{"not_picked":["Slimebound:OozeBath","Slimebound:LeechLife"],"picked":"Slimebound:MinionMaster","floor":16},{"not_picked":["Slimebound:TongueLash+1","Slimebound:Schlurp"],"picked":"Slimebound:SplitMire+1","floor":19},{"not_picked":["Slimebound:Chomp+1","Slimebound:SlimeSpikes"],"picked":"Slimebound:PressTheAttack+1","floor":22},{"not_picked":["Slimebound:SplitLeeching","Slimebound:Replication"],"picked":"Slimebound:PrepareCrush","floor":25}],"player_experience":0,"relics_obtained":[{"floor":7,"key":"Ancient Tea Set"},{"floor":10,"key":"Juzu Bracelet"},{"floor":11,"key":"Odd Mushroom"},{"floor":12,"key":"Bag of Marbles"},{"floor":14,"key":"StoneCalendar"},{"floor":24,"key":"War Paint"},{"floor":25,"key":"Shuriken"}],"event_choices":[{"damage_healed":0,"gold_gain":0,"player_choice":"Fought Mushrooms","damage_taken":0,"max_hp_gain":0,"max_hp_loss":0,"event_name":"Mushrooms","floor":11,"gold_loss":0}],"is_beta":false,"boss_relics":[{"not_picked":["Calling Bell","Tiny House"],"picked":"Snecko Eye"}],"items_purged_floors":[],"is_endless":false,"potions_floor_spawned":[6,10,11,14,15,16],"killed_by":"Gremlin Leader","ascension_level":0}}