{"host":"mmz2kvn5kzkhi5zs","time":1612142874,"event":{"mods":["Act Like it!","BaseMod","Downfall","Hallownest","Marisa????????","Minty Spire (QoL Compilation)","Replay The Spire","StSLib","The Bug Knight","The Cursed","The Jungle"],"gold_per_floor":[112,112,127,127,127,145,158,158,158,158,158,188,216,228,250,277,289,399,411,433,458,470,495,517,529,42,59,59,59,59,59,59,59,59,59,59,156,156,167,178,22,22,32,32,42,52,52,52,72,86,104,117,117,117,117],"floor_reached":54,"language":"ENG","playtime":6937,"items_purged":[],"score":639,"play_id":"69b5c2ad-abc7-47eb-a9c2-baa75bfee272","local_time":"20210131192754","is_ascension_mode":false,"campfire_choices":[{"floor":14,"key":"REST"},{"data":"Replay:Poison Smokescreen","floor":17,"key":"SMITH"},{"floor":25,"key":"REST"},{"floor":31,"key":"REST"},{"floor":33,"key":"REST"},{"data":"After Image","floor":36,"key":"SMITH"},{"floor":44,"key":"REST"},{"floor":48,"key":"REST"},{"floor":53,"key":"REST"}],"circlet_count":0,"master_deck":["Strike_G","Strike_G","Strike_G","Strike_G+1","Strike_G","Defend_G","Defend_G+1","Defend_G","Defend_G","Defend_G","Survivor","Neutralize","ReplayTheSpireMod:Shiv Toss+1","Toxin Wave","Endless Agony","Bouncing Flask","Replay:Poison Smokescreen+1","Deadly Poison","Flying Knee","Venomology","After Image+1","Prepared+1","Caltrops","Choke","Deadly Poison","Sadistic Nature+1","Bouncing Flask+1","Hidden Blade","Replay:Bag of Tricks+1","Prepared+1","Distraction+1","Blade Dance+1","Backstab","Parasite","Terror+1","Backstab","Outmaneuver+1","Quick Slash+1","Dagger Throw+1"],"relics":["Sizzling Blood","MawBank","Replay:Bronze Core","theJungle:PaperFaux","Golden Egg","Toxic Egg 2","Ring of Misfortune","Ring of Peace","theJungle:BirthdayCake","Empty Cage","Bronze Scales","Replay:Bottled Flurry"],"acts_visited":["Exordium","Exordium","TheBeyond"],"potions_floor_usage":[18,18,20,20,21,23,23,24,37,37,37,40,43,43,45,46,49,49,50,51,52,52,52,54,54],"damage_taken":[{"damage":0,"enemies":"2 Louse","floor":1,"turns":3},{"damage":3,"enemies":"Small Slimes","floor":3,"turns":4},{"damage":2,"enemies":"Jaw Worm","floor":6,"turns":4},{"damage":4,"enemies":"3 Louse","floor":7,"turns":4},{"damage":5,"enemies":"Looter","floor":12,"turns":3},{"damage":0,"enemies":"Exordium Wildlife","floor":13,"turns":3},{"damage":9,"enemies":"Large Slime","floor":15,"turns":3},{"damage":8,"enemies":"2 Fungi Beasts","floor":16,"turns":3},{"damage":0,"enemies":"Fading Forest","floor":18,"turns":11},{"damage":25,"enemies":"theJungle:Flameango_and_Byrd","floor":20,"turns":7},{"damage":11,"enemies":"theJungle:5_Spyders","floor":21,"turns":8},{"damage":22,"enemies":"theJungle:Snecko_Cultist_And_Trap","floor":23,"turns":10},{"damage":19,"enemies":"theJungle:JungleHuntersEncounter","floor":24,"turns":7},{"damage":25,"enemies":"theJungle:2_Snecko_Cultists","floor":27,"turns":5},{"damage":0,"enemies":"theJungle:QueenSpyder","floor":37,"turns":13},{"damage":32,"enemies":"3 Shapes","floor":39,"turns":6},{"damage":0,"enemies":"Orb Walker","floor":40,"turns":4},{"damage":43,"enemies":"Spire Growth","floor":43,"turns":7},{"damage":0,"enemies":"Transient","floor":45,"turns":5},{"damage":3,"enemies":"Writhing Mass","floor":46,"turns":5},{"damage":0,"enemies":"Maw","floor":49,"turns":7},{"damage":45,"enemies":"HollowMod:SlobberingHusk","floor":50,"turns":10},{"damage":6,"enemies":"Transient","floor":51,"turns":5},{"damage":28,"enemies":"Spire Growth","floor":52,"turns":5},{"damage":96,"enemies":"Awakened One","floor":54,"turns":15}],"seed_played":"-406977415545414114","potions_obtained":[{"floor":7,"key":"FearPotion"},{"floor":12,"key":"GamblersBrew"},{"floor":16,"key":"ColorlessPotion"},{"floor":18,"key":"Toxic Potion"},{"floor":21,"key":"Fire Potion"},{"floor":23,"key":"Poison Potion"},{"floor":24,"key":"hexamod:SoulburnPotion"},{"floor":27,"key":"ColorlessPotion"},{"floor":43,"key":"DistilledChaos"},{"floor":46,"key":"GamblersBrew"},{"floor":50,"key":"Poison Potion"},{"floor":51,"key":"Reflective Coating"},{"floor":52,"key":"Dexterity Potion"}],"is_trial":false,"path_per_floor":["M","?","M","?","?","M","M","PTL","PTL","?","T","M","M","R","M","M","R","B",null,"M","M","?","M","M","R","$","M","PTL","PTL","T","R","?","R","?","?","R","B",null,"M","M","$","?","M","R","M","M","T","R","M","M","M","M","R","B"],"character_chosen":"THE_SILENT","items_purchased":["Golden Egg","Sadistic Nature","Bouncing Flask","Bronze Scales"],"campfire_rested":7,"item_purchase_floors":[26,26,26,41],"current_hp_per_floor":[77,77,74,74,59,57,53,53,53,57,57,56,60,81,76,72,72,76,81,60,53,53,35,20,44,44,23,23,23,23,47,47,71,91,93,93,97,101,73,77,77,77,38,68,72,73,73,101,101,60,58,34,64,0,0],"gold":117,"neow_bonus":"TEN_PERCENT_HP_BONUS","is_daily":false,"chose_seed":false,"campfire_upgraded":2,"win_rate":0.0,"timestamp":1612142874,"path_taken":["M","?","M","?","?","M","M","PTL","PTL","?","T","M","M","R","M","M","R","BOSS","M","M","?","M","M","R","$","M","PTL","PTL","T","R","?","R","?","?","R","BOSS","M","M","$","?","M","R","?","M","T","R","M","?","M","M","R","BOSS"],"items_purchased_type":["Relic","Card","Card","Relic"],"build_version":"2020-12-22","purchased_purges":0,"victory":false,"max_hp_per_floor":[77,77,77,77,77,77,77,77,77,81,81,81,81,81,81,81,81,81,81,81,81,81,81,81,81,81,81,81,81,81,81,81,81,101,101,101,101,101,101,101,101,101,101,101,101,101,101,101,101,101,101,101,101,101,101],"card_choices":[{"not_picked":["Poisoned Stab","Prepared"],"picked":"ReplayTheSpireMod:Shiv Toss","floor":1},{"not_picked":["Slice","Prepared"],"picked":"Toxin Wave","floor":3},{"not_picked":["Calculated Gamble","Poisoned Stab"],"picked":"Endless Agony","floor":6},{"not_picked":["Dodge and Roll","Quick Slash"],"picked":"Bouncing Flask","floor":7},{"not_picked":["Poisoned Stab","Dagger Throw"],"picked":"Replay:Poison Smokescreen","floor":12},{"not_picked":["All Out Attack","Dash"],"picked":"Deadly Poison","floor":13},{"not_picked":["Tactician","Deflect"],"picked":"Flying Knee","floor":15},{"not_picked":["Dagger Throw","Blade Dance"],"picked":"Venomology","floor":16},{"not_picked":["Die Die Die","Phantasmal Killer"],"picked":"After Image","floor":18},{"not_picked":["Predator","Dagger Throw"],"picked":"Prepared+1","floor":20},{"not_picked":["Flying Knee","Backflip"],"picked":"Caltrops","floor":21},{"not_picked":["Prepared","PiercingWail+1"],"picked":"Choke","floor":23},{"not_picked":["Poisoned Stab","PiercingWail"],"picked":"Deadly Poison","floor":24},{"not_picked":["Sucker Punch","Dagger Spray"],"picked":"Hidden Blade","floor":27},{"not_picked":["Die Die Die","Glass Knife"],"picked":"Replay:Bag of Tricks+1","floor":37},{"not_picked":["Underhanded Strike+1","Deadly Poison+1"],"picked":"Prepared+1","floor":39},{"not_picked":["Blade Dance+1","Prepared+1"],"picked":"Distraction+1","floor":40},{"not_picked":["Poisoned Stab+1","Hidden Blade+1"],"picked":"Blade Dance+1","floor":43},{"not_picked":["ReplayTheSpireMod:Exploit Weakness+1","Well Laid Plans"],"picked":"Backstab","floor":45},{"not_picked":["Prepared+1","ReplayTheSpireMod:The Works+1"],"picked":"Terror+1","floor":46},{"not_picked":["Riddle With Holes","Flying Knee"],"picked":"Backstab","floor":49},{"not_picked":["Quick Slash+1","Dodge and Roll+1"],"picked":"Outmaneuver+1","floor":50},{"not_picked":["Slice","Backstab+1"],"picked":"Quick Slash+1","floor":51},{"not_picked":["Heel Hook+1","Toxin Wave+1"],"picked":"Dagger Throw+1","floor":52}],"player_experience":3728,"relics_obtained":[{"floor":11,"key":"MawBank"},{"floor":30,"key":"Toxic Egg 2"},{"floor":32,"key":"Ring of Misfortune"},{"floor":32,"key":"Ring of Peace"},{"floor":47,"key":"Replay:Bottled Flurry"}],"event_choices":[{"damage_healed":0,"gold_gain":0,"player_choice":"Leave","damage_taken":0,"max_hp_gain":0,"max_hp_loss":0,"event_name":"The Cleric","floor":2,"gold_loss":0},{"damage_healed":0,"gold_gain":0,"player_choice":"Entered Light","damage_taken":15,"max_hp_gain":0,"max_hp_loss":0,"event_name":"Shining Light","floor":5,"gold_loss":0,"cards_upgraded":["ReplayTheSpireMod:Shiv Toss","Strike_G"]},{"damage_healed":0,"gold_gain":0,"player_choice":"Ignored","damage_taken":0,"max_hp_gain":0,"max_hp_loss":0,"event_name":"SecretPortal","floor":42,"gold_loss":0}],"is_beta":false,"boss_relics":[{"not_picked":["Black Star","Sozu"],"picked":"Replay:Bronze Core"},{"not_picked":["Kintsugi","Busted Crown"],"picked":"Empty Cage"}],"items_purged_floors":[],"is_endless":false,"potions_floor_spawned":[7,12,16,18,21,23,24,27,43,46,50,51,52],"killed_by":"Awakened One","ascension_level":0}}