{"host":"bxd97rc2ofc6op20","time":1612168873,"event":{"mods":["BaseMod","Colored Map","Colored Powertips","Googly Eyes","Highlight Path","Minty Spire (QoL Compilation)","Quick Restart","Rare Cards Sparkle"],"gold_per_floor":[118,118,135,83,101,101,128,128,155,155,184,198,223,223,223,319,319,332,332,332,314,333,362,362,392,441,488,519,519,519,519,519,614,614,630,52,65,83,83,117,0,26,78,78,78,89,89,89],"floor_reached":47,"language":"ENG","playtime":4844,"items_purged":[],"score":759,"play_id":"746735e3-024f-4743-ae53-4753f633414b","local_time":"20210201004113","is_ascension_mode":true,"campfire_choices":[{"data":"Perfected Strike","floor":6.0,"key":"SMITH"},{"data":"Armaments","floor":8.0,"key":"SMITH"},{"data":"Bash","floor":10.0,"key":"SMITH"},{"data":"Disarm","floor":15.0,"key":"SMITH"},{"floor":24.0,"key":"REST"},{"floor":29.0,"key":"REST"},{"floor":32.0,"key":"REST"}],"circlet_count":0,"master_deck":["Strike_R","Strike_R","Strike_R","Strike_R","Strike_R","Defend_R","Defend_R","Defend_R","Defend_R","Bash+1","Double Tap","Warcry","Perfected Strike+1","Ghostly Armor","Armaments+1","Disarm+1","True Grit","Metallicize+1","Brutality","Metallicize","Immolate","Pommel Strike","Fire Breathing","Burning Pact","True Grit+1","Flame Barrier+1","Reckless Charge","Reaper","Evolve","Blind","Writhe","Demon Form","Good Instincts","Perfected Strike+1"],"relics":["Burning Blood","Toy Ornithopter","Dream Catcher","Potion Belt","Red Skull","Velvet Choker","Darkstone Periapt","Oddly Smooth Stone","Art of War","Ancient Tea Set","Strawberry","Nilry\u0027s Codex","SacredBark","Bottled Tornado","Bag of Preparation","Red Mask","Turnip"],"acts_visited":["Exordium","TheCity","TheBeyond"],"potions_floor_usage":[37,40,40,46,46,47,47],"damage_taken":[{"damage":6.0,"enemies":"Cultist","floor":1.0,"turns":4.0},{"damage":3.0,"enemies":"Small Slimes","floor":3.0,"turns":3.0},{"damage":2.0,"enemies":"Jaw Worm","floor":5.0,"turns":3.0},{"damage":25.0,"enemies":"Lagavulin","floor":7.0,"turns":7.0},{"damage":24.0,"enemies":"Gremlin Nob","floor":11.0,"turns":4.0},{"damage":5.0,"enemies":"Exordium Thugs","floor":12.0,"turns":5.0},{"damage":22.0,"enemies":"3 Sentries","floor":13.0,"turns":10.0},{"damage":0.0,"enemies":"Hexaghost","floor":16.0,"turns":10.0},{"damage":20.0,"enemies":"Spheric Guardian","floor":18.0,"turns":10.0},{"damage":15.0,"enemies":"2 Thieves","floor":21.0,"turns":5.0},{"damage":37.0,"enemies":"Snake Plant","floor":22.0,"turns":5.0},{"damage":9.0,"enemies":"Gremlin Leader","floor":23.0,"turns":5.0},{"damage":30.0,"enemies":"Book of Stabbing","floor":25.0,"turns":9.0},{"damage":23.0,"enemies":"Slavers","floor":28.0,"turns":4.0},{"damage":41,"enemies":"Champ","floor":33,"turns":13},{"damage":4,"enemies":"3 Shapes","floor":35,"turns":9},{"damage":4,"enemies":"Orb Walker","floor":37,"turns":6},{"damage":27,"enemies":"Spire Growth","floor":38,"turns":6},{"damage":105,"enemies":"Giant Head","floor":40,"turns":13},{"damage":37,"enemies":"Nemesis","floor":42,"turns":9},{"damage":25,"enemies":"Writhing Mass","floor":46,"turns":10},{"damage":115,"enemies":"Giant Head","floor":47,"turns":9}],"seed_played":"8133345205533733498","potions_obtained":[{"floor":5.0,"key":"HeartOfIron"},{"floor":11.0,"key":"AttackPotion"},{"floor":12.0,"key":"Energy Potion"},{"floor":16.0,"key":"ColorlessPotion"},{"floor":18.0,"key":"Strength Potion"},{"floor":22.0,"key":"BlessingOfTheForge"},{"floor":33,"key":"Ancient Potion"},{"floor":35,"key":"Swift Potion"},{"floor":40,"key":"Explosive Potion"},{"floor":42,"key":"FearPotion"}],"is_trial":false,"path_per_floor":["M","?","M","$","M","R","E","R","T","R","E","M","E","?","R","B",null,"M","?","?","M","M","E","R","E","T","T","E","R","?","?","R","B",null,"M","$","M","M","?","E","?","E","T","?","?","M","E"],"character_chosen":"IRONCLAD","items_purchased":["PowerPotion","Evolve","Blind","Bottled Tornado","Regen Potion","SpeedPotion","Regen Potion"],"campfire_rested":3,"item_purchase_floors":[4,36,36,36,36,36,36],"current_hp_per_floor":[80,73,76,76,80,80,61,61,61,61,48,49,38,38,38,44,71,57,57,51,47,21,18,42,23,23,23,18,44,28,28,54,19,70,72,72,85,64,92,44,44,37,37,27,27,67,0,0],"gold":89,"neow_bonus":"THREE_RARE_CARDS","is_daily":false,"chose_seed":false,"campfire_upgraded":4,"win_rate":0.0,"timestamp":1612168873,"path_taken":["M","?","M","$","M","R","E","R","T","R","E","M","E","?","R","BOSS","M","?","?","M","?","E","R","E","T","?","E","R","?","?","R","BOSS","M","$","M","M","?","E","?","E","T","?","?","M","E"],"items_purchased_type":["Potion","Card","Card","Relic","Potion","Potion","Potion"],"build_version":"2020-12-22","purchased_purges":0,"victory":false,"max_hp_per_floor":[80,80,80,80,80,80,80,80,80,80,80,80,80,80,80,80,80,80,80,80,80,80,80,80,80,80,80,87,87,87,87,87,87,87,87,87,87,87,93,93,93,93,93,93,93,93,93,93],"card_choices":[{"not_picked":["Barricade","Reaper"],"picked":"Double Tap","floor":0.0},{"not_picked":["Carnage","Body Slam"],"picked":"Warcry","floor":1.0},{"not_picked":["Bloodletting","Clothesline"],"picked":"Perfected Strike","floor":3.0},{"not_picked":["Havoc","Iron Wave"],"picked":"Ghostly Armor","floor":5.0},{"not_picked":["Headbutt","Twin Strike"],"picked":"Armaments","floor":7.0},{"not_picked":["Havoc","Double Tap"],"picked":"Disarm","floor":11.0},{"not_picked":["Heavy Blade","Thunderclap"],"picked":"True Grit","floor":12.0},{"not_picked":["Havoc","Power Through"],"picked":"Metallicize","floor":13.0},{"not_picked":["Fiend Fire","Limit Break"],"picked":"Brutality","floor":16.0},{"not_picked":["Combust","Armaments+1"],"picked":"Metallicize","floor":18.0},{"not_picked":["Armaments","True Grit","Clash"],"picked":"SKIP","floor":21.0},{"not_picked":["Reckless Charge","Armaments"],"picked":"Immolate","floor":22.0},{"not_picked":["True Grit+1","Combust+1"],"picked":"Pommel Strike","floor":23.0},{"not_picked":["Armaments","Clash"],"picked":"Fire Breathing","floor":24.0},{"not_picked":["Dark Embrace","Flame Barrier"],"picked":"Burning Pact","floor":25.0},{"not_picked":["Armaments+1","Sword Boomerang"],"picked":"True Grit+1","floor":28.0},{"not_picked":["True Grit+1","Cleave"],"picked":"Flame Barrier+1","floor":29.0},{"not_picked":["Reaper","Thunderclap"],"picked":"Reckless Charge","floor":32.0},{"not_picked":["Bludgeon","Immolate"],"picked":"Reaper","floor":33},{"not_picked":["Anger+1","Iron Wave","Clothesline"],"picked":"SKIP","floor":35},{"not_picked":["Havoc","Clothesline","Warcry"],"picked":"SKIP","floor":37},{"not_picked":["Clash","Cleave+1","Anger"],"picked":"SKIP","floor":38},{"not_picked":["Inflame+1","Fire Breathing+1"],"picked":"Demon Form","floor":40},{"not_picked":["Pummel","Clash+1","Combust"],"picked":"SKIP","floor":42},{"not_picked":["Mind Blast","Discovery"],"picked":"Good Instincts","floor":44},{"not_picked":["Warcry","Twin Strike"],"picked":"Perfected Strike+1","floor":46}],"player_experience":434084,"relics_obtained":[{"floor":7.0,"key":"Toy Ornithopter"},{"floor":9.0,"key":"Dream Catcher"},{"floor":11.0,"key":"Potion Belt"},{"floor":13.0,"key":"Red Skull"},{"floor":23.0,"key":"Darkstone Periapt"},{"floor":25.0,"key":"Oddly Smooth Stone"},{"floor":26.0,"key":"Art of War"},{"floor":27.0,"key":"Ancient Tea Set"},{"floor":28.0,"key":"Strawberry"},{"floor":30.0,"key":"Nilry\u0027s Codex"},{"floor":40,"key":"Bag of Preparation"},{"floor":42,"key":"Turnip"}],"event_choices":[{"cards_removed":["Normality"],"damage_healed":0.0,"max_hp_gain":0.0,"max_hp_loss":0.0,"gold_gain":0.0,"event_name":"Golden Wing","player_choice":"Card Removal","floor":2.0,"gold_loss":0.0,"damage_taken":7.0},{"damage_healed":0.0,"max_hp_gain":0.0,"max_hp_loss":0.0,"gold_gain":0.0,"event_name":"Living Wall","player_choice":"Grow","floor":14.0,"gold_loss":0.0,"damage_taken":0.0,"cards_upgraded":["Metallicize"]},{"damage_healed":0.0,"max_hp_gain":0.0,"max_hp_loss":0.0,"gold_gain":0.0,"event_name":"Ghosts","player_choice":"Ignored","floor":19.0,"gold_loss":0.0,"damage_taken":0.0},{"damage_healed":0.0,"max_hp_gain":0.0,"max_hp_loss":0.0,"gold_gain":0.0,"event_name":"Nest","player_choice":"Joined the Cult","floor":20.0,"gold_loss":0.0,"damage_taken":6.0,"cards_obtained":["RitualDagger"]},{"damage_healed":0.0,"max_hp_gain":0.0,"max_hp_loss":0.0,"gold_gain":0.0,"event_name":"Cursed Tome","player_choice":"Obtained Book","floor":30.0,"gold_loss":0.0,"damage_taken":16.0},{"damage_healed":0.0,"max_hp_gain":0.0,"max_hp_loss":0.0,"gold_gain":0.0,"event_name":"Vampires","player_choice":"Ignored","floor":31.0,"gold_loss":0.0,"damage_taken":0.0},{"damage_healed":22,"gold_gain":0,"player_choice":"Writhe","damage_taken":0,"max_hp_gain":0,"max_hp_loss":0,"event_name":"Winding Halls","floor":39,"gold_loss":0,"cards_obtained":["Writhe"]},{"damage_healed":0,"gold_gain":0,"player_choice":"Paid","damage_taken":0,"relics_obtained":["Red Mask"],"max_hp_gain":0,"max_hp_loss":0,"event_name":"Tomb of Lord Red Mask","floor":41,"gold_loss":117},{"damage_healed":0,"gold_gain":0,"player_choice":"Memory 3","damage_taken":10,"max_hp_gain":0,"max_hp_loss":0,"event_name":"SensoryStone","floor":44,"gold_loss":0},{"cards_removed":["RitualDagger"],"damage_healed":0,"gold_gain":0,"player_choice":"Removed Attack","damage_taken":0,"max_hp_gain":0,"max_hp_loss":0,"event_name":"Falling","floor":45,"gold_loss":0}],"is_beta":false,"boss_relics":[{"not_picked":["Busted Crown","SlaversCollar"],"picked":"Velvet Choker"},{"not_picked":["Runic Dome","Runic Cube"],"picked":"SacredBark"}],"items_purged_floors":[],"is_endless":false,"potions_floor_spawned":[5,11,12,16,18,22,33,35,40,42],"killed_by":"Giant Head","ascension_level":5}}