{"host":"5raohst9sk3kvp5v","time":1612153169,"event":{"mods":["BaseMod","Colored Powertips","Highlight Path","Minty Spire (QoL Compilation)","Quick Restart","Relic Stats","StSLib"],"gold_per_floor":[111,124,43,118,132,157,157,181,204,204,235,235,235,266,266,266,266],"floor_reached":16,"language":"ENG","playtime":450,"items_purged":[],"score":226,"play_id":"21c0c482-2a7c-460d-99c2-9eb582accae9","local_time":"20210131221929","is_ascension_mode":true,"campfire_choices":[{"floor":7.0,"key":"REST"},{"floor":12.0,"key":"REST"},{"data":"Double Tap","floor":15.0,"key":"SMITH"}],"circlet_count":0,"master_deck":["AscendersBane","Strike_R","Strike_R","Strike_R","Strike_R","Strike_R","Defend_R","Defend_R","Defend_R","Defend_R","Bash","Shrug It Off","Whirlwind","Carnage","Burning Pact","Double Tap+1","Headbutt","Shockwave","Evolve","Thunderclap","Pommel Strike"],"relics":["Burning Blood","NeowsBlessing","Dream Catcher","Odd Mushroom","Ancient Tea Set","Pear","Centennial Puzzle"],"acts_visited":["Exordium"],"potions_floor_usage":[],"damage_taken":[{"damage":0.0,"enemies":"Cultist","floor":1.0,"turns":1.0},{"damage":0.0,"enemies":"Jaw Worm","floor":2.0,"turns":1.0},{"damage":0.0,"enemies":"Small Slimes","floor":5.0,"turns":1.0},{"damage":52.0,"enemies":"Lagavulin","floor":6.0,"turns":7.0},{"damage":17.0,"enemies":"The Mushroom Lair","floor":8.0,"turns":3.0},{"damage":28.0,"enemies":"Gremlin Nob","floor":11.0,"turns":4.0},{"damage":22.0,"enemies":"Lagavulin","floor":14.0,"turns":5.0},{"damage":48,"enemies":"The Guardian","floor":16,"turns":6}],"seed_played":"1961399207957712809","potions_obtained":[{"floor":1.0,"key":"Dexterity Potion"},{"floor":11.0,"key":"AttackPotion"}],"is_trial":false,"path_per_floor":["M","M","$","?","M","E","R","?","T","?","E","R","?","E","R","B"],"character_chosen":"IRONCLAD","items_purchased":["Carnage"],"campfire_rested":2,"item_purchase_floors":[3],"current_hp_per_floor":[74,75,75,64,70,24,46,35,35,35,23,48,48,32,32,0,0],"gold":266,"neow_bonus":"THREE_ENEMY_KILL","is_daily":false,"chose_seed":false,"campfire_upgraded":1,"win_rate":0.0,"timestamp":1612153169,"path_taken":["M","M","$","?","M","E","R","?","T","?","E","R","?","E","R","BOSS"],"items_purchased_type":["Card"],"build_version":"2020-12-22","purchased_purges":0,"victory":false,"max_hp_per_floor":[75,75,75,75,75,75,75,75,75,75,85,85,85,85,85,85,85],"relic_stats":{"Dream Catcher":2,"Centennial Puzzle":[3],"counters":[8,28],"obtain_stats":[{"Dream Catcher":6,"Centennial Puzzle":14,"Pear":11,"NeowsBlessing":0,"Odd Mushroom":8,"Ancient Tea Set":9,"Burning Blood":0},{"Dream Catcher":4,"Centennial Puzzle":7,"Pear":6,"NeowsBlessing":0,"Odd Mushroom":5,"Ancient Tea Set":5,"Burning Blood":0},{"Dream Catcher":10,"Centennial Puzzle":22,"Pear":17,"NeowsBlessing":0,"Odd Mushroom":13,"Ancient Tea Set":13,"Burning Blood":0}],"Burning Blood":37},"card_choices":[{"not_picked":["Disarm","Combust"],"picked":"Shrug It Off","floor":1.0},{"not_picked":["Inflame","Wild Strike"],"picked":"Whirlwind","floor":2.0},{"not_picked":["Iron Wave","Havoc"],"picked":"Burning Pact","floor":5.0},{"not_picked":["Dark Embrace","Cleave"],"picked":"Double Tap","floor":6.0},{"not_picked":["Wild Strike","Pommel Strike"],"picked":"Headbutt","floor":7.0},{"not_picked":["Iron Wave","Rupture"],"picked":"Shockwave","floor":8.0},{"not_picked":["Sentinel","Intimidate"],"picked":"Evolve","floor":11.0},{"not_picked":["Armaments","Twin Strike"],"picked":"Thunderclap","floor":12.0},{"not_picked":["Double Tap","Rampage"],"picked":"Pommel Strike","floor":14.0}],"player_experience":1715789,"relics_obtained":[{"floor":6.0,"key":"Dream Catcher"},{"floor":8.0,"key":"Odd Mushroom"},{"floor":9.0,"key":"Ancient Tea Set"},{"floor":11.0,"key":"Pear"},{"floor":14.0,"key":"Centennial Puzzle"}],"event_choices":[{"damage_healed":0.0,"max_hp_gain":0.0,"max_hp_loss":0.0,"gold_gain":75.0,"event_name":"World of Goop","player_choice":"Gather Gold","floor":4.0,"gold_loss":0.0,"damage_taken":11.0},{"damage_healed":0.0,"max_hp_gain":0.0,"max_hp_loss":0.0,"gold_gain":0.0,"event_name":"Mushrooms","player_choice":"Fought Mushrooms","floor":8.0,"gold_loss":0.0,"damage_taken":0.0},{"damage_healed":0.0,"max_hp_gain":0.0,"max_hp_loss":0.0,"gold_gain":0.0,"event_name":"Shining Light","player_choice":"Ignored","floor":10.0,"gold_loss":0.0,"damage_taken":0.0},{"damage_healed":0.0,"max_hp_gain":0.0,"max_hp_loss":0.0,"gold_gain":0.0,"event_name":"Liars Game","player_choice":"Ignored","floor":13.0,"gold_loss":0.0,"damage_taken":0.0}],"is_beta":false,"boss_relics":[],"items_purged_floors":[],"is_endless":false,"potions_floor_spawned":[1,11],"killed_by":"The Guardian","ascension_level":19}}