{"host":"7ttbe3gzet1mthv0","time":1612177719,"event":{"mods":["AchievementEnabler","BaseMod","Bestiary","Better Match","Better Note","Better Sensory Stone","Better Third Choice","BetterRewards","CapriCore","Colored Map","Colored Powertips","Custom Start","Downfall","Fox Events","Hermit","Highlight Path","Infinite Spire","Jorbs\u0027s Wanderer Trilogy","Luminous","Marisa????????","Minty Spire (QoL Compilation)","Rare Cards Sparkle","Relic Stats","Spicy Shops","StSLib","The Alterego","The Bug Knight","The Cursed","The Hierophant","The Marked","Wandering Minibosses"],"gold_per_floor":[216,216,227,227,253,55,55,55,55,94,94,94,94],"floor_reached":22,"language":"SPA","playtime":862,"items_purged":[],"score":124,"play_id":"2c1a0d24-6e8d-4537-9229-9a5802cc3e00","local_time":"20210201120839","is_ascension_mode":false,"campfire_choices":[{"data":"stsjorbsmod:CULLCard","floor":12,"key":"SMITH"},{"data":"stsjorbsmod:Equinox","floor":13,"key":"SMITH"},{"data":"stsjorbsmod:Exhale","floor":14,"key":"SMITH"},{"data":"stsjorbsmod:DrainLife","floor":21,"key":"SMITH"}],"circlet_count":0,"master_deck":["stsjorbsmod:CULLCard+1","stsjorbsmod:Apparition_Cull","stsjorbsmod:Strike_Cull","stsjorbsmod:Strike_Cull","stsjorbsmod:Strike_Cull","stsjorbsmod:Strike_Cull","stsjorbsmod:Paralysis","stsjorbsmod:SpiritShield_Cull","stsjorbsmod:Exhale+1","stsjorbsmod:Withering","stsjorbsmod:Possession","stsjorbsmod:DemonicCoup","stsjorbsmod:Toll","stsjorbsmod:Equinox+1","stsjorbsmod:Expose","stsjorbsmod:DrainLife+1"],"relics":["stsjorbsmod:BookOfTrialsRelic","Golden Idol","Centennial Puzzle","Lantern","Toxic Egg 2"],"acts_visited":["Exordium"],"potions_floor_usage":[],"damage_taken":[{"damage":1,"enemies":"2 Louse","floor":1,"turns":2},{"damage":0,"enemies":"Cultist","floor":5,"turns":1},{"damage":7,"enemies":"Lagavulin","floor":15,"turns":6},{"damage":37,"enemies":"Slime Boss","floor":22,"turns":10}],"seed_played":"2591911395142000537","potions_obtained":[],"is_trial":false,"path_per_floor":["M","?","M","?","T","$","R","R","R","E","R","B"],"character_chosen":"CULL","items_purchased":["stsjorbsmod:Expose","Lantern"],"campfire_rested":0,"item_purchase_floors":[11,11],"current_hp_per_floor":[75,75,74,56,56,56,56,56,56,49,49,17,17],"gold":94,"neow_bonus":"TEN_PERCENT_HP_BONUS","is_daily":false,"chose_seed":false,"campfire_upgraded":4,"win_rate":0.0,"timestamp":1612177719,"path_taken":["M","?","?","?","T","$","R","R","R","E","R","BOSS"],"items_purchased_type":["Card","Relic"],"build_version":"2020-12-22","purchased_purges":0,"victory":false,"max_hp_per_floor":[75,75,74,74,74,74,74,74,74,66,66,56,56],"relic_stats":{"Centennial Puzzle":[6],"counters":[4,19],"Golden Idol":8,"obtain_stats":[{"Centennial Puzzle":10,"Lantern":11,"stsjorbsmod:BookOfTrialsRelic":0,"Golden Idol":8,"Toxic Egg 2":15},{"Centennial Puzzle":2,"Lantern":2,"stsjorbsmod:BookOfTrialsRelic":0,"Golden Idol":2,"Toxic Egg 2":3},{"Centennial Puzzle":3,"Lantern":3,"stsjorbsmod:BookOfTrialsRelic":0,"Golden Idol":3,"Toxic Egg 2":9}]},"card_choices":[{"not_picked":["stsjorbsmod:GatheringEvil","stsjorbsmod:ForcedPresence"],"picked":"stsjorbsmod:Toll","floor":1},{"not_picked":["stsjorbsmod:Toll","stsjorbsmod:Phantasm"],"picked":"stsjorbsmod:Equinox","floor":5},{"not_picked":["stsjorbsmod:Overkill","stsjorbsmod:SilverStrike"],"picked":"stsjorbsmod:DrainLife","floor":15}],"player_experience":51875,"relics_obtained":[{"floor":10,"key":"Centennial Puzzle"},{"floor":15,"key":"Toxic Egg 2"}],"event_choices":[{"damage_healed":0,"gold_gain":0,"player_choice":"Ignored","damage_taken":0,"max_hp_gain":0,"max_hp_loss":0,"event_name":"betterNote:BetterNote","floor":3,"gold_loss":0,"cards_obtained":["WitchOfGreed"]},{"damage_healed":0,"gold_gain":0,"player_choice":"Take Damage","damage_taken":18,"relics_obtained":["Golden Idol"],"max_hp_gain":0,"max_hp_loss":0,"event_name":"Golden Idol","floor":8,"gold_loss":0}],"is_beta":false,"boss_relics":[],"items_purged_floors":[],"is_endless":false,"potions_floor_spawned":[],"killed_by":"Slime Boss","ascension_level":0}}