{"host":"rtczl7o4e2em2rmi","time":1612215249,"event":{"mods":["AchievementEnabler","BaseMod","Bestiary","Block Reminder","Minty Spire (QoL Compilation)","Permanent Neow","Relic Filter","Relic Stats","StSLib"],"gold_per_floor":[114,128,82,3,3,3,29,42,42,8,40,40,67,83,83,188,188,201,213,213,230,249,276,276,276,276,276,376,68,102,119,119,217,217,230,246,260,271,70,70,96,109,109,109,138,150,150,0,0,0],"floor_reached":51,"language":"ZHS","playtime":3457,"items_purged":[],"score":1311,"play_id":"2207132d-acc3-4ce9-a645-685954e3097d","local_time":"20210201163409","is_ascension_mode":true,"campfire_choices":[{"floor":6.0,"key":"REST"},{"floor":12.0,"key":"REST"},{"floor":15.0,"key":"REST"},{"data":"Defragment","floor":24.0,"key":"SMITH"},{"floor":32.0,"key":"DIG"},{"floor":40.0,"key":"DIG"},{"floor":44.0,"key":"DIG"},{"floor":49.0,"key":"DIG"}],"circlet_count":0,"master_deck":["AscendersBane","Defend_B","Defend_B","Defend_B","Defend_B","Zap+1","Dualcast","Cold Snap","Defragment+1","Darkness","Beam Cell+1","Go for the Eyes+1","Capacitor","All For One+1","Hologram","FTL+1","All For One+1","Chill+1","Melter+1","Leap","Gash+1","Undo+1","Bite+1","Bite+1","Bite+1","Bite+1","Bite+1","Streamline+1","Creative AI","Capacitor","Gash+1","Machine Learning","CurseOfTheBell","Sweeping Beam+1","Go for the Eyes+1","Parasite","FTL+1","Redo+1","All For One+1","Stack","Echo Form","Defragment+1","Steam","Recycle","Trip"],"relics":["FrozenCore","Molten Egg 2","Ornamental Fan","Strawberry","TungstenRod","Toy Ornithopter","Happy Flower","Gambling Chip","Akabeko","Shovel","Shuriken","Girya","Calling Bell","Matryoshka","Dream Catcher","Unceasing Top","DollysMirror","Bronze Scales","DataDisk","Blue Candle","Oddly Smooth Stone","Gremlin Horn","White Beast Statue","Red Mask","Mercury Hourglass"],"acts_visited":["Exordium","TheCity","TheBeyond"],"potions_floor_usage":[50],"damage_taken":[{"damage":11.0,"enemies":"Cultist","floor":1.0,"turns":4.0},{"damage":8.0,"enemies":"2 Louse","floor":2.0,"turns":3.0},{"damage":27.0,"enemies":"3 Sentries","floor":7.0,"turns":8.0},{"damage":2.0,"enemies":"Jaw Worm","floor":8.0,"turns":3.0},{"damage":15.0,"enemies":"Lagavulin","floor":11.0,"turns":6.0},{"damage":23.0,"enemies":"3 Sentries","floor":13.0,"turns":5.0},{"damage":10.0,"enemies":"Large Slime","floor":14.0,"turns":5.0},{"damage":30.0,"enemies":"Slime Boss","floor":16.0,"turns":7.0},{"damage":0.0,"enemies":"Chosen","floor":18.0,"turns":3.0},{"damage":5.0,"enemies":"Spheric Guardian","floor":19.0,"turns":5.0},{"damage":5.0,"enemies":"Shelled Parasite and Fungi","floor":21.0,"turns":6.0},{"damage":0.0,"enemies":"Cultist and Chosen","floor":22.0,"turns":6.0},{"damage":14.0,"enemies":"Gremlin Leader","floor":23.0,"turns":7.0},{"damage":15.0,"enemies":"Colosseum Slavers","floor":28.0,"turns":4.0},{"damage":22.0,"enemies":"Colosseum Nobs","floor":28.0,"turns":5.0},{"damage":12.0,"enemies":"Book of Stabbing","floor":30.0,"turns":5.0},{"damage":0.0,"enemies":"Snecko","floor":31.0,"turns":4.0},{"damage":47.0,"enemies":"Collector","floor":33.0,"turns":10.0},{"damage":0.0,"enemies":"Orb Walker","floor":35.0,"turns":3.0},{"damage":14.0,"enemies":"3 Shapes","floor":36.0,"turns":7.0},{"damage":6.0,"enemies":"Writhing Mass","floor":37.0,"turns":9.0},{"damage":7.0,"enemies":"Spire Growth","floor":38.0,"turns":5.0},{"damage":6.0,"enemies":"Reptomancer","floor":41.0,"turns":5.0},{"damage":12.0,"enemies":"3 Darklings","floor":42.0,"turns":4.0},{"damage":2.0,"enemies":"Nemesis","floor":45.0,"turns":6.0},{"damage":6.0,"enemies":"4 Shapes","floor":46.0,"turns":9.0},{"damage":0,"enemies":"Awakened One","floor":50,"turns":13}],"seed_played":"6045616549343188379","potions_obtained":[{"floor":1.0,"key":"PotionOfCapacity"},{"floor":11.0,"key":"Explosive Potion"},{"floor":14.0,"key":"Swift Potion"},{"floor":16.0,"key":"FearPotion"},{"floor":18.0,"key":"Regen Potion"},{"floor":31.0,"key":"Energy Potion"},{"floor":33.0,"key":"GamblersBrew"},{"floor":37.0,"key":"Fire Potion"},{"floor":45.0,"key":"FearPotion"}],"is_trial":false,"path_per_floor":["M","M","$","$","?","R","E","M","T","$","E","R","E","M","R","B",null,"M","M","?","M","M","E","R","?","T","?","?","$","E","M","R","B",null,"M","M","M","M","$","R","E","M","T","R","E","M","?","?","R","B",null],"character_chosen":"DEFECT","items_purchased":["Cold Snap","Defragment","Capacitor","Creative AI","Shovel","DollysMirror","Stack"],"campfire_rested":3,"item_purchase_floors":[3,4,10,29,29,39,39],"current_hp_per_floor":[57,49,49,49,49,71,44,42,42,42,34,58,35,25,49,19,66,66,61,82,77,77,63,63,63,63,57,38,38,46,55,55,16,47,50,45,57,57,57,57,57,45,45,45,49,49,49,49,49,57],"gold":0,"neow_bonus":"UPGRADE_CARD","is_daily":false,"chose_seed":false,"campfire_upgraded":1,"win_rate":0.0,"timestamp":1612215249,"path_taken":["M","M","?","$","?","R","E","M","T","?","E","R","E","M","R","BOSS","M","M","?","?","M","E","R","?","T","?","?","$","E","?","R","BOSS","M","M","M","M","$","R","E","M","T","R","E","?","?","?","R","BOSS"],"items_purchased_type":["Card","Card","Card","Card","Relic","Relic","Card"],"build_version":"2020-12-22","purchased_purges":0,"victory":true,"max_hp_per_floor":[75,75,75,75,75,75,75,75,75,75,82,82,82,82,82,82,82,82,82,82,82,82,82,82,82,82,57,57,57,57,57,57,57,57,57,57,57,57,57,57,57,57,57,57,57,57,57,57,57,57],"relic_stats":{"Happy Flower":[29],"Gremlin Horn":[6,6],"counters":[27,157],"Blue Candle":[8],"FrozenCore":[50],"Mercury Hourglass":[54],"Dream Catcher":0,"Shovel":4,"Ornamental Fan":[312],"Shuriken":[47],"Gambling Chip":[26],"Bronze Scales":[124],"obtain_stats":[{"Gremlin Horn":44,"FrozenCore":17,"Dream Catcher":34,"Shovel":29,"Matryoshka":34,"DollysMirror":39,"Strawberry":11,"Gambling Chip":28,"Red Mask":48,"Cracked Core":0,"Girya":32,"Happy Flower":26,"Blue Candle":43,"Oddly Smooth Stone":43,"Akabeko":28,"White Beast Statue":45,"Mercury Hourglass":49,"Calling Bell":34,"DataDisk":41,"Ornamental Fan":9,"Shuriken":30,"Bronze Scales":40,"Molten Egg 2":7,"TungstenRod":13,"Toy Ornithopter":23,"Unceasing Top":34},{"Gremlin Horn":24,"FrozenCore":8,"Dream Catcher":18,"Shovel":15,"Matryoshka":18,"DollysMirror":22,"Strawberry":5,"Gambling Chip":15,"Red Mask":26,"Cracked Core":0,"Girya":17,"Happy Flower":13,"Blue Candle":24,"Oddly Smooth Stone":24,"Akabeko":15,"White Beast Statue":25,"Mercury Hourglass":26,"Calling Bell":18,"DataDisk":23,"Ornamental Fan":4,"Shuriken":16,"Bronze Scales":22,"Molten Egg 2":3,"TungstenRod":6,"Toy Ornithopter":13,"Unceasing Top":18},{"Gremlin Horn":129,"FrozenCore":41,"Dream Catcher":96,"Shovel":77,"Matryoshka":96,"DollysMirror":120,"Strawberry":24,"Gambling Chip":77,"Red Mask":144,"Cracked Core":0,"Girya":86,"Happy Flower":68,"Blue Candle":129,"Oddly Smooth Stone":129,"Akabeko":77,"White Beast Statue":135,"Mercury Hourglass":144,"Calling Bell":96,"DataDisk":125,"Ornamental Fan":18,"Shuriken":82,"Bronze Scales":120,"Molten Egg 2":15,"TungstenRod":29,"Toy Ornithopter":68,"Unceasing Top":96}],"TungstenRod":39,"Toy Ornithopter":15,"Unceasing Top":[17]},"card_choices":[{"not_picked":["Scrape","Turbo"],"picked":"Lockon","floor":1.0},{"not_picked":["Stack","Reprogram","Redo"],"picked":"SKIP","floor":2.0},{"not_picked":["Steam Power","Reinforced Body"],"picked":"Beam Cell+1","floor":7.0},{"not_picked":["Compile Driver+1","Reinforced Body"],"picked":"Go for the Eyes+1","floor":8.0},{"not_picked":["Heatsinks","White Noise"],"picked":"All For One+1","floor":11.0},{"not_picked":["Compile Driver+1","Rebound+1"],"picked":"Hologram","floor":13.0},{"not_picked":["Barrage+1","Loop"],"picked":"FTL+1","floor":14.0},{"not_picked":["Machine Learning","Core Surge+1"],"picked":"All For One+1","floor":16.0},{"not_picked":["Redo","Consume"],"picked":"Chill+1","floor":18.0},{"not_picked":["Auto Shields","Rebound+1"],"picked":"Melter+1","floor":19.0},{"not_picked":["Darkness","Sweeping Beam+1"],"picked":"Leap","floor":21.0},{"not_picked":["Chill","Coolheaded+1"],"picked":"Gash+1","floor":22.0},{"not_picked":["Stack+1","Tempest+1"],"picked":"Undo+1","floor":23.0},{"not_picked":["Conserve Battery","Consume"],"picked":"Streamline+1","floor":28.0},{"not_picked":["Leap","Recycle"],"picked":"Capacitor","floor":30.0},{"not_picked":["Leap+1","Fission"],"picked":"Gash+1","floor":31.0},{"not_picked":["Core Surge+1","Reboot"],"picked":"Machine Learning","floor":33.0},{"not_picked":["Coolheaded","Heatsinks+1"],"picked":"Sweeping Beam+1","floor":35.0},{"not_picked":["Leap","Darkness+1"],"picked":"Go for the Eyes+1","floor":36.0},{"not_picked":["Double Energy","Cold Snap+1"],"picked":"FTL+1","floor":37.0},{"not_picked":["Multi-Cast","FTL+1"],"picked":"Redo+1","floor":38.0},{"not_picked":["White Noise","Aggregate"],"picked":"Echo Form","floor":41.0},{"not_picked":["Rebound+1","Leap"],"picked":"Defragment+1","floor":42.0},{"not_picked":["Sunder+1","BootSequence"],"picked":"Steam","floor":45.0},{"not_picked":["Lockon+1","Capacitor"],"picked":"Recycle","floor":46.0},{"not_picked":["Secret Weapon","Thinking Ahead"],"picked":"Trip","floor":47.0}],"player_experience":521128,"relics_obtained":[{"floor":7.0,"key":"Molten Egg 2"},{"floor":9.0,"key":"Ornamental Fan"},{"floor":11.0,"key":"Strawberry"},{"floor":13.0,"key":"TungstenRod"},{"floor":23.0,"key":"Toy Ornithopter"},{"floor":26.0,"key":"Happy Flower"},{"floor":28.0,"key":"Gambling Chip"},{"floor":28.0,"key":"Akabeko"},{"floor":30.0,"key":"Shuriken"},{"floor":32.0,"key":"Girya"},{"floor":34.0,"key":"Matryoshka"},{"floor":34.0,"key":"Dream Catcher"},{"floor":34.0,"key":"Unceasing Top"},{"floor":40.0,"key":"Bronze Scales"},{"floor":41.0,"key":"DataDisk"},{"floor":43.0,"key":"Blue Candle"},{"floor":43.0,"key":"Oddly Smooth Stone"},{"floor":44.0,"key":"Gremlin Horn"},{"floor":45.0,"key":"White Beast Statue"},{"floor":49.0,"key":"Mercury Hourglass"}],"event_choices":[{"damage_healed":0.0,"max_hp_gain":0.0,"max_hp_loss":0.0,"gold_gain":0.0,"cards_transformed":["Strike_B"],"event_name":"Living Wall","player_choice":"Change","floor":5.0,"gold_loss":0.0,"damage_taken":0.0,"cards_obtained":["Darkness"]},{"cards_removed":["Lockon"],"damage_healed":21.0,"max_hp_gain":0.0,"max_hp_loss":0.0,"gold_gain":0.0,"event_name":"Bonfire Elementals","player_choice":"Offered Uncommon","floor":20.0,"gold_loss":0.0,"damage_taken":0.0},{"damage_healed":0.0,"max_hp_gain":0.0,"max_hp_loss":0.0,"gold_gain":0.0,"event_name":"Ghosts","player_choice":"Ignored","floor":25.0,"gold_loss":0.0,"damage_taken":0.0},{"damage_healed":0.0,"max_hp_gain":0.0,"max_hp_loss":25.0,"gold_gain":0.0,"event_name":"Vampires","player_choice":"Became a vampire","floor":27.0,"gold_loss":0.0,"damage_taken":0.0,"cards_obtained":["Bite","Bite","Bite","Bite","Bite"]},{"damage_healed":0.0,"max_hp_gain":0.0,"max_hp_loss":0.0,"gold_gain":0.0,"event_name":"Colosseum","player_choice":"Fight","floor":28.0,"gold_loss":0.0,"damage_taken":0.0},{"damage_healed":0.0,"max_hp_gain":0.0,"max_hp_loss":0.0,"gold_gain":0.0,"event_name":"Colosseum","player_choice":"Fought Nobs","floor":28.0,"gold_loss":0.0,"damage_taken":0.0},{"damage_healed":0.0,"max_hp_gain":0.0,"max_hp_loss":0.0,"gold_gain":0.0,"event_name":"SensoryStone","player_choice":"Memory 1","floor":47.0,"gold_loss":0.0,"damage_taken":0.0},{"damage_healed":0.0,"max_hp_gain":0.0,"max_hp_loss":0.0,"gold_gain":0.0,"event_name":"Tomb of Lord Red Mask","player_choice":"Paid","floor":48.0,"gold_loss":150.0,"damage_taken":0.0,"relics_obtained":["Red Mask"]}],"is_beta":false,"boss_relics":[{"not_picked":["Cursed Key","Astrolabe"],"picked":"FrozenCore"},{"not_picked":["Pandora\u0027s Box","Tiny House"],"picked":"Calling Bell"}],"items_purged_floors":[],"is_endless":false,"potions_floor_spawned":[1,11,14,16,18,23,28,31,33,36,37,45,46],"ascension_level":11}}