{"host":"qmnyg5dk1o6rw6mz","time":1612147786,"event":{"mods":["2.2 Compatiblity","AchievementEnabler","Act Like it!","Aspiration","Astrologer","BaseMod","Beaked The Cultist","Better Altar","Better Match","Better Note","Better Sensory Stone","Better Skull","Better Third Choice","Better Vampires","Block Reminder","CapriCore","Challenge The Spire","ChefMod","Colored Map","Colored Powertips","Conspire","Defuse TimeMaze Blight","Disable Question Mark Monsters","Displayed Cursed Tome","Downfall","Energized Spire","Fox Events","Gensokyo","GifTheSpireLib","Hermit","Highlight Path","Hubris","Infinite Spire","Jedi Mod","Koishi","KomeijiMod","Marisa¡]Ãú«B¡@Å]²z¨F¡^","Marked Mod","Minty Spire (QoL Compilation)","Monster B Gone","Pale of the Ancients","Permanent Neow","Quick Restart","Reimu¡]³Õ???¡^","Relic Filter","Reliquary","Replay The Spire","StSLib","Synergy Search","The Bug Knight","The Construct","The Cursed","The Dragon Tamer","The Gatherer","The Hayseed","The Poker Player","The Runesmith","The Showman","Unceasing Turn Reminder","Wide Potions","Yuri Mod","thorton"],"gold_per_floor":[114,114,125,145,162,197,197,122,122,154,174,186,206,206,206,304,304,316,316,350,370,387,387,413,413,413,413,413,447,447,447,447,447,447],"floor_reached":33,"language":"ENG","playtime":1842,"items_purged":[],"score":415,"play_id":"8bc62ab0-37fb-42cc-934f-34f7b838cd55","local_time":"20210201104946","is_ascension_mode":false,"campfire_choices":[{"data":"yuri:ReactiveMadness","floor":7.0,"key":"SMITH"},{"floor":15.0,"key":"DIG"},{"data":"yuri:HeavierStrike","floor":23,"key":"SMITH"},{"data":"yuri:NerfBat","floor":25,"key":"SMITH"},{"data":"yuri:BookRed","floor":28,"key":"SMITH"}],"circlet_count":0,"master_deck":["yuri:yuriStrike","yuri:yuriStrike","yuri:yuriStrike","yuri:yuriStrike","yuri:yuriDefend","yuri:yuriDefend","yuri:yuriDefend","yuri:yuriDefend","yuri:Oolong+1","yuri:yuriStab","yuri:ThornRemove","yuri:NerfBat+1","yuri:ReactiveMadness+1","yuri:BookRed+1","yuri:ExploitStrike","yuri:BlackTea+1","yuri:RecklessStrike","yuri:HeavierStrike+1","yuri:ThrowBook","yuri:InsanityDefense","yuri:DragonForm","yuri:WickedSlash+1","yuri:DeepBreathing","yuri:Skip+1","yuri:SelfHarm+1","yuri:MultiDip","DTMod:CleansingStrike"],"relics":["yuri:yuriKnife","MealTicket","reliquary:TridentHead","Replay:Wax Seal","Torii","beaked:MawFillet","Dream Catcher","Centennial Puzzle","conspire:BottledYoYo","reliquary:QuartzCube","aspiration:EmptySkull","Blood Vial"],"acts_visited":["Exordium","TheCity"],"potions_floor_usage":[20,33],"damage_taken":[{"damage":1.0,"enemies":"2 Louse","floor":1.0,"turns":2.0},{"damage":11.0,"enemies":"infinitespire:Voidling","floor":3.0,"turns":5.0},{"damage":0.0,"enemies":"Small Slimes","floor":4.0,"turns":3.0},{"damage":11.0,"enemies":"Red Slaver","floor":5.0,"turns":4.0},{"damage":37.0,"enemies":"Lagavulin","floor":6.0,"turns":7.0},{"damage":12.0,"enemies":"Replay:BlueRogue","floor":10.0,"turns":4.0},{"damage":4.0,"enemies":"3 Louse","floor":11.0,"turns":2.0},{"damage":9.0,"enemies":"Exordium Thugs","floor":12.0,"turns":2.0},{"damage":3.0,"enemies":"2 Fungi Beasts","floor":13.0,"turns":2.0},{"damage":16.0,"enemies":"Slime Boss","floor":16.0,"turns":5.0},{"damage":22,"enemies":"3 Byrds","floor":18,"turns":5},{"damage":25,"enemies":"conspire:SneckoGhost","floor":20,"turns":6},{"damage":12,"enemies":"Spheric Guardian","floor":21,"turns":4},{"damage":13,"enemies":"3 Cultists","floor":22,"turns":5},{"damage":11,"enemies":"conspire:Head Lice","floor":24,"turns":2},{"damage":18,"enemies":"Replay:Snechameleon","floor":29,"turns":3},{"damage":43,"enemies":"Automaton","floor":33,"turns":5}],"seed_played":"-1442890424651738107","potions_obtained":[{"floor":3.0,"key":"bronze:BurnAndBuffPotion"},{"floor":6.0,"key":"ColorlessPotion"},{"floor":12.0,"key":"hexamod:SoulburnPotion"},{"floor":13.0,"key":"Adrenaline Potion"},{"floor":16.0,"key":"AttackPotion"},{"floor":18,"key":"ColorlessPotion"},{"floor":24,"key":"Milkshake"}],"is_trial":false,"path_per_floor":["M","?","M","M","M","E","R","?","T","E","M","M","M","?","R_BF","B",null,"M","?","E","M","M","R","E","R","T","T","R","E","?","?","R_BF","B"],"character_chosen":"YURI","items_purchased":[],"campfire_rested":0,"item_purchase_floors":[],"current_hp_per_floor":[75,75,80,87,83,56,56,56,56,53,56,47,44,44,44,38,96,84,84,69,67,64,64,53,53,53,53,53,45,45,55,30,0,0],"gold":447,"neow_bonus":"TWENTY_PERCENT_HP_BONUS","is_daily":false,"chose_seed":false,"campfire_upgraded":4,"win_rate":0.0,"timestamp":1612147786,"path_taken":["M","?","M","M","?","E","R","?","T","E","M","M","M","?","R_BF","BOSS","M","?","E","?","M","R","E","R","T","?","R","E","?","?","R_BF","BOSS"],"items_purchased_type":[],"build_version":"2020-12-22","purchased_purges":0,"victory":false,"max_hp_per_floor":[96,96,96,96,96,96,96,96,96,96,96,96,96,96,96,96,96,96,96,96,96,96,96,96,96,96,96,96,96,96,96,96,96,96],"card_choices":[{"not_picked":["yuri:yuriHeavyStrike","yuri:yuriQuickStrike"],"picked":"yuri:ThornRemove","floor":1.0},{"not_picked":["yuri:CalmingAura","yuri:MultiDip"],"picked":"yuri:NerfBat","floor":3.0},{"not_picked":["yuri:ReloadGame","yuri:GlitchedStrike"],"picked":"yuri:ReactiveMadness","floor":4.0},{"not_picked":["yuri:MPose","yuri:UntestedCode"],"picked":"yuri:BookRed","floor":5.0},{"not_picked":["yuri:GrowingInsanity","yuri:BookGreen"],"picked":"yuri:ExploitStrike","floor":6.0},{"not_picked":["yuri:ExploitStrike+1","yuri:GlitchRemove+1"],"picked":"yuri:BlackTea+1","floor":8.0},{"not_picked":["yuri:RepairCode","yuri:CalmingAura"],"picked":"yuri:RecklessStrike","floor":10.0},{"not_picked":["yuri:UntestedCode","yuri:DejaVu"],"picked":"yuri:HeavierStrike","floor":11.0},{"not_picked":["yuri:AdaptiveAI","yuri:GlitchedStrike"],"picked":"yuri:ThrowBook","floor":12.0},{"not_picked":["yuri:CalmingAura","yuri:Stalk"],"picked":"yuri:InsanityDefense","floor":13.0},{"not_picked":["yuri:DuplicateCode","yuri:MirrorInsanity"],"picked":"yuri:DragonForm","floor":16.0},{"not_picked":["yuri:DebugCard","yuri:Spin+1"],"picked":"yuri:WickedSlash+1","floor":18},{"not_picked":["yuri:NerfBat+1","yuri:CalmingAura"],"picked":"yuri:DeepBreathing","floor":20},{"not_picked":["yuri:GlitchedStrike","yuri:yuriQuickStrike+1"],"picked":"yuri:Skip+1","floor":21},{"not_picked":["yuri:MultiDip","yuri:RepairCode+1"],"picked":"yuri:SelfHarm+1","floor":22},{"not_picked":["yuri:ThornRemove","yuri:yuriHeavyStrike","yuri:yuriQuickStrike"],"picked":"SKIP","floor":24},{"not_picked":["yuri:InduceGlitch","yuri:ReloadGame"],"picked":"yuri:MultiDip","floor":29}],"player_experience":204604,"relics_obtained":[{"floor":6.0,"key":"MealTicket"},{"floor":9.0,"key":"reliquary:TridentHead"},{"floor":10.0,"key":"Replay:Wax Seal"},{"floor":15.0,"key":"Torii"},{"floor":20,"key":"Dream Catcher"},{"floor":24,"key":"Centennial Puzzle"},{"floor":26,"key":"conspire:BottledYoYo"},{"floor":27,"key":"reliquary:QuartzCube"},{"floor":29,"key":"aspiration:EmptySkull"}],"event_choices":[{"damage_healed":0.0,"max_hp_gain":0.0,"max_hp_loss":0.0,"gold_gain":0.0,"event_name":"Upgrade Shrine","player_choice":"Upgraded","floor":2.0,"gold_loss":0.0,"damage_taken":0.0,"cards_upgraded":["yuri:Oolong"]},{"damage_healed":0.0,"max_hp_gain":0.0,"max_hp_loss":0.0,"gold_gain":0.0,"event_name":"betterMatch:BetterMatch","player_choice":"2","floor":8.0,"gold_loss":0.0,"damage_taken":0.0,"cards_obtained":["betterMatch:RareCard"]},{"cards_removed":["yuri:yuriDefend"],"damage_healed":0.0,"max_hp_gain":0.0,"max_hp_loss":0.0,"gold_gain":0.0,"event_name":"Purifier","player_choice":"Purged","floor":14.0,"gold_loss":0.0,"damage_taken":0.0},{"cards_removed":["yuri:yuriStrike"],"damage_healed":0,"gold_gain":0,"player_choice":"Offered Basic","damage_taken":0,"max_hp_gain":0,"max_hp_loss":0,"event_name":"Bonfire Elementals","floor":19,"gold_loss":0},{"cards_removed":["yuri:ThornRemove"],"damage_healed":0,"gold_gain":0,"player_choice":"Take \u0026 Give","damage_taken":0,"max_hp_gain":0,"max_hp_loss":0,"event_name":"betterNote:BetterNote","floor":30,"gold_loss":0,"cards_obtained":["DTMod:CleansingStrike"]},{"damage_healed":0,"gold_gain":0,"player_choice":" Vial ","damage_taken":25,"relics_obtained":["Blood Vial"],"max_hp_gain":55,"max_hp_loss":30,"event_name":"betterAltar:BetterAltar","floor":32,"potions_obtained":[],"relics_lost":[],"gold_loss":0}],"is_beta":false,"boss_relics":[{"not_picked":["aspiration:DefectSkillbook","Calling Bell"],"picked":"beaked:MawFillet"}],"items_purged_floors":[],"is_endless":false,"potions_floor_spawned":[3,6,12,13,16,18,22,24],"killed_by":"Automaton","ascension_level":0}}