{"host":"tzyzz5n7hg2ni9q2","time":1612184562,"event":{"mods":["BaseMod","Minty Spire (QoL Compilation)","Quick Restart"],"gold_per_floor":[115,115,125,125,138,138,165,165,188,208,30,44,44,44,44,141,141,152,162,237,250,57,57,77,77,102,102,112,132,132,163,163,263,263,275,293,145,155,169,169,184,184,236,46,56,56,81,95,95,95],"floor_reached":51,"language":"ENG","playtime":2407,"items_purged":["All Out Attack"],"score":929,"play_id":"c2810a14-3291-493c-9c27-cdac206b92f1","local_time":"20210201140242","is_ascension_mode":true,"campfire_choices":[{"data":"Neutralize","floor":6.0,"key":"SMITH"},{"data":"Dodge and Roll","floor":8.0,"key":"SMITH"},{"data":"Flying Knee","floor":13.0,"key":"SMITH"},{"floor":15.0,"key":"REST"},{"data":"Burst","floor":23.0,"key":"SMITH"},{"data":"Adrenaline","floor":25.0,"key":"SMITH"},{"data":"Blur","floor":30.0,"key":"SMITH"},{"floor":32.0,"key":"REST"},{"data":"Noxious Fumes","floor":40.0,"key":"SMITH"},{"data":"Well Laid Plans","floor":42.0,"key":"SMITH"},{"floor":49,"key":"REST"}],"circlet_count":0,"master_deck":["Survivor","Neutralize+1","Flying Knee+1","Dodge and Roll+1","Dash","Quick Slash","Well Laid Plans+1","Adrenaline","Noxious Fumes+1","Sucker Punch","Deadly Poison","Endless Agony","Poisoned Stab","Burst+1","Adrenaline+1","Blur+1","Cloak And Dagger","Bullet Time","Catalyst"],"relics":["Ring of the Snake","Oddly Smooth Stone","Bag of Marbles","Blood Vial","Membership Card","Pandora\u0027s Box","Lee\u0027s Waffle","Happy Flower","Omamori","Ice Cream","HornCleat","Empty Cage","Vajra","TheAbacus","Orichalcum","TwistedFunnel","Centennial Puzzle","Ninja Scroll"],"acts_visited":["Exordium","TheCity","TheBeyond"],"potions_floor_usage":[50,50],"damage_taken":[{"damage":0.0,"enemies":"Jaw Worm","floor":1.0,"turns":5.0},{"damage":0.0,"enemies":"Cultist","floor":3.0,"turns":4.0},{"damage":2.0,"enemies":"2 Louse","floor":5.0,"turns":4.0},{"damage":17.0,"enemies":"Lagavulin","floor":7.0,"turns":6.0},{"damage":3.0,"enemies":"Exordium Thugs","floor":10.0,"turns":6.0},{"damage":0.0,"enemies":"3 Louse","floor":12.0,"turns":4.0},{"damage":54.0,"enemies":"Hexaghost","floor":16.0,"turns":19.0},{"damage":0.0,"enemies":"Chosen","floor":18.0,"turns":3.0},{"damage":11.0,"enemies":"Spheric Guardian","floor":19.0,"turns":4.0},{"damage":12.0,"enemies":"Centurion and Healer","floor":21.0,"turns":4.0},{"damage":5.0,"enemies":"Chosen and Byrds","floor":24.0,"turns":3.0},{"damage":22.0,"enemies":"Snecko","floor":28.0,"turns":5.0},{"damage":5.0,"enemies":"Shelled Parasite and Fungi","floor":29.0,"turns":5.0},{"damage":21.0,"enemies":"Slavers","floor":31.0,"turns":7.0},{"damage":27.0,"enemies":"Collector","floor":33.0,"turns":11.0},{"damage":10.0,"enemies":"3 Darklings","floor":35.0,"turns":5.0},{"damage":0.0,"enemies":"Orb Walker","floor":36.0,"turns":4.0},{"damage":0.0,"enemies":"Jaw Worm Horde","floor":38.0,"turns":5.0},{"damage":7.0,"enemies":"Writhing Mass","floor":39.0,"turns":6.0},{"damage":14.0,"enemies":"Sphere and 2 Shapes","floor":41.0,"turns":6.0},{"damage":0.0,"enemies":"Spire Growth","floor":45.0,"turns":3.0},{"damage":14.0,"enemies":"Reptomancer","floor":47.0,"turns":4.0},{"damage":7,"enemies":"3 Darklings","floor":48,"turns":2},{"damage":25,"enemies":"Awakened One","floor":50,"turns":12}],"seed_played":"-3589258861387738928","potions_obtained":[{"floor":2.0,"key":"PowerPotion"},{"floor":2.0,"key":"GhostInAJar"},{"floor":2.0,"key":"GamblersBrew"},{"floor":3.0,"key":"ColorlessPotion"},{"floor":7.0,"key":"Dexterity Potion"},{"floor":16.0,"key":"DuplicationPotion"},{"floor":18.0,"key":"Weak Potion"},{"floor":31.0,"key":"Strength Potion"},{"floor":36.0,"key":"SteroidPotion"},{"floor":45.0,"key":"CunningPotion"}],"is_trial":false,"path_per_floor":["M","?","M","$","M","R","E","R","T","M","$","M","R","$","R","B",null,"M","M","?","M","$","R","M","R","T","?","M","M","R","E","R","B",null,"M","M","$","M","M","R","M","R","T","$","M","?","E","M","R","B",null],"character_chosen":"THE_SILENT","items_purchased":["Membership Card","Quick Slash","Lee\u0027s Waffle","Happy Flower","Adrenaline","Vajra","TheAbacus","TwistedFunnel","Centennial Puzzle"],"campfire_rested":3,"item_purchase_floors":[11,11,22,22,22,37,37,44,44],"current_hp_per_floor":[63,63,63,63,61,61,44,44,44,43,43,45,45,45,66,14,56,58,49,42,32,77,77,72,72,72,72,52,49,49,30,53,28,65,57,59,59,61,56,56,44,44,44,44,46,46,34,29,52,29],"gold":95,"neow_bonus":"RANDOM_COMMON_RELIC","is_daily":false,"chose_seed":false,"campfire_upgraded":8,"win_rate":0.0,"timestamp":1612184562,"path_taken":["M","?","?","$","M","R","E","R","T","M","$","M","R","?","R","BOSS","M","M","?","M","$","R","?","R","T","?","M","?","R","E","R","BOSS","M","M","$","M","M","R","M","R","T","$","M","?","E","M","R","BOSS"],"items_purchased_type":["Relic","Card","Relic","Relic","Card","Relic","Relic","Relic","Relic"],"build_version":"2020-12-22","purchased_purges":1,"victory":true,"max_hp_per_floor":[70,70,70,70,70,70,70,70,70,70,70,70,70,70,70,70,70,70,70,70,70,77,77,77,77,77,77,77,77,77,77,77,77,77,77,77,77,77,77,77,77,77,77,77,77,77,77,77,77,77],"card_choices":[{"not_picked":["Prepared","Acrobatics","Predator"],"picked":"SKIP","floor":1.0},{"not_picked":["Dodge and Roll","PiercingWail"],"picked":"Flying Knee","floor":3.0},{"not_picked":["Deflect","Calculated Gamble"],"picked":"Dagger Throw","floor":5.0},{"not_picked":["Deflect","After Image"],"picked":"Dodge and Roll","floor":7.0},{"not_picked":["PiercingWail","Dodge and Roll"],"picked":"Dash","floor":10.0},{"not_picked":["Terror","Deflect"],"picked":"Well Laid Plans","floor":12.0},{"not_picked":["Tools of the Trade","Die Die Die"],"picked":"Adrenaline","floor":16.0},{"not_picked":["Riddle With Holes","Setup","Deadly Poison"],"picked":"SKIP","floor":18.0},{"not_picked":["Well Laid Plans","Quick Slash+1","Slice"],"picked":"SKIP","floor":19.0},{"not_picked":["Acrobatics","Deflect+1","Blade Dance"],"picked":"SKIP","floor":21.0},{"not_picked":["Bouncing Flask+1","Distraction+1","Poisoned Stab"],"picked":"SKIP","floor":24.0},{"not_picked":["Blade Dance","Dash"],"picked":"Blur","floor":28.0},{"not_picked":["Dagger Spray","PiercingWail","Sucker Punch"],"picked":"SKIP","floor":29.0},{"not_picked":["Outmaneuver+1","Dagger Throw+1"],"picked":"Cloak And Dagger","floor":31.0},{"not_picked":["Malaise","Corpse Explosion"],"picked":"Bullet Time","floor":33.0},{"not_picked":["Well Laid Plans+1","PiercingWail","Prepared"],"picked":"SKIP","floor":35.0},{"not_picked":["Distraction+1","Crippling Poison","Prepared+1"],"picked":"SKIP","floor":36.0},{"not_picked":["PiercingWail+1","Dagger Throw","Accuracy+1"],"picked":"SKIP","floor":38.0},{"not_picked":["Reflex+1","Acrobatics+1"],"picked":"Catalyst","floor":39.0},{"not_picked":["Crippling Poison","Expertise","Dodge and Roll"],"picked":"SKIP","floor":41.0},{"not_picked":["Blade Dance","Noxious Fumes","Infinite Blades+1"],"picked":"SKIP","floor":45.0},{"not_picked":["Distraction","Finisher","Sucker Punch+1"],"picked":"SKIP","floor":47.0},{"not_picked":["Prepared+1","Dagger Spray","Terror"],"picked":"SKIP","floor":48}],"player_experience":294417,"relics_obtained":[{"floor":7.0,"key":"Bag of Marbles"},{"floor":9.0,"key":"Blood Vial"},{"floor":26.0,"key":"Omamori"},{"floor":31.0,"key":"HornCleat"},{"floor":43.0,"key":"Orichalcum"},{"floor":47.0,"key":"Ninja Scroll"}],"event_choices":[{"damage_healed":0.0,"max_hp_gain":0.0,"max_hp_loss":0.0,"gold_gain":0.0,"event_name":"Lab","player_choice":"Got Potions","floor":2.0,"gold_loss":0.0,"damage_taken":0.0},{"damage_healed":0.0,"max_hp_gain":0.0,"max_hp_loss":0.0,"gold_gain":75.0,"event_name":"FaceTrader","player_choice":"Touch","floor":20.0,"gold_loss":0.0,"damage_taken":7.0},{"cards_removed":["Underhanded Strike"],"damage_healed":0.0,"max_hp_gain":0.0,"max_hp_loss":0.0,"gold_gain":0.0,"event_name":"WeMeetAgain","player_choice":"Gave Card","floor":27.0,"gold_loss":0.0,"damage_taken":0.0,"relics_obtained":["Ice Cream"]},{"cards_removed":["Dagger Throw"],"damage_healed":0.0,"max_hp_gain":0.0,"max_hp_loss":0.0,"gold_gain":0.0,"event_name":"Falling","player_choice":"Removed Attack","floor":46.0,"gold_loss":0.0,"damage_taken":0.0}],"is_beta":false,"boss_relics":[{"not_picked":["Coffee Dripper","Ectoplasm"],"picked":"Pandora\u0027s Box"},{"not_picked":["SacredBark","Tiny House"],"picked":"Empty Cage"}],"items_purged_floors":[44],"is_endless":false,"potions_floor_spawned":[3,7,16,18,19,31,36,41,45,48],"ascension_level":6}}