{"host":"clf2hd4adhiiw0zf","time":1612154730,"event":{"mods":["AchievementEnabler","BaseMod","Beaked The Cultist","Bestiary","Dark Map","Downfall","Gremlin Mod","Hermit","Jorbs\u0027s Wanderer Trilogy","Marisa????????","Minty Spire (QoL Compilation)","Shop Mod","StSLib","The Cursed","The Servant 0.9.4","Wide Potions"],"gold_per_floor":[349,369,382,382,398,398,473,273,287,298,298,309,309,329,340,443,443,443,457,474,574,594,594,594,606,635,635,667,667,677,250,264,366,366,266,285,304,289,300,300,300,300,266,279,292,326,340,365,378,378,378,406,17,17,17,17],"floor_reached":57,"language":"ENG","playtime":3003,"items_purged":[],"score":1348,"play_id":"89b4f3de-3cda-4e56-8ca7-311f60db86cd","local_time":"20210131214530","is_ascension_mode":true,"campfire_choices":[{"floor":1,"key":"RECALL"},{"data":"Slimebound:BestDefense","floor":8,"key":"SMITH"},{"data":"Slimebound:GoopSpray","floor":13,"key":"SMITH"},{"data":"Slimebound:MassFeed","floor":18,"key":"SMITH"},{"data":"Slimebound:PrepareCrush","floor":27,"key":"SMITH"},{"data":"Slimebound:CheckThePlaybook","floor":35,"key":"SMITH"},{"data":"Slimebound:PrepareCrush","floor":40,"key":"SMITH"},{"floor":54,"key":"REST"}],"circlet_count":0,"master_deck":["Slimebound:Strike_Slimebound","Slimebound:Strike_Slimebound","Slimebound:Tackle","Slimebound:Defend_Slimebound","Slimebound:Defend_Slimebound+1","Slimebound:Defend_Slimebound","Slimebound:Defend_Slimebound","Slimebound:Split","Slimebound:CorrosiveSpit","Slimebound:BestDefense+1","Slimebound:FinishingTackle+1","Slimebound:LeechEnergy","Slimebound:GoopSpray+1","Slimebound:SamplingLick","Slimebound:RollThrough+1","Slimebound:PrepareCrush+1","Slimebound:MassFeed+1","CurseOfTheBell","Slimebound:Prepare+1","Slimebound:Chomp+1","Slimebound:RollThrough","Slimebound:Prepare+1","Slimebound:GoopTackle","Slimebound:ViciousTackle","Slimebound:Grow","Slimebound:BestDefense","Slimebound:Grow+1","Slimebound:CheckThePlaybook+1","Slimebound:FlameTackle+1","Slimebound:PrepareCrush+1","Slimebound:HungryTackle","Slimebound:LeechLife","Slimebound:Recollect+1","Slimebound:HungryTackle+1","expansioncontent:LastStand"],"relics":["Slimebound:AbsorbEndCombat","Meat on the Bone","downfall:HeartBlessingBlue","downfall:HeartBlessingRed","Calling Bell","Blood Vial","Singing Bowl","Turnip","Guardian:GemstoneGun","Sundial","InkBottle","Du-Vu Doll","War Paint","Pear","Guardian:BottledAnomaly","Slimebound:TarBlob","downfall:HeartBlessingGreen","Bag of Marbles","Nunchaku","The Courier","Dead Branch","Ice Cream","Shuriken","Art of War"],"acts_visited":["Exordium","TheCity","TheBeyond","TheEnding"],"potions_floor_usage":[12,16,21,28,45,56,56],"damage_taken":[{"damage":12,"enemies":"Small Slimes","floor":2,"turns":5},{"damage":3,"enemies":"2 Louse","floor":3,"turns":2},{"damage":5,"enemies":"Jaw Worm","floor":5,"turns":3},{"damage":14,"enemies":"Exordium Thugs","floor":9,"turns":4},{"damage":4,"enemies":"2 Fungi Beasts","floor":10,"turns":4},{"damage":3,"enemies":"Blue Slaver","floor":12,"turns":3},{"damage":0,"enemies":"Gremlin Gang","floor":14,"turns":3},{"damage":9,"enemies":"Red Slaver","floor":15,"turns":5},{"damage":31,"enemies":"IC_STATUS_ARCHETYPE","floor":16,"turns":8},{"damage":32,"enemies":"3 Byrds","floor":19,"turns":6},{"damage":15,"enemies":"Centurion and Healer","floor":20,"turns":10},{"damage":54,"enemies":"Colosseum Nobs","floor":21,"turns":5},{"damage":0,"enemies":"Snake Plant","floor":22,"turns":4},{"damage":1,"enemies":"3 Cultists","floor":25,"turns":3},{"damage":23,"enemies":"Book of Stabbing","floor":26,"turns":5},{"damage":3,"enemies":"Gremlin Leader","floor":28,"turns":5},{"damage":0,"enemies":"Shelled Parasite and Fungi","floor":30,"turns":2},{"damage":0,"enemies":"downfall:FleeingMerchant","floor":31,"turns":4},{"damage":9,"enemies":"Centurion and Healer","floor":32,"turns":4},{"damage":23,"enemies":"WA_ARCHETYPE_CALM","floor":33,"turns":8},{"damage":23,"enemies":"3 Shapes","floor":36,"turns":2},{"damage":12,"enemies":"Orb Walker","floor":37,"turns":1},{"damage":2,"enemies":"downfall:FleeingMerchant","floor":38,"turns":4},{"damage":34,"enemies":"3 Darklings","floor":39,"turns":3},{"damage":3,"enemies":"downfall:FleeingMerchant","floor":43,"turns":1},{"damage":0,"enemies":"Spire Growth","floor":44,"turns":3},{"damage":49,"enemies":"Jaw Worm Horde","floor":45,"turns":3},{"damage":29,"enemies":"Nemesis","floor":46,"turns":5},{"damage":9,"enemies":"Writhing Mass","floor":47,"turns":3},{"damage":15,"enemies":"Giant Head","floor":48,"turns":5},{"damage":21,"enemies":"4 Shapes","floor":49,"turns":3},{"damage":47,"enemies":"SI_POISON_ARCHETYPE","floor":50,"turns":7},{"damage":81,"enemies":"downfall:CharBossMerchant","floor":52,"turns":7},{"damage":50,"enemies":"downfall:NeowBoss","floor":55,"turns":11},{"damage":46,"enemies":"downfall:NeowBossFinal","floor":56,"turns":6}],"seed_played":"7135205094689083262","potions_obtained":[{"floor":5,"key":"Slimebound:ThreeZeroPotion"},{"floor":10,"key":"LiquidBronze"},{"floor":15,"key":"Strength Potion"},{"floor":20,"key":"Swift Potion"},{"floor":21,"key":"SpeedPotion"},{"floor":32,"key":"Weak Potion"},{"floor":44,"key":"DuplicationPotion"},{"floor":45,"key":"champ:CounterPotion"},{"floor":46,"key":"CultistPotion"}],"is_trial":false,"path_per_floor":["R","M","M","?","M","?","T","R","M","M","?","M","R","M","M","B",null,"R","M","M","?","M","?","T","M","E","R","E","?","M","$","M","B",null,"R","M","M","$","M","R","T","?","$","M","M","E","M","E","M","B",null,"E","$","R","B","B",null],"character_chosen":"SLIMEBOUND","items_purchased":["Pear","Guardian:BottledAnomaly","Nunchaku","Slimebound:HungryTackle","Slimebound:LeechLife","Shuriken","expansioncontent:LastStand","Art of War"],"campfire_rested":1,"item_purchase_floors":[31,31,43,43,43,53,53,53],"current_hp_per_floor":[59,53,52,52,49,37,37,47,39,39,39,42,42,50,49,38,69,69,49,48,16,38,38,38,45,44,44,49,49,63,79,78,65,101,101,80,72,78,66,66,66,66,67,75,56,49,62,77,74,72,147,76,76,120,95,71],"gold":17,"neow_bonus":"TWO_FIFTY_GOLD","is_daily":false,"chose_seed":false,"campfire_upgraded":6,"win_rate":0.0,"timestamp":1612154730,"path_taken":["R","M","M","?","M","?","T","R","M","M","?","M","R","M","M","BOSS","R","M","M","?","M","?","T","M","E","R","E","?","?","?","M","BOSS","R","M","M","$","M","R","T","?","$","M","M","E","M","E","M","BOSS","E","$","R","BOSS","BOSS"],"items_purchased_type":["Relic","Relic","Relic","Card","Card","Relic","Card","Relic"],"build_version":"2020-12-22","purchased_purges":0,"victory":true,"max_hp_per_floor":[59,59,59,59,59,59,59,69,69,69,69,69,69,69,69,69,69,69,73,77,77,77,77,77,81,83,83,83,83,91,101,101,101,101,101,101,103,103,109,109,109,109,111,113,127,129,133,135,143,147,147,149,149,149,149,149],"card_choices":[{"not_picked":["Slimebound:RollThrough","Slimebound:TongueLash"],"picked":"Slimebound:BestDefense","floor":2},{"not_picked":["Slimebound:ItLooksTasty","Slimebound:Equalize"],"picked":"Slimebound:FinishingTackle","floor":3},{"not_picked":["Slimebound:Gluttony","Slimebound:RejuvenatingLick"],"picked":"Slimebound:LeechEnergy","floor":5},{"not_picked":["Slimebound:DivideAndConquer","Slimebound:LivingWall"],"picked":"Slimebound:GoopSpray","floor":9},{"not_picked":["Slimebound:LeechingTouch","Slimebound:LevelUp"],"picked":"Slimebound:ItLooksTasty","floor":10},{"not_picked":["Slimebound:ServeAndProtect","Slimebound:SplitLeeching"],"picked":"Slimebound:SamplingLick","floor":12},{"not_picked":["Slimebound:SpikyOuterGoop","Slimebound:DisruptingSlam"],"picked":"Slimebound:RollThrough","floor":14},{"not_picked":["Slimebound:Dissolve","Slimebound:ComboTackle"],"picked":"Slimebound:PrepareCrush","floor":15},{"not_picked":["Slimebound:WasteNot","Slimebound:MassRepurpose"],"picked":"Slimebound:MassFeed","floor":16},{"not_picked":["Slimebound:SlimeSpikes","Slimebound:SlimeBrawl"],"picked":"Slimebound:Prepare+1","floor":19},{"not_picked":["Slimebound:Schlurp","Slimebound:SplitAcid"],"picked":"Slimebound:Chomp+1","floor":20},{"not_picked":["Slimebound:SlimeSpikes","Slimebound:FormOfPuddle"],"picked":"Slimebound:RollThrough","floor":21},{"not_picked":["Slimebound:SamplingLick+1","Slimebound:SplitMire"],"picked":"Slimebound:Prepare","floor":22},{"not_picked":["Slimebound:FinishingTackle+1","Slimebound:SplitLeeching"],"picked":"Slimebound:GoopTackle","floor":25},{"not_picked":["Slimebound:HauntingLick","Slimebound:ServeAndProtect","Slimebound:TongueLash+1"],"picked":"Singing Bowl","floor":26},{"not_picked":["Slimebound:SplitMire","Slimebound:DisruptingSlam+1"],"picked":"Slimebound:ViciousTackle","floor":28},{"not_picked":["Slimebound:SplitSpecialist","Slimebound:LevelUp"],"picked":"Slimebound:Grow","floor":30},{"not_picked":["Slimebound:WasteNot","Slimebound:LeechEnergy"],"picked":"Slimebound:BestDefense","floor":31},{"not_picked":["Slimebound:SlimeSpikes+1","Slimebound:FinishingTackle+1"],"picked":"Slimebound:Grow+1","floor":32},{"not_picked":["Slimebound:SlimeSlap","Slimebound:FirmFortitude"],"picked":"Slimebound:CheckThePlaybook","floor":33},{"not_picked":["Slimebound:RollThrough+1","Slimebound:LivingWall"],"picked":"Slimebound:FlameTackle+1","floor":36},{"not_picked":["Slimebound:RainOfGoop","Slimebound:LeechEnergy","Slimebound:SlimeBarrage+1"],"picked":"Singing Bowl","floor":37},{"not_picked":["Slimebound:SplitBruiser+1","Slimebound:SlimeBrawl+1"],"picked":"Slimebound:PrepareCrush","floor":38},{"not_picked":["Slimebound:Dissolve+1","Slimebound:SplitMire+1","Slimebound:HungryTackle"],"picked":"Singing Bowl","floor":39},{"not_picked":["Slimebound:PressTheAttack+1","Slimebound:FinishingTackle+1","Slimebound:SlimeSpikes"],"picked":"Singing Bowl","floor":43},{"not_picked":["Slimebound:ProtectTheBoss","Slimebound:ViciousTackle+1","Slimebound:Replication"],"picked":"Singing Bowl","floor":44},{"not_picked":["Slimebound:Equalize","Slimebound:HauntingLick+1","Slimebound:SplitSpecialist"],"picked":"Singing Bowl","floor":45},{"not_picked":["Slimebound:SlimeTap+1","Slimebound:Prepare+1","Slimebound:ComboTackle+1"],"picked":"Singing Bowl","floor":46},{"not_picked":["Slimebound:SlimeBrawl+1","Slimebound:SplitLeeching"],"picked":"Slimebound:Recollect+1","floor":47},{"not_picked":["Slimebound:SplitMire+1","Slimebound:ForwardTackle","Slimebound:SplitBruiser+1"],"picked":"Singing Bowl","floor":48},{"not_picked":["Slimebound:Grow","Slimebound:GrowthPunch"],"picked":"Slimebound:HungryTackle+1","floor":49},{"not_picked":["Slimebound:LeechLife","Slimebound:LeechEnergy+1","Slimebound:Chomp+1"],"picked":"Singing Bowl","floor":52}],"player_experience":158788,"relics_obtained":[{"floor":17,"key":"Blood Vial"},{"floor":17,"key":"Singing Bowl"},{"floor":17,"key":"Turnip"},{"floor":21,"key":"Guardian:GemstoneGun"},{"floor":21,"key":"Sundial"},{"floor":24,"key":"InkBottle"},{"floor":26,"key":"Du-Vu Doll"},{"floor":28,"key":"War Paint"},{"floor":41,"key":"Bag of Marbles"},{"floor":46,"key":"The Courier"},{"floor":48,"key":"Dead Branch"},{"floor":52,"key":"Ice Cream"}],"event_choices":[{"damage_healed":0,"gold_gain":0,"player_choice":"Success","damage_taken":12,"relics_obtained":["Meat on the Bone"],"max_hp_gain":0,"max_hp_loss":0,"event_name":"Scrap Ooze","floor":6,"gold_loss":0},{"damage_healed":0,"gold_gain":0,"player_choice":"Forge","damage_taken":0,"max_hp_gain":0,"max_hp_loss":0,"event_name":"Accursed Blacksmith","floor":11,"gold_loss":0,"cards_upgraded":["Slimebound:FinishingTackle"]},{"cards_removed":["Slimebound:ItLooksTasty"],"damage_healed":0,"gold_gain":0,"player_choice":"Removed Attack","damage_taken":0,"max_hp_gain":0,"max_hp_loss":0,"event_name":"Falling","floor":42,"gold_loss":0}],"is_beta":false,"boss_relics":[{"not_picked":["bronze:MakeshiftBattery","beaked:MawFillet"],"picked":"Calling Bell"},{"not_picked":["Astrolabe","Coffee Dripper"],"picked":"Slimebound:TarBlob"}],"items_purged_floors":[],"is_endless":false,"potions_floor_spawned":[5,10,15,16,20,21,25,26,32,44,45,46],"ascension_level":1}}