{"host":"6p0attdrtjqaih7v","time":1612146345,"event":{"mods":["2.2 Compatiblity","AchievementEnabler","Bard","BaseMod","Better Skull","Better Third Choice","Colored Powertips","Downfall","Hermit","Highlight Path","Key Reminder","Minty Spire (QoL Compilation)","Permanent Neow","Quick Restart","Random Character Button","Relic Stats","Replay The Spire","Robot Space Explorer","StSLib","The Witch"],"gold_per_floor":[117,117,49,60,73,73,108,130,166,178,208,220,249,261,273,383,395,427,17,27,39,39,68,81,114,141,141,141],"floor_reached":27,"language":"ENG","playtime":1599,"items_purged":["Strike_Witch"],"score":306,"play_id":"0dd7e038-ca11-414a-bbd6-65683414738c","local_time":"20210131212545","is_ascension_mode":true,"campfire_choices":[{"data":"Boline","floor":6,"key":"SMITH"},{"data":"ZombieSpit","floor":10,"key":"SMITH"},{"data":"SummonCatFamiliar","floor":12,"key":"SMITH"},{"data":"Bewitch","floor":15,"key":"SMITH"}],"circlet_count":0,"master_deck":["Strike_Witch","Strike_Witch","Strike_Witch","Defend_Witch","Defend_Witch","Defend_Witch","Defend_Witch","Hexguard","ZombieSpit+1","Dramatic Entrance","SummonCatFamiliar+1","GhoulTouch","Boline+1","Malady","MagicFang","Bewitch+1","RoilingBarrier","UnnaturalEnergy","Pot Of Greed","Pot Of Greed","SoulBarrier+1","Harmlessness","MercuryWand+1","GrimVengeance+1"],"relics":["BlackCat","Art of War","MawBank","bronze:BronzeIdol","SlaversCollar","Grinning Jar","Toolbox","GremlinMask","WalkingCane","Kunai","Juzu Bracelet"],"acts_visited":["Exordium","TheCity"],"potions_floor_usage":[11,13,16,16,16,18,21,23,25,25,27,27],"damage_taken":[{"damage":0,"enemies":"Cultist","floor":1,"turns":4},{"damage":0,"enemies":"Small Slimes","floor":4,"turns":3},{"damage":7,"enemies":"Jaw Worm","floor":5,"turns":4},{"damage":17,"enemies":"Replay:BlueRogue","floor":7,"turns":8},{"damage":6,"enemies":"Lots of Slimes","floor":8,"turns":3},{"damage":4,"enemies":"Exordium Wildlife","floor":11,"turns":4},{"damage":6,"enemies":"Looter","floor":13,"turns":2},{"damage":30,"enemies":"Slime Boss","floor":16,"turns":8},{"damage":0,"enemies":"3 Byrds","floor":18,"turns":5},{"damage":7,"enemies":"Spheric Guardian","floor":20,"turns":5},{"damage":18,"enemies":"Snecko","floor":21,"turns":5},{"damage":4,"enemies":"Slavers","floor":23,"turns":6},{"damage":30,"enemies":"Snake Plant","floor":24,"turns":5},{"damage":6,"enemies":"Book of Stabbing","floor":25,"turns":5},{"damage":9,"enemies":"Slavers","floor":27,"turns":1}],"seed_played":"-5520592105630552772","potions_obtained":[{"floor":7,"key":"Venom Potion"},{"floor":8,"key":"Languid Potion"},{"floor":13,"key":"FearPotion"},{"floor":16,"key":"ColorlessPotion"},{"floor":18,"key":"LiquidBronze"},{"floor":24,"key":"LifebloodPotion"},{"floor":25,"key":"Cursed Concoction"}],"is_trial":false,"path_per_floor":["M","?","$","M","M","R","E","M","T","R","M","R","M","?","R","B",null,"M","$","M","M","?","E","M","E","T","E"],"character_chosen":"WITCH","items_purchased":["SummonCatFamiliar","AttackPotion","Grinning Jar","Toolbox"],"campfire_rested":0,"item_purchase_floors":[3,19,19,19],"current_hp_per_floor":[67,67,67,67,60,60,43,37,37,37,33,33,32,32,32,2,72,72,72,65,47,47,43,13,7,7,0,0],"gold":141,"neow_bonus":"RANDOM_COLORLESS","is_daily":false,"chose_seed":false,"campfire_upgraded":4,"win_rate":0.0,"timestamp":1612146345,"path_taken":["M","?","$","M","?","R","E","M","T","R","M","R","M","?","R","BOSS","M","$","?","?","?","E","M","E","T","E"],"items_purchased_type":["Card","Potion","Relic","Relic"],"build_version":"2020-12-22","purchased_purges":1,"victory":false,"max_hp_per_floor":[67,67,67,67,67,67,67,67,67,67,67,67,72,72,72,72,72,72,72,72,72,72,72,72,72,72,72,72],"relic_stats":{"counters":[15,68],"Art of War":[1],"Juzu Bracelet":0,"Kunai":[1],"MawBank":144,"obtain_stats":[{"SlaversCollar":17,"Toolbox":19,"GremlinMask":22,"WalkingCane":23,"Art of War":2,"Juzu Bracelet":26,"Kunai":25,"Grinning Jar":19,"MawBank":7,"BlackCat":0,"bronze:BronzeIdol":9},{"SlaversCollar":8,"Toolbox":9,"GremlinMask":11,"WalkingCane":12,"Art of War":1,"Juzu Bracelet":14,"Kunai":14,"Grinning Jar":9,"MawBank":4,"BlackCat":0,"bronze:BronzeIdol":5},{"SlaversCollar":36,"Toolbox":41,"GremlinMask":51,"WalkingCane":57,"Art of War":4,"Juzu Bracelet":67,"Kunai":67,"Grinning Jar":41,"MawBank":19,"BlackCat":0,"bronze:BronzeIdol":22}]},"card_choices":[{"not_picked":["Madness","Specialist"],"picked":"Dramatic Entrance","floor":0},{"not_picked":["Harmlessness","Broomstick"],"picked":"SoulBarrier","floor":1},{"not_picked":["SummonCatFamiliar","RoilingBarrier"],"picked":"GhoulTouch","floor":4},{"not_picked":["SummonRatFamiliar","WickedThoughts"],"picked":"Boline","floor":5},{"not_picked":["BlackShield","Bewitch"],"picked":"Malady","floor":7},{"not_picked":["Atonement","MementoMori"],"picked":"MagicFang","floor":8},{"not_picked":["DarkProcession","Broomstick","Thundercloud"],"picked":"SKIP","floor":11},{"not_picked":["RiteOfWinter","Atonement"],"picked":"Bewitch","floor":13},{"not_picked":["Intelligence","DarkProcession"],"picked":"UnnaturalEnergy","floor":16},{"not_picked":["SummonCatFamiliar","BlackBolt","Thundercloud"],"picked":"SKIP","floor":18},{"not_picked":["Puncture","BlackShield"],"picked":"SoulBarrier+1","floor":20},{"not_picked":["SoulBarrier","CursedBlade","Graveburst"],"picked":"SKIP","floor":21},{"not_picked":["EternalThirst","NighInvulnerability"],"picked":"Harmlessness","floor":23},{"not_picked":["MercuryWand+1","Schadenfreude","BlackShield"],"picked":"SKIP","floor":24},{"not_picked":["Schadenfreude","BlackShield"],"picked":"MercuryWand+1","floor":24},{"not_picked":["DireShriek","RiteOfAutumn"],"picked":"GrimVengeance+1","floor":25}],"player_experience":1007383,"relics_obtained":[{"floor":7,"key":"MawBank"},{"floor":9,"key":"bronze:BronzeIdol"},{"floor":23,"key":"WalkingCane"},{"floor":25,"key":"Kunai"},{"floor":26,"key":"Juzu Bracelet"}],"event_choices":[{"cards_removed":["SoulBarrier"],"damage_healed":0,"gold_gain":0,"player_choice":"Gave Card","damage_taken":0,"relics_obtained":["Art of War"],"max_hp_gain":0,"max_hp_loss":0,"event_name":"WeMeetAgain","floor":2,"gold_loss":0},{"damage_healed":0,"gold_gain":0,"player_choice":"1 cards matched","damage_taken":0,"max_hp_gain":0,"max_hp_loss":0,"event_name":"Match and Keep!","floor":14,"gold_loss":0,"cards_obtained":["RoilingBarrier"]},{"damage_healed":0,"gold_gain":0,"player_choice":"Trade","damage_taken":0,"relics_obtained":["GremlinMask"],"max_hp_gain":0,"max_hp_loss":0,"event_name":"FaceTrader","floor":22,"gold_loss":0}],"is_beta":false,"boss_relics":[{"not_picked":["Pandora\u0027s Box","Fusion Hammer"],"picked":"SlaversCollar"}],"items_purged_floors":[19],"is_endless":false,"potions_floor_spawned":[7,8,13,16,18,24,25],"killed_by":"Slavers","ascension_level":4}}