{"host":"nwd160me4iqdtr8u","time":1612156463,"event":{"mods":["AchievementEnabler","Act Like it!","BaseMod","Colored Map","DeckTracker","Keyboard Shortcuts","Minty Spire (QoL Compilation)","Quick Restart","Rare Cards Sparkle","StSLib","SuperFastMode","everything is the same but u backflip on backflip"],"gold_per_floor":[118,134,134,134,91,118,118,118,118,130,142,154,216,247,259,362,374,410,144,144,169,183,183,202,225,225,225,241,241,281,281,281,380,380,405,158,380,380,399,399,424,455,455,455,455,54,72,72,72,72],"floor_reached":51,"language":"KOR","playtime":2277,"items_purged":[],"score":1249,"play_id":"4663d1e7-aa90-4faf-8876-cb8433814f7e","local_time":"20210201141423","is_ascension_mode":true,"campfire_choices":[{"data":"Deadly Poison","floor":7.0,"key":"SMITH"},{"data":"Prepared","floor":10.0,"key":"SMITH"},{"floor":12.0,"key":"REST"},{"data":"Neutralize","floor":15.0,"key":"SMITH"},{"data":"Ghostly","floor":23.0,"key":"SMITH"},{"floor":27.0,"key":"REST"},{"floor":29.0,"key":"REST"},{"floor":32.0,"key":"REST"},{"floor":40.0,"key":"REST"},{"data":"Tactician","floor":44.0,"key":"SMITH"},{"floor":49.0,"key":"REST"}],"circlet_count":0,"master_deck":["AscendersBane","Survivor","Neutralize+1","Prepared+1","Deadly Poison+1","Die Die Die","Crippling Poison","Burst","Dodge and Roll","Cloak And Dagger","Heel Hook","A Thousand Cuts","Footwork","Outmaneuver","Blade Dance","Underhanded Strike","Bullet Time","Blur","Noxious Fumes","Cloak And Dagger","Ghostly","Ghostly+1","Ghostly","Backflip","Calculated Gamble","Bouncing Flask","Catalyst","Envenom","Tactician+1","Reflex","Cloak And Dagger","Acrobatics+1","Flechettes","Footwork","Blur","Trip"],"relics":["Ring of the Snake","NeowsBlessing","Kunai","Pocketwatch","Golden Idol","MawBank","Pandora\u0027s Box","Snake Skull","Singing Bowl","Red Mask","SlaversCollar","Lantern","CaptainsWheel","Potion Belt"],"acts_visited":["Exordium","TheCity","TheBeyond"],"potions_floor_usage":[50,50],"damage_taken":[{"damage":0.0,"enemies":"Small Slimes","floor":1.0,"turns":1.0},{"damage":0.0,"enemies":"2 Louse","floor":2.0,"turns":1.0},{"damage":0.0,"enemies":"Lagavulin","floor":6.0,"turns":1.0},{"damage":0.0,"enemies":"Cultist","floor":14.0,"turns":3.0},{"damage":11.0,"enemies":"The Guardian","floor":16.0,"turns":12.0},{"damage":11.0,"enemies":"Spheric Guardian","floor":18.0,"turns":4.0},{"damage":0.0,"enemies":"Chosen","floor":21.0,"turns":3.0},{"damage":1.0,"enemies":"Centurion and Healer","floor":22.0,"turns":7.0},{"damage":12.0,"enemies":"Cultist and Chosen","floor":24.0,"turns":7.0},{"damage":11.0,"enemies":"Snake Plant","floor":25.0,"turns":5.0},{"damage":8.0,"enemies":"Centurion and Healer","floor":28.0,"turns":5.0},{"damage":1.0,"enemies":"Masked Bandits","floor":30.0,"turns":4.0},{"damage":7.0,"enemies":"Champ","floor":33.0,"turns":10.0},{"damage":5.0,"enemies":"Orb Walker","floor":35.0,"turns":4.0},{"damage":9.0,"enemies":"3 Shapes","floor":39.0,"turns":7.0},{"damage":2.0,"enemies":"Transient","floor":41.0,"turns":6.0},{"damage":0.0,"enemies":"Mind Bloom Boss Battle","floor":42.0,"turns":5.0},{"damage":5.0,"enemies":"4 Shapes","floor":45.0,"turns":3.0},{"damage":5.0,"enemies":"Sphere and 2 Shapes","floor":47.0,"turns":6.0},{"damage":11,"enemies":"Donu and Deca","floor":50,"turns":10}],"seed_played":"5495934449416374108","potions_obtained":[{"floor":1.0,"key":"SkillPotion"},{"floor":2.0,"key":"Energy Potion"},{"floor":18.0,"key":"Poison Potion"},{"floor":25.0,"key":"ColorlessPotion"},{"floor":30.0,"key":"PowerPotion"},{"floor":33.0,"key":"PowerPotion"},{"floor":35.0,"key":"SpeedPotion"},{"floor":42.0,"key":"SmokeBomb"},{"floor":47.0,"key":"Strength Potion"}],"is_trial":false,"path_per_floor":["M","M","$","?","?","E","R","?","T","R","?","R","?","M","R","B",null,"M","$","?","M","M","R","M","M","T","R","M","R","?","?","R","B",null,"M","$","?","?","M","R","M","?","T","R","M","$","M","?","R","B",null],"character_chosen":"THE_SILENT","items_purchased":["Snake Skull","Noxious Fumes","Cloak And Dagger","Reflex","Lantern","Footwork","Blur","Energy Potion","GamblersBrew","Trip"],"campfire_rested":6,"item_purchase_floors":[19,19,19,36,36,46,46,46,46,46],"current_hp_per_floor":[59,59,59,33,33,33,33,33,33,33,33,51,45,45,45,34,54,43,43,30,30,29,29,17,6,6,15,9,18,17,17,26,19,29,24,24,24,24,15,24,22,22,22,22,17,17,14,14,23,12],"gold":72,"neow_bonus":"THREE_ENEMY_KILL","is_daily":false,"chose_seed":false,"campfire_upgraded":5,"win_rate":0.0,"timestamp":1612156463,"path_taken":["M","M","$","?","?","E","R","?","T","R","?","R","?","?","R","BOSS","M","$","?","M","M","R","M","M","T","R","M","R","?","?","R","BOSS","M","$","?","?","M","R","M","?","T","R","M","$","M","?","R","BOSS"],"items_purchased_type":["Relic","Card","Card","Card","Relic","Card","Card","Potion","Potion","Card"],"build_version":"2020-12-22","purchased_purges":0,"victory":true,"max_hp_per_floor":[66,66,66,66,66,66,66,60,60,60,60,60,60,60,60,60,60,60,60,30,30,30,30,30,30,30,30,32,32,32,32,32,32,32,32,32,32,32,32,32,32,32,32,32,32,32,34,32,32,32],"card_choices":[{"not_picked":["Caltrops","Outmaneuver"],"picked":"Prepared","floor":1.0},{"not_picked":["Cloak And Dagger","Prepared"],"picked":"Deadly Poison","floor":2.0},{"not_picked":["Deflect","Blade Dance"],"picked":"Die Die Die","floor":6.0},{"not_picked":["Sucker Punch","Flying Knee"],"picked":"Crippling Poison","floor":14.0},{"not_picked":["Bullet Time","Die Die Die"],"picked":"Burst","floor":16.0},{"not_picked":["Underhanded Strike+1","PiercingWail"],"picked":"Blur","floor":18.0},{"not_picked":["Heel Hook","Dagger Spray+1"],"picked":"Backflip","floor":21.0},{"not_picked":["Dodge and Roll","Outmaneuver","Poisoned Stab"],"picked":"SKIP","floor":22.0},{"not_picked":["Choke+1","PiercingWail"],"picked":"Calculated Gamble","floor":24.0},{"not_picked":["Deflect","Flying Knee","Underhanded Strike"],"picked":"SKIP","floor":25.0},{"not_picked":["Caltrops","Poisoned Stab","Crippling Poison+1"],"picked":"Singing Bowl","floor":28.0},{"not_picked":["Underhanded Strike","Prepared+1"],"picked":"Bouncing Flask","floor":30.0},{"not_picked":["Doppelganger","Die Die Die"],"picked":"Envenom","floor":33.0},{"not_picked":["Accuracy","PiercingWail"],"picked":"Tactician","floor":35.0},{"not_picked":["Distraction","Choke"],"picked":"Cloak And Dagger","floor":39.0},{"not_picked":["Accuracy","Backflip"],"picked":"Acrobatics+1","floor":41.0},{"not_picked":["Skewer","Backflip"],"picked":"Flechettes","floor":42.0},{"not_picked":["Blur","Prepared","Poisoned Stab+1"],"picked":"Singing Bowl","floor":47.0}],"player_experience":349825,"relics_obtained":[{"floor":6.0,"key":"Pocketwatch"},{"floor":9.0,"key":"MawBank"},{"floor":26.0,"key":"Singing Bowl"},{"floor":30.0,"key":"Red Mask"},{"floor":42.0,"key":"CaptainsWheel"},{"floor":43.0,"key":"Potion Belt"}],"event_choices":[{"damage_healed":0.0,"max_hp_gain":0.0,"max_hp_loss":0.0,"gold_gain":0.0,"event_name":"Scrap Ooze","player_choice":"Success","floor":4.0,"gold_loss":0.0,"damage_taken":26.0,"relics_obtained":["Kunai"]},{"damage_healed":0.0,"max_hp_gain":0.0,"max_hp_loss":0.0,"gold_gain":0.0,"event_name":"World of Goop","player_choice":"Left Gold","floor":5.0,"gold_loss":43.0,"damage_taken":0.0},{"damage_healed":0.0,"max_hp_gain":0.0,"max_hp_loss":6.0,"gold_gain":0.0,"event_name":"Golden Idol","player_choice":"Lose Max HP","floor":8.0,"gold_loss":0.0,"damage_taken":0.0,"relics_obtained":["Golden Idol"]},{"damage_healed":0.0,"max_hp_gain":0.0,"max_hp_loss":0.0,"gold_gain":0.0,"event_name":"Shining Light","player_choice":"Ignored","floor":11.0,"gold_loss":0.0,"damage_taken":0.0},{"damage_healed":0.0,"max_hp_gain":0.0,"max_hp_loss":0.0,"gold_gain":50.0,"event_name":"FaceTrader","player_choice":"Touch","floor":13.0,"gold_loss":0.0,"damage_taken":6.0},{"damage_healed":0.0,"max_hp_gain":0.0,"max_hp_loss":30.0,"gold_gain":0.0,"event_name":"Ghosts","player_choice":"Became a Ghost","floor":20.0,"gold_loss":0.0,"damage_taken":0.0,"cards_obtained":["Ghostly","Ghostly","Ghostly"]},{"damage_healed":0.0,"max_hp_gain":0.0,"max_hp_loss":0.0,"gold_gain":0.0,"event_name":"Masked Bandits","player_choice":"Fought Bandits","floor":30.0,"gold_loss":0.0,"damage_taken":0.0},{"damage_healed":0.0,"max_hp_gain":0.0,"max_hp_loss":0.0,"gold_gain":0.0,"event_name":"The Library","player_choice":"Read","floor":31.0,"gold_loss":0.0,"damage_taken":0.0,"cards_obtained":["Catalyst"]},{"damage_healed":0.0,"max_hp_gain":0.0,"max_hp_loss":0.0,"gold_gain":222.0,"event_name":"Tomb of Lord Red Mask","player_choice":"Wore Mask","floor":37.0,"gold_loss":0.0,"damage_taken":0.0},{"cards_removed":["All Out Attack"],"damage_healed":0.0,"max_hp_gain":0.0,"max_hp_loss":0.0,"gold_gain":0.0,"event_name":"Falling","player_choice":"Removed Attack","floor":38.0,"gold_loss":0.0,"damage_taken":0.0},{"damage_healed":0.0,"max_hp_gain":0.0,"max_hp_loss":0.0,"gold_gain":0.0,"event_name":"MindBloom","player_choice":"Fight","floor":42.0,"gold_loss":0.0,"damage_taken":0.0},{"damage_healed":0.0,"max_hp_gain":0.0,"max_hp_loss":2.0,"gold_gain":0.0,"event_name":"Winding Halls","player_choice":"Max HP","floor":48.0,"gold_loss":0.0,"damage_taken":0.0}],"is_beta":false,"boss_relics":[{"not_picked":["Astrolabe","Tiny House"],"picked":"Pandora\u0027s Box"},{"not_picked":["SacredBark","Empty Cage"],"picked":"SlaversCollar"}],"items_purged_floors":[],"is_endless":false,"potions_floor_spawned":[1,2,18,25,30,33,35,42,45,47],"ascension_level":18}}