{"host":"6drv1qzpbnls60z2","time":1612193205,"event":{"mods":["ATMod(°¢èªMod)","Act Like it!","Arknights","BaseMod","Hallownest","Minty Spire (QoL Compilation)","Reimu£¨²©ÀöÁéÃÎ£©","Replay The Spire","Shop Mod","Spicy Shops","StSLib","The Dragon Tamer","Uncapped","¡¾ÒÅÎï¿¨ÅÆ¡¿REMEMod","²ÐÁôÖ®Îï","óô»ðÖ¸ÄÏ"],"gold_per_floor":[113,57,57,72,72,72,98,98,98,98,98,9,9,9],"floor_reached":13,"language":"ZHS","playtime":589,"items_purged":[],"score":258,"play_id":"508ea808-6f8f-4179-bfca-e632b069c98b","local_time":"20210201232645","daily_mods":["SealedDeck","Flight"],"is_ascension_mode":true,"campfire_choices":[{"data":"AT_ThistleTea","floor":6,"key":"SMITH"},{"data":"ats:Assault Order","floor":8,"key":"SMITH"},{"data":"DTMod:Prediction","floor":10,"key":"SMITH"},{"data":"ats:Spore Proliferation","floor":11,"key":"SMITH"}],"circlet_count":0,"master_deck":["AscendersBane","AT_ThistleTea+1","DTMod:Prediction+1","ats:Apocalypse","ats:Cat Scratch","ats:Closed Bolt Burst Fire","ats:Poison Spread","ats:Assault Order+1","ats:Chain Hook","ats:Hook Shot","ats:Shell Defense","ats:Charging Defense","ats:Charging Defense","ats:Defend Order","ats:Collapsing Strike","ats:Flexible Camouflage","Doubt","ats:Spore Proliferation+1"],"relics":["ats:Sanity","AT_ATBox","REME_ComplimentaryCards","Ring of Fury","Ring of Hypnosis","ats:Originium","CaptainsWheel","Snack Pack","Replay:Wax Seal"],"acts_visited":["Exordium"],"potions_floor_usage":[],"damage_taken":[{"damage":0,"enemies":"Cultist","floor":1,"turns":4},{"damage":0,"enemies":"2 Louse","floor":4,"turns":2},{"damage":53,"enemies":"Lagavulin","floor":7,"turns":7},{"damage":86,"enemies":"Gremlin Nob","floor":13,"turns":4}],"seed_played":"6863613624320091699","potions_obtained":[],"is_trial":true,"path_per_floor":["M","$","?","M","?","R","E","R","T","R","R","$","E"],"character_chosen":"DOCTOR_CLASS","items_purchased":["ats:Collapsing Strike","Replay:Wax Seal"],"campfire_rested":0,"item_purchase_floors":[2,12],"current_hp_per_floor":[69,69,69,69,69,69,27,27,27,27,27,27,0,0],"gold":9,"neow_bonus":"","is_daily":false,"chose_seed":false,"campfire_upgraded":4,"win_rate":0.0,"timestamp":1612193205,"path_taken":["M","$","?","M","?","R","E","R","T","R","R","$","E"],"items_purchased_type":["Card","Relic"],"build_version":"2020-12-22","purchased_purges":0,"victory":false,"max_hp_per_floor":[72,72,72,72,72,72,72,72,72,72,72,72,72,72],"card_choices":[{"not_picked":["ats:Flame Of Heaven","ats:Literary Storm"],"picked":"ats:Defend Order","floor":1},{"not_picked":["ats:Support Order","ats:Revitalization"],"picked":"ats:Flexible Camouflage","floor":4},{"not_picked":["ats:Blood Oath","ats:Assault Order"],"picked":"ats:Spore Proliferation","floor":7}],"player_experience":162815,"relics_obtained":[{"floor":5,"key":"Ring of Fury"},{"floor":5,"key":"Ring of Hypnosis"},{"floor":7,"key":"ats:Originium"},{"floor":7,"key":"CaptainsWheel"},{"floor":9,"key":"Snack Pack"}],"event_choices":[],"is_beta":false,"boss_relics":[],"items_purged_floors":[],"is_endless":true,"potions_floor_spawned":[],"killed_by":"Gremlin Nob","ascension_level":20}}