{"host":"qbjtml023iza03hb","time":1612200484,"event":{"mods":["AchievementEnabler","BaseMod","Better Sensory Stone","Hermit","Minty Spire (QoL Compilation)","StSLib","The Animator","The Cursed"],"gold_per_floor":[130,55,55,55,70,70,102,120,145,149,149],"floor_reached":10,"language":"FRA","playtime":964,"items_purged":["animator:Defend"],"score":76,"play_id":"943ccd7f-7ef8-47c8-b6c0-e2a591c15d1a","local_time":"20210201182804","is_ascension_mode":true,"campfire_choices":[{"data":"animator:RinTohsaka","floor":6.0,"key":"SMITH"}],"circlet_count":0,"master_deck":["animator:Strike_Overlord","animator:Defend_Overlord","animator:Strike","animator:Strike","animator:Strike","animator:Defend","animator:Defend","animator:Cocytus","animator:Demiurge+1","animator:RinTohsaka+1","animator:Ainz","animator:Fredrika","animator:Chris","animator:Add"],"relics":["animator:LivingPicture","animator:TheMissingPiece","StoneCalendar","Anchor"],"acts_visited":["Exordium"],"potions_floor_usage":[10],"damage_taken":[{"damage":0.0,"enemies":"Small Slimes","floor":1.0,"turns":3.0},{"damage":4.0,"enemies":"2 Louse","floor":5.0,"turns":3.0},{"damage":48.0,"enemies":"3 Sentries","floor":7.0,"turns":12.0},{"damage":1.0,"enemies":"Cultist","floor":8.0,"turns":5.0},{"damage":18,"enemies":"Gremlin Nob","floor":10,"turns":3}],"seed_played":"3169441638165061256","potions_obtained":[{"floor":1.0,"key":"ColorlessPotion"},{"floor":7.0,"key":"PowerPotion"}],"is_trial":false,"path_per_floor":["M","$","?","?","M","R","E","M","T","E"],"character_chosen":"THE_ANIMATOR","items_purchased":[],"campfire_rested":0,"item_purchase_floors":[],"current_hp_per_floor":[66,66,66,66,62,62,14,13,13,0,0],"gold":149,"neow_bonus":"UPGRADE_CARD","is_daily":false,"chose_seed":false,"campfire_upgraded":1,"win_rate":0.0,"timestamp":1612200484,"path_taken":["M","$","?","?","M","R","E","M","T","E"],"items_purchased_type":[],"build_version":"2020-12-22","purchased_purges":1,"victory":false,"max_hp_per_floor":[66,66,66,66,66,66,66,66,66,66,66],"card_choices":[{"not_picked":["animator:Alexander","animator:Rena"],"picked":"animator:RinTohsaka","floor":1.0},{"not_picked":["animator:Vanir","animator:SakuraMatou"],"picked":"animator:Fredrika","floor":5.0},{"not_picked":["animator:Demiurge","animator:Ara"],"picked":"animator:Chris","floor":7.0},{"not_picked":["animator:Chung","animator:Raven"],"picked":"animator:Add","floor":8}],"player_experience":536527,"relics_obtained":[{"floor":7.0,"key":"StoneCalendar"},{"floor":9,"key":"Anchor"}],"event_choices":[{"damage_healed":0.0,"max_hp_gain":0.0,"max_hp_loss":0.0,"gold_gain":0.0,"event_name":"Scrap Ooze","player_choice":"Fled","floor":3.0,"gold_loss":0.0,"damage_taken":0.0},{"damage_healed":0.0,"max_hp_gain":0.0,"max_hp_loss":0.0,"gold_gain":0.0,"event_name":"Match and Keep!","player_choice":"1 cards matched","floor":4.0,"gold_loss":0.0,"damage_taken":0.0,"cards_obtained":["animator:Ainz"]},{"damage_healed":0.0,"max_hp_gain":0.0,"max_hp_loss":0.0,"gold_gain":0.0,"event_name":"Match and Keep!","player_choice":"1 cards matched","floor":4.0,"gold_loss":0.0,"damage_taken":0.0,"cards_obtained":["animator:Ainz"]}],"is_beta":false,"boss_relics":[],"items_purged_floors":[2],"is_endless":false,"potions_floor_spawned":[1,7],"killed_by":"Gremlin Nob","ascension_level":3}}