{"host":"j9610sde00vfp93k","time":1612173687,"event":{"mods":["AchievementEnabler","BaseMod","Minty Spire (QoL Compilation)","StSLib","SuperFastMode"],"gold_per_floor":[369,385,385,404,77,77,106,123,123,23,23,23,23,41,41,41,41],"floor_reached":16,"language":"ENG","playtime":424,"items_purged":["Defend_R","Defend_R"],"score":100,"play_id":"6f9b0cc9-d63c-4402-bd7f-b4efcc102a8e","local_time":"20210201180127","is_ascension_mode":false,"campfire_choices":[{"data":"Bash","floor":6,"key":"SMITH"},{"floor":11,"key":"REST"},{"floor":15,"key":"REST"}],"circlet_count":0,"master_deck":["Strike_R","Strike_R","Strike_R","Strike_R","Strike_R","Defend_R","Bash+1","Clash+1","Writhe"],"relics":["Burning Blood","Molten Egg 2","Blood Vial"],"acts_visited":["Exordium"],"potions_floor_usage":[7],"damage_taken":[{"damage":6,"enemies":"Cultist","floor":1,"turns":3},{"damage":2,"enemies":"Small Slimes","floor":2,"turns":4},{"damage":8,"enemies":"2 Louse","floor":4,"turns":3},{"damage":28,"enemies":"Gremlin Nob","floor":7,"turns":4},{"damage":22,"enemies":"Large Slime","floor":8,"turns":5},{"damage":10,"enemies":"Exordium Thugs","floor":14,"turns":4},{"damage":71,"enemies":"The Guardian","floor":16,"turns":8}],"seed_played":"-4012757504796570062","potions_obtained":[{"floor":1,"key":"ColorlessPotion"},{"floor":2,"key":"Energy Potion"}],"is_trial":false,"path_per_floor":["M","M","?","M","$","R","E","M","T","$","R","?","?","M","R","B"],"character_chosen":"IRONCLAD","items_purchased":["Molten Egg 2"],"campfire_rested":2,"item_purchase_floors":[5],"current_hp_per_floor":[56,60,60,58,58,58,36,22,22,22,46,46,46,44,68,0,0],"gold":41,"neow_bonus":"TWO_FIFTY_GOLD","is_daily":false,"chose_seed":false,"campfire_upgraded":1,"win_rate":0.0,"timestamp":1612173687,"path_taken":["M","M","?","M","$","R","E","?","T","$","R","?","?","?","R","BOSS"],"items_purchased_type":["Relic"],"build_version":"2020-12-22","purchased_purges":2,"victory":false,"max_hp_per_floor":[80,80,80,80,80,80,80,80,80,80,80,80,80,80,80,80,80],"card_choices":[{"not_picked":["Anger","Hemokinesis","Spot Weakness"],"picked":"SKIP","floor":1},{"not_picked":["Twin Strike","True Grit","Searing Blow"],"picked":"SKIP","floor":2},{"not_picked":["Immolate","Headbutt","Dual Wield"],"picked":"SKIP","floor":4},{"not_picked":["Sever Soul+1","Iron Wave+1","Anger+1"],"picked":"SKIP","floor":7},{"not_picked":["Reaper+1","Anger+1"],"picked":"Clash+1","floor":8},{"not_picked":["Headbutt+1","Hemokinesis+1","Dark Embrace"],"picked":"SKIP","floor":14}],"player_experience":180838,"relics_obtained":[{"floor":7,"key":"Blood Vial"}],"event_choices":[{"damage_healed":0,"gold_gain":0,"player_choice":"Bought 0 Potions","damage_taken":0,"max_hp_gain":0,"max_hp_loss":0,"event_name":"The Woman in Blue","floor":3,"gold_loss":0},{"cards_removed":["Defend_R"],"damage_healed":0,"gold_gain":0,"player_choice":"Forget","damage_taken":0,"max_hp_gain":0,"max_hp_loss":0,"event_name":"Living Wall","floor":12,"gold_loss":0},{"damage_healed":0,"gold_gain":0,"player_choice":"1 cards matched","damage_taken":0,"max_hp_gain":0,"max_hp_loss":0,"event_name":"Match and Keep!","floor":13,"gold_loss":0,"cards_obtained":["Writhe"]}],"is_beta":false,"boss_relics":[],"items_purged_floors":[5,10],"is_endless":false,"potions_floor_spawned":[1,2],"killed_by":"The Guardian","ascension_level":0}}