{"host":"d61fcf2p3sjwe6yo","time":1612209767,"event":{"mods":["AchievementEnabler","BaseMod","Colored Map","Downfall","Minty Spire (QoL Compilation)","StSLib","SuperFastMode"],"gold_per_floor":[0,12,12,26,26,26,52,64,89,106,139,139,181,239,251,251,251],"floor_reached":16,"language":"ENG","playtime":582,"items_purged":[],"score":190,"play_id":"08af2810-3eac-42a2-b1e2-a6d4cbb003ac","local_time":"20210201230247","is_ascension_mode":true,"campfire_choices":[{"floor":1.0,"key":"RECALL"}],"circlet_count":0,"master_deck":["AscendersBane","sneckomod:Strike","sneckomod:Strike","sneckomod:Defend","sneckomod:Defend","sneckomod:Defend","sneckomod:TailWhip","sneckomod:SnekBite","sneckomod:Unknown","sneckomod:Unknown","sneckomod:QuickBite","Guardian:VentSteam","sneckomod:UnknownCommonAttack","sneckomod:UnknownRareAttack","sneckomod:UnknownUncommonSkill","sneckomod:UnknownCommonSkill","sneckomod:ImprovisedGuard"],"relics":["sneckomod:SneckoSoul","Unceasing Top","PreservedInsect","Orichalcum","Slimebound:PreparedRelic","Ornamental Fan"],"acts_visited":["Exordium"],"potions_floor_usage":[9,13,14,16],"damage_taken":[{"damage":5.0,"enemies":"Small Slimes","floor":2.0,"turns":3.0},{"damage":0.0,"enemies":"Cultist","floor":4.0,"turns":2.0},{"damage":0,"enemies":"2 Louse","floor":8,"turns":2},{"damage":8,"enemies":"Lagavulin","floor":9,"turns":4},{"damage":1,"enemies":"2 Fungi Beasts","floor":10,"turns":3},{"damage":4,"enemies":"3 Sentries","floor":11,"turns":5},{"damage":21,"enemies":"Exordium Thugs","floor":13,"turns":6},{"damage":35,"enemies":"Lagavulin Event","floor":14,"turns":6},{"damage":14,"enemies":"Blue Slaver","floor":15,"turns":4},{"damage":2,"enemies":"WA_ARCHETYPE_RETAIN","floor":16,"turns":2}],"seed_played":"-865562295214279740","potions_obtained":[{"floor":8,"key":"SkillPotion"},{"floor":11,"key":"champ:CounterPotion"},{"floor":14,"key":"Slimebound:ThreeZeroPotion"},{"floor":15,"key":"Energy Potion"}],"is_trial":false,"path_per_floor":["R","M","?","M","?","R","T","M","E","M","E","?","M","?","M","B"],"character_chosen":"THE_SNECKO","items_purchased":[],"campfire_rested":0,"item_purchase_floors":[],"current_hp_per_floor":[75,70,70,70,83,83,83,83,75,74,70,75,54,19,5,3,3],"gold":251,"neow_bonus":"ONE_RARE_RELIC","is_daily":false,"chose_seed":false,"campfire_upgraded":0,"win_rate":0.0,"timestamp":1612209767,"path_taken":["R","M","?","?","?","R","T","?","E","M","E","?","M","?","M","BOSS"],"items_purchased_type":[],"build_version":"2020-12-22","purchased_purges":0,"victory":false,"max_hp_per_floor":[83,83,83,83,83,83,83,83,83,83,83,88,88,88,88,88,88],"card_choices":[{"not_picked":["sneckomod:ImprovisedGuard","sneckomod:SoulDraw"],"picked":"sneckomod:QuickBite","floor":2.0},{"not_picked":["sneckomod:RainOfDice","sneckomod:DiceCrush","sneckomod:Unknown0Cost"],"picked":"SKIP","floor":4.0},{"not_picked":["sneckomod:SoulDraw","sneckomod:DefensiveFlair","sneckomod:ImprovisedAttack"],"picked":"SKIP","floor":8},{"not_picked":["sneckomod:Nope","sneckomod:ImprovisedGuard"],"picked":"sneckomod:UnknownCommonAttack","floor":9},{"not_picked":["sneckomod:UnknownCommonSkill","sneckomod:UnknownCommonAttack"],"picked":"sneckomod:UnknownRareAttack","floor":10},{"not_picked":["sneckomod:SoulRoll","sneckomod:SlitherStrike"],"picked":"sneckomod:UnknownUncommonSkill","floor":11},{"not_picked":["sneckomod:MixItUp","sneckomod:SoulDraw"],"picked":"sneckomod:UnknownCommonSkill","floor":13},{"not_picked":["sneckomod:SoulDraw","sneckomod:IronFang"],"picked":"sneckomod:ImprovisedGuard","floor":15}],"player_experience":750242,"relics_obtained":[{"floor":7.0,"key":"PreservedInsect"},{"floor":9,"key":"Orichalcum"},{"floor":11,"key":"Slimebound:PreparedRelic"},{"floor":14,"key":"Ornamental Fan"}],"event_choices":[{"damage_healed":13.0,"max_hp_gain":0.0,"max_hp_loss":0.0,"gold_gain":0.0,"event_name":"Wheel of Change","player_choice":"Full Heal","floor":5.0,"gold_loss":0.0,"damage_taken":0.0},{"damage_healed":0,"gold_gain":0,"player_choice":"Donut","damage_taken":0,"max_hp_gain":5,"max_hp_loss":0,"event_name":"Big Fish","floor":12,"gold_loss":0}],"is_beta":false,"boss_relics":[],"items_purged_floors":[],"is_endless":false,"potions_floor_spawned":[8,11,14,15],"killed_by":"WA_ARCHETYPE_RETAIN","ascension_level":14}}