{"host":"4kmvpqjeiacgn1pr","time":1612152294,"event":{"mods":["AchievementEnabler","BaseMod","Better Altar","Better Match","Better Note","Better Sensory Stone","Better Skull","Better Third Choice","Colored Map","Colored Powertips","Curses Come First","Downfall","Highlight Path","Infinite Spire","Minty Spire (QoL Compilation)","Permanent Neow","Quick Restart","Rare Cards Sparkle","Replay The Spire","Shop Mod","Spicy Shops","Spikes Relics","StSLib","Waifu the Spire"],"gold_per_floor":[112,130,130,55,72,106,122,122,122],"floor_reached":8,"language":"ENG","playtime":485,"items_purged":[],"score":87,"play_id":"805f52c9-abc8-4edc-bdc1-fcbfcb7d8ea7","local_time":"20210131230454","is_ascension_mode":true,"campfire_choices":[],"circlet_count":0,"master_deck":["AscendersBane","Strike_G","Strike_G","Strike_G","Strike_G","Strike_G","Defend_G","Defend_G","Defend_G","Defend_G","Defend_G","Survivor","Neutralize","Neutralize","Slimebound:Defend_Slimebound","Endless Agony","Underhanded Strike","ReplayTheSpireMod:Necrosis+1","Noxious Fumes","Predator","Bullet Time"],"relics":["Ring of the Snake","CherryCoatedStake","Art of War","Boot"],"acts_visited":["Exordium"],"potions_floor_usage":[8],"damage_taken":[{"damage":0,"enemies":"Small Slimes","floor":1,"turns":5},{"damage":1,"enemies":"Jaw Worm","floor":2,"turns":4},{"damage":0,"enemies":"Cultist","floor":5,"turns":5},{"damage":44,"enemies":"3 Sentries","floor":6,"turns":11},{"damage":10,"enemies":"Red Slaver","floor":7,"turns":4},{"damage":22,"enemies":"Lagavulin","floor":8,"turns":3}],"seed_played":"1883591059449802461","potions_obtained":[{"floor":6,"key":"Ancient Potion"},{"floor":7,"key":"BlessingOfTheForge"}],"is_trial":false,"path_per_floor":["M","M","?","?","M","E","M","E"],"character_chosen":"THE_SILENT","items_purchased":[],"campfire_rested":0,"item_purchase_floors":[],"current_hp_per_floor":[66,65,65,65,65,27,17,0,0],"gold":122,"neow_bonus":"ONE_RARE_RELIC","is_daily":false,"chose_seed":false,"campfire_upgraded":0,"win_rate":0.0,"timestamp":1612152294,"path_taken":["M","M","?","?","?","E","M","E"],"items_purchased_type":[],"build_version":"2020-12-22","purchased_purges":0,"victory":false,"max_hp_per_floor":[70,70,70,70,70,70,70,70,70],"card_choices":[{"not_picked":["Deadly Poison","Blade Dance"],"picked":"Endless Agony","floor":1},{"not_picked":["Footwork","Blade Dance"],"picked":"Underhanded Strike","floor":2},{"not_picked":["infinitespire:Neurotoxin+1","Doppelganger+1"],"picked":"ReplayTheSpireMod:Necrosis+1","floor":4},{"not_picked":["Flying Knee","Finisher"],"picked":"Noxious Fumes","floor":5},{"not_picked":["Cloak And Dagger","Fluid Movement"],"picked":"Predator","floor":6},{"not_picked":["Backflip","Dagger Spray"],"picked":"Bullet Time","floor":7}],"player_experience":409607,"relics_obtained":[{"floor":3,"key":"Art of War"},{"floor":6,"key":"Boot"}],"event_choices":[{"damage_healed":0,"gold_gain":0,"player_choice":"2","damage_taken":0,"max_hp_gain":0,"max_hp_loss":0,"event_name":"betterMatch:BetterMatch","floor":4,"gold_loss":0,"cards_obtained":["betterMatch:RareCard"]}],"is_beta":false,"boss_relics":[],"items_purged_floors":[],"is_endless":false,"potions_floor_spawned":[6,7],"killed_by":"Lagavulin","ascension_level":10}}