{"host":"2se5dq1do2gp0x9k","time":1612159368,"event":{"mods":["AchievementEnabler","BaseMod","Block Reminder","Colored Map","Colored Powertips","Minty Spire (QoL Compilation)","Relic Stats","StSLib","SuperFastMode"],"gold_per_floor":[362,378,52,71,83,116,116,116,143,161,175,175,175,175],"floor_reached":13,"language":"ENG","playtime":432,"items_purged":["Strike_B"],"score":174,"play_id":"e109ccb3-4e76-47bb-8b34-18f3852f4638","local_time":"20210131220248","is_ascension_mode":true,"campfire_choices":[{"data":"Zap","floor":8,"key":"SMITH"},{"data":"Reprogram","floor":12,"key":"SMITH"}],"circlet_count":0,"master_deck":["AscendersBane","Strike_B+1","Strike_B","Strike_B","Defend_B","Defend_B","Defend_B","Defend_B","Zap+1","Dualcast","Gash+1","Gash","Steam","Melter","Leap","Self Repair","Genetic Algorithm","Meteor Strike","Reprogram+1"],"relics":["Cracked Core","Toolbox","Whetstone","Centennial Puzzle"],"acts_visited":["Exordium"],"potions_floor_usage":[13],"damage_taken":[{"damage":4,"enemies":"Jaw Worm","floor":1,"turns":4},{"damage":1,"enemies":"Cultist","floor":2,"turns":3},{"damage":0,"enemies":"Small Slimes","floor":4,"turns":2},{"damage":6,"enemies":"2 Fungi Beasts","floor":5,"turns":4},{"damage":28,"enemies":"3 Sentries","floor":6,"turns":10},{"damage":8,"enemies":"Exordium Thugs","floor":10,"turns":4},{"damage":8,"enemies":"Large Slime","floor":11,"turns":5},{"damage":38,"enemies":"Gremlin Nob","floor":13,"turns":3}],"seed_played":"-6882435665720166226","potions_obtained":[{"floor":10,"key":"Fruit Juice"}],"is_trial":false,"path_per_floor":["M","M","$","M","M","E","?","R","T","M","M","R","E"],"character_chosen":"DEFECT","items_purchased":["Steam","Toolbox","Melter"],"campfire_rested":0,"item_purchase_floors":[3,3,3],"current_hp_per_floor":[60,59,59,59,53,32,32,32,32,31,30,30,0,0],"gold":175,"neow_bonus":"TWO_FIFTY_GOLD","is_daily":false,"chose_seed":false,"campfire_upgraded":2,"win_rate":0.0,"timestamp":1612159368,"path_taken":["M","M","$","M","M","E","?","R","T","?","M","R","E"],"items_purchased_type":["Card","Relic","Card"],"build_version":"2020-12-22","purchased_purges":1,"victory":false,"max_hp_per_floor":[64,64,64,64,64,64,64,64,64,64,64,64,69,69],"relic_stats":{"Centennial Puzzle":[9],"counters":[8,35],"Whetstone":["Gash","Strike_B"],"obtain_stats":[{"Centennial Puzzle":9,"Toolbox":3,"Whetstone":6,"Cracked Core":0},{"Centennial Puzzle":5,"Toolbox":2,"Whetstone":5,"Cracked Core":0},{"Centennial Puzzle":23,"Toolbox":7,"Whetstone":23,"Cracked Core":0}]},"card_choices":[{"not_picked":["Turbo","Defragment"],"picked":"Gash","floor":1},{"not_picked":["Skim","Go for the Eyes"],"picked":"Gash","floor":2},{"not_picked":["Blizzard","Stack"],"picked":"Leap","floor":4},{"not_picked":["Loop","Cold Snap"],"picked":"Self Repair","floor":5},{"not_picked":["Creative AI","Turbo"],"picked":"Genetic Algorithm","floor":6},{"not_picked":["Loop","Hello World","Stack"],"picked":"SKIP","floor":10},{"not_picked":["Turbo","Darkness"],"picked":"Reprogram","floor":11}],"player_experience":4039230,"relics_obtained":[{"floor":6,"key":"Whetstone"},{"floor":9,"key":"Centennial Puzzle"}],"event_choices":[{"damage_healed":0,"gold_gain":0,"player_choice":"1 cards matched","damage_taken":0,"max_hp_gain":0,"max_hp_loss":0,"event_name":"Match and Keep!","floor":7,"gold_loss":0,"cards_obtained":["Meteor Strike"]}],"is_beta":false,"boss_relics":[],"items_purged_floors":[3],"is_endless":false,"potions_floor_spawned":[10],"killed_by":"Gremlin Nob","ascension_level":20}}