{"host":"jx3f6ezc0g3s9edc","time":1612147389,"event":{"mods":["AchievementEnabler","BaseMod","Bestiary","Colored Map","Highlight Path","Minty Spire (QoL Compilation)","StSLib"],"gold_per_floor":[114,134,147,97,97,97,112,142,168,168,168,180,205,246,258,375,387,414,437,449,273,273,273,288,288,334,347,381,397,397,430,430,534,534,547,547,547,566,163,198,198,226,226,276,276,276,276,288,288,288,288],"floor_reached":50,"language":"ENG","playtime":4738,"items_purged":["Defend_P+1"],"score":775,"play_id":"7fca40a1-6015-4e5c-9f06-77db03b2d942","local_time":"20210131214309","is_ascension_mode":true,"campfire_choices":[{"data":"Eruption","floor":6.0,"key":"SMITH"},{"data":"DevaForm","floor":10.0,"key":"SMITH"},{"data":"BowlingBash","floor":15.0,"key":"SMITH"},{"data":"TalkToTheHand","floor":23.0,"key":"SMITH"},{"floor":25.0,"key":"REST"},{"data":"ThirdEye","floor":30.0,"key":"SMITH"},{"data":"FearNoEvil","floor":32.0,"key":"SMITH"},{"floor":41,"key":"REST"},{"data":"Adaptation","floor":45,"key":"SMITH"},{"data":"TalkToTheHand","floor":47,"key":"SMITH"},{"floor":49,"key":"REST"}],"circlet_count":0,"master_deck":["Strike_P+1","Strike_P+1","Defend_P+1","Defend_P+1","Defend_P+1","Eruption+1","Vigilance+1","FlurryOfBlows+1","ReachHeaven+1","CrushJoints+1","BowlingBash+1","DevaForm+1","DeceiveReality","FearNoEvil+1","LessonLearned+1","ThirdEye+1","TalkToTheHand+1","MentalFortress","LikeWater+1","FlyingSleeves+1","Wallop+1","FlurryOfBlows+1","Alpha+1","EmptyMind+1","Evaluate","Adaptation+1","JustLucky+1","TalkToTheHand+1"],"relics":["PureWater","Lantern","Boot","Ancient Tea Set","Omamori","MawBank","PreservedInsect","Sozu","Regal Pillow","Nunchaku","Whetstone","Centennial Puzzle","VioletLotus","Medical Kit","Akabeko","MealTicket","Anchor","Toxic Egg 2","Dead Branch"],"acts_visited":["Exordium","TheCity","TheBeyond"],"potions_floor_usage":[],"damage_taken":[{"damage":0.0,"enemies":"Jaw Worm","floor":1.0,"turns":6.0},{"damage":0.0,"enemies":"2 Louse","floor":2.0,"turns":3.0},{"damage":0.0,"enemies":"Small Slimes","floor":3.0,"turns":3.0},{"damage":0.0,"enemies":"Looter","floor":7.0,"turns":2.0},{"damage":0.0,"enemies":"3 Sentries","floor":8.0,"turns":6.0},{"damage":8.0,"enemies":"Exordium Thugs","floor":12.0,"turns":4.0},{"damage":10.0,"enemies":"Gremlin Nob","floor":14.0,"turns":3.0},{"damage":0.0,"enemies":"Slime Boss","floor":16.0,"turns":4.0},{"damage":6.0,"enemies":"2 Thieves","floor":18.0,"turns":2.0},{"damage":10.0,"enemies":"Shell Parasite","floor":19.0,"turns":6.0},{"damage":20.0,"enemies":"Shelled Parasite and Fungi","floor":24.0,"turns":9.0},{"damage":0.0,"enemies":"3 Cultists","floor":27.0,"turns":6.0},{"damage":12.0,"enemies":"Book of Stabbing","floor":28.0,"turns":7.0},{"damage":0.0,"enemies":"Centurion and Healer","floor":29.0,"turns":6.0},{"damage":0.0,"enemies":"Gremlin Leader","floor":31.0,"turns":3.0},{"damage":22.0,"enemies":"Collector","floor":33.0,"turns":11.0},{"damage":18.0,"enemies":"3 Shapes","floor":35.0,"turns":4.0},{"damage":10,"enemies":"3 Darklings","floor":38,"turns":3},{"damage":8,"enemies":"Giant Head","floor":40,"turns":6},{"damage":27,"enemies":"Nemesis","floor":42,"turns":6},{"damage":6,"enemies":"Mind Bloom Boss Battle","floor":44,"turns":7},{"damage":12,"enemies":"Spire Growth","floor":48,"turns":6},{"damage":59,"enemies":"Donu and Deca","floor":50,"turns":5}],"seed_played":"116504594915930999","potions_obtained":[{"floor":1.0,"key":"SteroidPotion"},{"floor":3.0,"key":"Block Potion"},{"floor":7.0,"key":"EntropicBrew"}],"is_trial":false,"path_per_floor":["M","M","M","?","?","R","M","E","T","R","?","M","T","E","R","B",null,"M","M","?","$","?","R","M","R","T","M","E","M","R","E","R","B",null,"M","?","?","M","$","E","R","E","T","?","R","?","R","M","R","B"],"character_chosen":"WATCHER","items_purchased":["MentalFortress","Regal Pillow","Adaptation","Medical Kit","Akabeko"],"campfire_rested":3,"item_purchase_floors":[21,21,39,39,39],"current_hp_per_floor":[72,72,72,72,65,65,65,65,65,65,65,57,57,47,47,47,72,66,56,56,56,56,56,36,72,72,72,60,60,60,60,60,38,72,54,54,54,44,44,36,68,41,41,35,35,35,35,23,58,0,0],"gold":288,"neow_bonus":"RANDOM_COMMON_RELIC","is_daily":false,"chose_seed":false,"campfire_upgraded":8,"win_rate":0.0,"timestamp":1612147389,"path_taken":["M","M","M","?","?","R","M","E","T","R","?","?","?","E","R","BOSS","M","M","?","$","?","R","M","R","T","M","E","M","R","E","R","BOSS","M","?","?","M","$","E","R","E","T","?","R","?","R","M","R","BOSS"],"items_purchased_type":["Card","Relic","Card","Relic","Relic"],"build_version":"2020-12-22","purchased_purges":1,"victory":false,"max_hp_per_floor":[72,72,72,72,72,72,72,72,72,72,72,72,72,72,72,72,72,72,72,72,72,72,72,72,72,72,72,72,72,72,72,72,72,72,72,72,68,68,68,68,68,68,68,68,68,68,68,68,68,68,68],"card_choices":[{"not_picked":["Swivel","JustLucky"],"picked":"FlurryOfBlows","floor":1.0},{"not_picked":["Nirvana","Adaptation"],"picked":"ReachHeaven","floor":2.0},{"not_picked":["EmptyBody","Collect"],"picked":"CrushJoints","floor":3.0},{"not_picked":["CarveReality","EmptyFist"],"picked":"BowlingBash","floor":7.0},{"not_picked":["Prostrate","BowlingBash"],"picked":"DevaForm","floor":8.0},{"not_picked":["CrushJoints","FollowUp"],"picked":"DeceiveReality","floor":12.0},{"not_picked":["Evaluate","Study"],"picked":"FearNoEvil","floor":14.0},{"not_picked":["Establishment","Wish"],"picked":"LessonLearned","floor":16.0},{"not_picked":["FearNoEvil","Conclude"],"picked":"ThirdEye","floor":18.0},{"not_picked":["FollowUp+1","FlyingSleeves"],"picked":"TalkToTheHand","floor":19.0},{"not_picked":["BowlingBash","MentalFortress"],"picked":"LikeWater+1","floor":24.0},{"not_picked":["Establishment","Consecrate"],"picked":"FlyingSleeves","floor":27.0},{"not_picked":["Nirvana","ThirdEye"],"picked":"Wallop+1","floor":28.0},{"not_picked":["JustLucky","InnerPeace"],"picked":"FlurryOfBlows+1","floor":29.0},{"not_picked":["CrushJoints","Swivel+1","JustLucky"],"picked":"SKIP","floor":31.0},{"not_picked":["Establishment","Blasphemy"],"picked":"Alpha","floor":33.0},{"not_picked":["FollowUp+1","ForeignInfluence+1"],"picked":"EmptyMind+1","floor":35.0},{"not_picked":["Collect","FlurryOfBlows+1"],"picked":"Evaluate","floor":38},{"not_picked":["SpiritShield","Perseverance","WindmillStrike"],"picked":"SKIP","floor":40},{"not_picked":["Protect","WaveOfTheHand"],"picked":"JustLucky+1","floor":42},{"not_picked":["BowlingBash","EmptyBody+1"],"picked":"TalkToTheHand","floor":44},{"not_picked":["ReachHeaven+1","Halt+1","SashWhip+1"],"picked":"SKIP","floor":48}],"player_experience":802931,"relics_obtained":[{"floor":8.0,"key":"Boot"},{"floor":9.0,"key":"Ancient Tea Set"},{"floor":13.0,"key":"MawBank"},{"floor":14.0,"key":"PreservedInsect"},{"floor":26.0,"key":"Nunchaku"},{"floor":28.0,"key":"Whetstone"},{"floor":31.0,"key":"Centennial Puzzle"},{"floor":40,"key":"MealTicket"},{"floor":42,"key":"Anchor"},{"floor":43,"key":"Toxic Egg 2"},{"floor":44,"key":"Dead Branch"}],"event_choices":[{"cards_removed":["Strike_P"],"damage_healed":0.0,"max_hp_gain":0.0,"max_hp_loss":0.0,"gold_gain":0.0,"event_name":"The Cleric","player_choice":"Card Removal","floor":4.0,"gold_loss":50.0,"damage_taken":0.0},{"cards_removed":["Strike_P"],"damage_healed":0.0,"max_hp_gain":0.0,"max_hp_loss":0.0,"gold_gain":0.0,"event_name":"Golden Wing","player_choice":"Card Removal","floor":5.0,"gold_loss":0.0,"damage_taken":7.0},{"damage_healed":0.0,"max_hp_gain":0.0,"max_hp_loss":0.0,"gold_gain":0.0,"event_name":"Dead Adventurer","player_choice":"Searched \u00271\u0027 times","floor":11.0,"gold_loss":0.0,"damage_taken":0.0,"relics_obtained":["Omamori"]},{"damage_healed":0.0,"max_hp_gain":0.0,"max_hp_loss":0.0,"gold_gain":0.0,"event_name":"Back to Basics","player_choice":"Simplicity","floor":20.0,"gold_loss":0.0,"damage_taken":0.0,"cards_upgraded":["Strike_P","Strike_P","Defend_P","Defend_P","Defend_P","Defend_P"]},{"damage_healed":0.0,"max_hp_gain":0.0,"max_hp_loss":0.0,"gold_gain":0.0,"event_name":"Cursed Tome","player_choice":"Ignored","floor":22.0,"gold_loss":0.0,"damage_taken":0.0},{"damage_healed":0,"gold_gain":0,"player_choice":"Ignored","damage_taken":0,"max_hp_gain":0,"max_hp_loss":0,"event_name":"Mysterious Sphere","floor":36,"gold_loss":0},{"damage_healed":0,"gold_gain":0,"player_choice":"Max HP","damage_taken":0,"max_hp_gain":0,"max_hp_loss":4,"event_name":"Winding Halls","floor":37,"gold_loss":0},{"damage_healed":0,"gold_gain":0,"player_choice":"Fight","damage_taken":0,"max_hp_gain":0,"max_hp_loss":0,"event_name":"MindBloom","floor":44,"gold_loss":0},{"damage_healed":0,"gold_gain":0,"player_choice":"Ignored","damage_taken":0,"max_hp_gain":0,"max_hp_loss":0,"event_name":"Tomb of Lord Red Mask","floor":46,"gold_loss":0}],"is_beta":false,"boss_relics":[{"not_picked":["Tiny House","Busted Crown"],"picked":"Sozu"},{"not_picked":["Velvet Choker","Cursed Key"],"picked":"VioletLotus"}],"items_purged_floors":[39],"is_endless":false,"potions_floor_spawned":[1,3,7,19,27,31,33,38,42],"killed_by":"Donu and Deca","ascension_level":4}}