{"host":"q0qnzbgdx8oqogg9","time":1612173242,"event":{"mods":["BaseMod","Minty Spire (QoL Compilation)","StSLib"],"gold_per_floor":[109,128,142,160,179,179,26,26,81,81,111,123,135,168,168,269,269,279,291,291,309,325,325,353,353,353,368,368,293,320,320,320,423,423,438,117,128,140,154,154,180,180,180,214,72,82,129,129,129,129],"floor_reached":51,"language":"ENG","playtime":2544,"items_purged":["Parasite"],"score":897,"play_id":"bff53d8e-2df4-4b75-b928-be7178c77386","local_time":"20210201045402","is_ascension_mode":true,"campfire_choices":[{"floor":6,"key":"DIG"},{"floor":8,"key":"DIG"},{"floor":10,"key":"DIG"},{"floor":15,"key":"DIG"},{"floor":23,"key":"DIG"},{"floor":25,"key":"REST"},{"floor":28,"key":"DIG"},{"floor":32,"key":"DIG"},{"floor":40,"key":"DIG"},{"floor":42,"key":"DIG"},{"floor":49,"key":"DIG"}],"circlet_count":0,"master_deck":["Strike_P+1","Strike_P+1","Strike_P+1","Defend_P+1","Defend_P+1","Defend_P+1","Defend_P+1","Eruption+1","Vigilance+1","FearNoEvil+1","ReachHeaven+1","EmptyBody+1","ClearTheMind+1","CutThroughFate+1","LessonLearned+1","CutThroughFate+1","Nirvana+1","Alpha+1","EmptyFist+1","Protect+1","Crescendo+1","FlurryOfBlows+1","Halt+1","DevaForm+1","CurseOfTheBell","TalkToTheHand+1","ThirdEye+1","DeceiveReality+1","DeceiveReality+1","Nirvana+1"],"relics":["PureWater","Shovel","Sundial","Nunchaku","Juzu Bracelet","Regal Pillow","Orichalcum","Bag of Preparation","Bronze Scales","Sozu","MutagenicStrength","Ornamental Fan","Centennial Puzzle","Vajra","Frozen Egg 2","Damaru","Akabeko","Question Card","Calling Bell","Art of War","InkBottle","FossilizedHelix","ClockworkSouvenir","Anchor","MealTicket","Ancient Tea Set","Mummified Hand","CeramicFish","Bag of Marbles","GoldenEye","Mark of the Bloom","War Paint"],"acts_visited":["Exordium","TheCity","TheBeyond"],"potions_floor_usage":[14,24,24],"damage_taken":[{"damage":0,"enemies":"2 Louse","floor":1,"turns":3},{"damage":4,"enemies":"Jaw Worm","floor":2,"turns":4},{"damage":0,"enemies":"Small Slimes","floor":3,"turns":3},{"damage":8,"enemies":"Looter","floor":4,"turns":3},{"damage":0,"enemies":"Large Slime","floor":5,"turns":5},{"damage":14,"enemies":"3 Sentries","floor":11,"turns":4},{"damage":0,"enemies":"2 Fungi Beasts","floor":12,"turns":3},{"damage":4,"enemies":"Blue Slaver","floor":13,"turns":3},{"damage":0,"enemies":"Gremlin Nob","floor":14,"turns":3},{"damage":24,"enemies":"The Guardian","floor":16,"turns":11},{"damage":0,"enemies":"Spheric Guardian","floor":18,"turns":2},{"damage":0,"enemies":"3 Byrds","floor":19,"turns":3},{"damage":29,"enemies":"Shelled Parasite and Fungi","floor":21,"turns":6},{"damage":6,"enemies":"3 Cultists","floor":22,"turns":4},{"damage":30,"enemies":"Gremlin Leader","floor":24,"turns":4},{"damage":0,"enemies":"Snecko","floor":27,"turns":3},{"damage":1,"enemies":"Slavers","floor":30,"turns":5},{"damage":35,"enemies":"Automaton","floor":33,"turns":8},{"damage":7,"enemies":"3 Darklings","floor":35,"turns":4},{"damage":0,"enemies":"Orb Walker","floor":37,"turns":4},{"damage":9,"enemies":"4 Shapes","floor":38,"turns":12},{"damage":0,"enemies":"Writhing Mass","floor":39,"turns":5},{"damage":2,"enemies":"Giant Head","floor":41,"turns":8},{"damage":0,"enemies":"Nemesis","floor":44,"turns":6},{"damage":0,"enemies":"Jaw Worm Horde","floor":46,"turns":4},{"damage":0,"enemies":"2 Orb Walkers","floor":47,"turns":3},{"damage":6,"enemies":"Awakened One","floor":50,"turns":13}],"seed_played":"4734276126670194815","potions_obtained":[{"floor":1,"key":"DuplicationPotion"},{"floor":3,"key":"Regen Potion"},{"floor":11,"key":"AttackPotion"},{"floor":14,"key":"BlessingOfTheForge"}],"is_trial":false,"path_per_floor":["M","M","M","M","M","R","$","R","T","R","E","M","M","E","R","B",null,"M","M","?","M","M","R","E","R","T","M","R","?","E","T","R","B",null,"M","$","M","M","M","R","E","R","T","E","$","M","?","?","R","B",null],"character_chosen":"WATCHER","items_purchased":["LessonLearned","ClockworkSouvenir","Anchor","ThirdEye","Nirvana+1"],"campfire_rested":1,"item_purchase_floors":[7,36,36,36,45],"current_hp_per_floor":[65,61,61,53,53,53,53,53,53,53,39,39,35,35,35,11,65,65,65,65,36,30,30,12,46,46,46,46,46,45,45,45,10,65,58,58,58,49,49,49,47,47,47,47,62,62,62,62,62,56],"gold":129,"neow_bonus":"ONE_RARE_RELIC","is_daily":false,"chose_seed":false,"campfire_upgraded":0,"win_rate":0.0,"timestamp":1612173242,"path_taken":["M","M","M","M","M","R","$","R","T","R","E","M","M","E","R","BOSS","M","M","?","M","M","R","E","R","T","M","R","?","E","?","R","BOSS","M","$","M","M","M","R","E","R","T","E","$","M","?","?","R","BOSS"],"items_purchased_type":["Card","Relic","Relic","Card","Card"],"build_version":"2020-12-22","purchased_purges":1,"victory":true,"max_hp_per_floor":[65,65,65,65,65,65,65,65,65,65,65,65,65,65,65,65,65,65,65,65,65,65,65,65,65,65,65,65,65,65,65,65,65,65,65,65,65,65,65,65,65,65,65,65,62,62,62,62,62,62],"card_choices":[{"not_picked":["Indignation","Vengeance"],"picked":"FearNoEvil","floor":1},{"not_picked":["BowlingBash","Evaluate"],"picked":"ReachHeaven","floor":2},{"not_picked":["Evaluate","DeceiveReality"],"picked":"EmptyBody","floor":3},{"not_picked":["FollowUp","Evaluate"],"picked":"ClearTheMind","floor":4},{"not_picked":["Halt","WreathOfFlame"],"picked":"CutThroughFate","floor":5},{"not_picked":["SpiritShield","Nirvana"],"picked":"CutThroughFate","floor":11},{"not_picked":["Halt","PathToVictory"],"picked":"Nirvana","floor":12},{"not_picked":["CutThroughFate","JustLucky","ClearTheMind"],"picked":"SKIP","floor":13},{"not_picked":["Nirvana","WindmillStrike","Perseverance"],"picked":"SKIP","floor":14},{"not_picked":["Blasphemy","Judgement"],"picked":"Alpha","floor":16},{"not_picked":["FlyingSleeves","Evaluate+1"],"picked":"EmptyFist+1","floor":18},{"not_picked":["Prostrate","Evaluate"],"picked":"Protect","floor":19},{"not_picked":["Evaluate","FearNoEvil"],"picked":"Crescendo","floor":21},{"not_picked":["EmptyFist","ConjureBlade"],"picked":"FlurryOfBlows","floor":22},{"not_picked":["ThirdEye","CutThroughFate"],"picked":"Halt+1","floor":24},{"not_picked":["MasterReality","Crescendo+1","EmptyBody"],"picked":"SKIP","floor":27},{"not_picked":["Evaluate","SignatureMove","CutThroughFate+1"],"picked":"SKIP","floor":30},{"not_picked":["Judgement","Establishment+1","ConjureBlade"],"picked":"DevaForm+1","floor":33},{"not_picked":["Prostrate","PathToVictory+1","Halt"],"picked":"TalkToTheHand","floor":35},{"not_picked":["WaveOfTheHand+1","ThirdEye+1","Evaluate+1","SashWhip"],"picked":"SKIP","floor":37},{"not_picked":["Halt+1","Adaptation+1","Prostrate+1","EmptyFist+1"],"picked":"SKIP","floor":38},{"not_picked":["EmptyFist+1","FearNoEvil+1","Swivel"],"picked":"DeceiveReality+1","floor":39},{"not_picked":["EmptyBody+1","WreathOfFlame+1","ThirdEye+1","Weave"],"picked":"SKIP","floor":41},{"not_picked":["Halt","Vengeance","Judgement"],"picked":"DeceiveReality","floor":44},{"not_picked":["Nirvana+1","Adaptation+1","ClearTheMind","Evaluate"],"picked":"SKIP","floor":46}],"player_experience":329111,"relics_obtained":[{"floor":6,"key":"Sundial"},{"floor":8,"key":"Nunchaku"},{"floor":9,"key":"Juzu Bracelet"},{"floor":10,"key":"Regal Pillow"},{"floor":11,"key":"Orichalcum"},{"floor":14,"key":"Bag of Preparation"},{"floor":15,"key":"Bronze Scales"},{"floor":23,"key":"Ornamental Fan"},{"floor":24,"key":"Centennial Puzzle"},{"floor":26,"key":"Vajra"},{"floor":28,"key":"Frozen Egg 2"},{"floor":30,"key":"Damaru"},{"floor":31,"key":"Akabeko"},{"floor":32,"key":"Question Card"},{"floor":34,"key":"Art of War"},{"floor":34,"key":"InkBottle"},{"floor":34,"key":"FossilizedHelix"},{"floor":40,"key":"MealTicket"},{"floor":41,"key":"Ancient Tea Set"},{"floor":42,"key":"Mummified Hand"},{"floor":43,"key":"CeramicFish"},{"floor":44,"key":"Bag of Marbles"},{"floor":47,"key":"GoldenEye"},{"floor":49,"key":"War Paint"}],"event_choices":[{"damage_healed":0,"gold_gain":0,"player_choice":"Inject Mutagens","damage_taken":0,"relics_obtained":["MutagenicStrength"],"max_hp_gain":0,"max_hp_loss":0,"event_name":"Drug Dealer","floor":20,"gold_loss":0},{"cards_removed":["Strike_P"],"damage_healed":0,"gold_gain":0,"player_choice":"Gave Gold","damage_taken":0,"max_hp_gain":0,"max_hp_loss":0,"event_name":"Beggar","floor":29,"gold_loss":75},{"damage_healed":0,"gold_gain":0,"player_choice":"Fight","damage_taken":0,"max_hp_gain":0,"max_hp_loss":0,"event_name":"Mysterious Sphere","floor":47,"gold_loss":0},{"damage_healed":0,"gold_gain":0,"player_choice":"Upgrade","damage_taken":0,"relics_obtained":["Mark of the Bloom"],"max_hp_gain":0,"max_hp_loss":0,"event_name":"MindBloom","floor":48,"gold_loss":0,"cards_upgraded":["Defend_P","Vigilance","EmptyBody","ClearTheMind","Nirvana","Protect","TalkToTheHand","ThirdEye","DeceiveReality"]}],"is_beta":false,"boss_relics":[{"not_picked":["Pandora\u0027s Box","Snecko Eye"],"picked":"Sozu"},{"not_picked":["Astrolabe","VioletLotus"],"picked":"Calling Bell"}],"items_purged_floors":[45],"is_endless":false,"potions_floor_spawned":[1,3,11,14,19,22,27,30,38,41,44,46],"ascension_level":1}}