{"host":"jfbo3eu2ui08ej1u","time":1612162940,"event":{"mods":["2.2 Compatiblity","AchievementEnabler","Act Like it!","Aspiration","BaseMod","Better Altar","Better Match","Better Note","Better Sensory Stone","Better Skull","Better Third Choice","Block Reminder","Colored Map","Colored Powertips","Conspire","DeckTracker","Displayed Cursed Tome","Energized Spire","Fox Events","GifTheSpireLib","Hubris","Infinite Spire","Marked Mod","Minty Spire (QoL Compilation)","Pale of the Ancients","Poor People Problems","Quick Restart","Relic Filter","Reliquary","Reorder Act Four","Replay The Spire","Shop Mod","Spicy Shops","Spire Arcade","StSLib","Stuff the Spire","The Blue Laboratory","The Disciple","The Forsaken","The Hierophant","The Marked","Uncapped","Unceasing Turn Reminder","Wandering Minibosses"],"gold_per_floor":[109,128,138,150,200,226,226,226,226],"floor_reached":8,"language":"ENG","playtime":388,"items_purged":[],"score":116,"play_id":"42d8171d-491d-40e2-9b23-baa1727370ce","local_time":"20210201020220","is_ascension_mode":true,"campfire_choices":[{"floor":7.0,"key":"REST"}],"circlet_count":0,"master_deck":["AscendersBane","Strike_R","Strike_R","Strike_R","Strike_R","Defend_R","Defend_R","Defend_R","Defend_R","Bash","Bloodletting","Sword Boomerang","infinitespire:OneForAll","Clash","Armaments","Hemogenesis"],"relics":["Burning Blood","infinitespire:FocusingShard"],"acts_visited":["Exordium"],"potions_floor_usage":[8,8],"damage_taken":[{"damage":5.0,"enemies":"Jaw Worm","floor":1.0,"turns":3.0},{"damage":18.0,"enemies":"2 Louse","floor":2.0,"turns":4.0},{"damage":5.0,"enemies":"Small Slimes","floor":3.0,"turns":3.0},{"damage":32.0,"enemies":"conspire:2 RoseBushes","floor":4.0,"turns":8.0},{"damage":28.0,"enemies":"Gremlin Nob","floor":6.0,"turns":4.0},{"damage":32,"enemies":"3 Sentries","floor":8,"turns":16}],"seed_played":"-5306187440874239523","potions_obtained":[{"floor":1.0,"key":"blueLaboratory:CorrosionFlask"},{"floor":2.0,"key":"blueLaboratory:FrostheartPotion"},{"floor":3.0,"key":"LiquidMemories"},{"floor":6.0,"key":"Weak Potion"}],"is_trial":false,"path_per_floor":["M","M","M","M","?","E","R","E"],"character_chosen":"IRONCLAD","items_purchased":[],"campfire_rested":1,"item_purchase_floors":[],"current_hp_per_floor":[69,57,58,32,32,10,32,5,5],"gold":226,"neow_bonus":"TRANSFORM_CARD","is_daily":false,"chose_seed":false,"campfire_upgraded":0,"win_rate":0.0,"timestamp":1612162940,"path_taken":["M","M","M","M","?","E","R","E"],"items_purchased_type":[],"build_version":"2020-12-22","purchased_purges":0,"victory":false,"max_hp_per_floor":[75,75,75,75,75,75,75,75,75],"card_choices":[{"not_picked":["Defy Death","Clash"],"picked":"Sword Boomerang","floor":1.0},{"not_picked":["Heavy Blade","StuffTheSpire:Incineration"],"picked":"infinitespire:OneForAll","floor":2.0},{"not_picked":["Havoc","ReplayReversal"],"picked":"Clash","floor":3.0},{"not_picked":["Sword Boomerang","Life Link"],"picked":"Armaments","floor":4.0},{"not_picked":["ReplayTheSpireMod:Stacked","True Grit"],"picked":"Hemogenesis","floor":6.0}],"player_experience":1268011,"relics_obtained":[{"floor":6.0,"key":"infinitespire:FocusingShard"}],"event_choices":[],"is_beta":false,"boss_relics":[],"items_purged_floors":[],"is_endless":false,"potions_floor_spawned":[1,2,3,6],"killed_by":"3 Sentries","ascension_level":20}}