{"host":"sav7uxregyirlf69","time":1612185509,"event":{"mods":["AchievementEnabler","BaseMod","Colored Map","DeckTracker","Keyboard Shortcuts","Minty Spire (QoL Compilation)","READ ME - Guardian Mod","StSLib","SuperFastMode"],"gold_per_floor":[116,134,134,59,59,89,103,120,120,20,20,20,37,52,52,128,128,128,128,128,128,128,128,128,128,128,128,45,45,45,45,45,45,45],"floor_reached":33,"language":"KOR","playtime":480,"items_purged":["Strike_R","Pain"],"score":628,"play_id":"dd4886ef-c510-4c26-b947-35a0a5c876c4","local_time":"20210201221829","is_ascension_mode":true,"campfire_choices":[{"data":"Searing Blow+1","floor":12,"key":"SMITH"},{"data":"Searing Blow+2","floor":15,"key":"SMITH"},{"data":"Searing Blow+3","floor":24,"key":"SMITH"},{"data":"Searing Blow+4","floor":29,"key":"SMITH"},{"floor":32,"key":"REST"}],"circlet_count":0,"master_deck":["AscendersBane","Strike_R","Strike_R","Defend_R+1","Defend_R","Defend_R","Defend_R","Bash","Whirlwind","Cleave","Iron Wave+1","Searing Blow+5","Uppercut+1","Immolate+1","Bludgeon+1","Second Wind+1","Power Through","Feel No Pain","Evolve","Sentinel"],"relics":["Burning Blood","NeowsBlessing","WarpedTongs","Molten Egg 2","HornCleat","Ectoplasm","War Paint","Sundial","Red Mask","Frozen Egg 2"],"acts_visited":["Exordium","TheCity"],"potions_floor_usage":[16,30,33],"damage_taken":[{"damage":0,"enemies":"Cultist","floor":1,"turns":1},{"damage":0,"enemies":"Jaw Worm","floor":2,"turns":1},{"damage":0,"enemies":"Lagavulin","floor":6,"turns":1},{"damage":1,"enemies":"2 Louse","floor":7,"turns":2},{"damage":9,"enemies":"Looter","floor":8,"turns":3},{"damage":4,"enemies":"Exordium Wildlife","floor":13,"turns":2},{"damage":8,"enemies":"Exordium Thugs","floor":14,"turns":3},{"damage":41,"enemies":"Hexaghost","floor":16,"turns":8},{"damage":0,"enemies":"Chosen","floor":18,"turns":3},{"damage":0,"enemies":"Spheric Guardian","floor":19,"turns":3},{"damage":1,"enemies":"Centurion and Healer","floor":21,"turns":5},{"damage":8,"enemies":"Sentry and Sphere","floor":22,"turns":4},{"damage":27,"enemies":"Slavers","floor":23,"turns":5},{"damage":1,"enemies":"Snake Plant","floor":25,"turns":3},{"damage":5,"enemies":"Masked Bandits","floor":27,"turns":4},{"damage":15,"enemies":"Gremlin Leader","floor":30,"turns":5},{"damage":28,"enemies":"Cultist and Chosen","floor":31,"turns":5},{"damage":38,"enemies":"Collector","floor":33,"turns":4}],"seed_played":"-8290159789219698880","potions_obtained":[{"floor":2,"key":"ColorlessPotion"},{"floor":13,"key":"SteroidPotion"},{"floor":14,"key":"LiquidBronze"},{"floor":16,"key":"GamblersBrew"},{"floor":30,"key":"FearPotion"}],"is_trial":false,"path_per_floor":["M","M","?","$","?","E","M","M","T","$","?","R","M","M","R","B",null,"M","M","?","M","M","E","R","M","T","?","$","R","E","M","R","B"],"character_chosen":"IRONCLAD","items_purchased":["Sentinel"],"campfire_rested":1,"item_purchase_floors":[28],"current_hp_per_floor":[74,75,68,68,68,74,75,72,72,72,72,72,74,72,72,37,66,72,75,54,59,57,36,36,41,41,42,42,42,33,11,35,0,0],"gold":45,"neow_bonus":"THREE_ENEMY_KILL","is_daily":false,"chose_seed":false,"campfire_upgraded":4,"win_rate":0.0,"timestamp":1612185509,"path_taken":["M","?","?","$","?","E","?","M","T","$","?","R","M","M","R","BOSS","M","?","?","M","M","E","R","M","T","?","$","R","E","M","R","BOSS"],"items_purchased_type":["Card"],"build_version":"2020-12-22","purchased_purges":2,"victory":false,"max_hp_per_floor":[75,75,75,75,75,75,75,75,75,75,75,75,75,75,75,75,75,75,75,80,80,80,80,80,80,80,80,80,80,80,80,80,80,80],"card_choices":[{"not_picked":["Clash","Metallicize"],"picked":"Whirlwind","floor":1},{"not_picked":["Combust","Iron Wave"],"picked":"Cleave","floor":2},{"not_picked":["True Grit","Rage"],"picked":"Iron Wave+1","floor":6},{"not_picked":["Hemokinesis+1","Combust"],"picked":"Searing Blow+1","floor":7},{"not_picked":["Shrug It Off","Perfected Strike+1"],"picked":"Uppercut+1","floor":8},{"not_picked":["Armaments","Perfected Strike+1"],"picked":"Immolate+1","floor":13},{"not_picked":["Pummel+1","Wild Strike+1","Perfected Strike+1"],"picked":"SKIP","floor":14},{"not_picked":["Immolate+1","Barricade"],"picked":"Bludgeon+1","floor":16},{"not_picked":["Heavy Blade+1","True Grit","Blood for Blood+1"],"picked":"SKIP","floor":18},{"not_picked":["Thunderclap+1","Armaments"],"picked":"Second Wind","floor":19},{"not_picked":["Body Slam+1","Inflame"],"picked":"Power Through","floor":21},{"not_picked":["Power Through+1","True Grit"],"picked":"Feel No Pain","floor":22},{"not_picked":["Body Slam+1","Cleave+1"],"picked":"Evolve","floor":23},{"not_picked":["Evolve","Clothesline+1","Rage"],"picked":"SKIP","floor":25},{"not_picked":["Warcry","Armaments","Headbutt+1"],"picked":"SKIP","floor":30},{"not_picked":["Thunderclap+1","Pummel+1","Headbutt+1"],"picked":"SKIP","floor":31}],"player_experience":1455487,"relics_obtained":[{"floor":6,"key":"Molten Egg 2"},{"floor":9,"key":"HornCleat"},{"floor":23,"key":"War Paint"},{"floor":26,"key":"Sundial"},{"floor":27,"key":"Red Mask"},{"floor":30,"key":"Frozen Egg 2"}],"event_choices":[{"cards_removed":["Strike_R"],"damage_healed":0,"gold_gain":0,"player_choice":"Card Removal","damage_taken":7,"max_hp_gain":0,"max_hp_loss":0,"event_name":"Golden Wing","floor":3,"gold_loss":0},{"damage_healed":0,"gold_gain":0,"player_choice":"Rummage","damage_taken":0,"relics_obtained":["WarpedTongs"],"max_hp_gain":0,"max_hp_loss":0,"event_name":"Accursed Blacksmith","floor":5,"gold_loss":0,"cards_obtained":["Pain"]},{"cards_removed":["Strike_R"],"damage_healed":0,"gold_gain":0,"player_choice":"Purged","damage_taken":0,"max_hp_gain":0,"max_hp_loss":0,"event_name":"Purifier","floor":11,"gold_loss":0},{"damage_healed":0,"gold_gain":0,"player_choice":"Shed Blood","damage_taken":26,"max_hp_gain":5,"max_hp_loss":0,"event_name":"Forgotten Altar","floor":20,"gold_loss":0},{"damage_healed":0,"gold_gain":0,"player_choice":"Fought Bandits","damage_taken":0,"max_hp_gain":0,"max_hp_loss":0,"event_name":"Masked Bandits","floor":27,"gold_loss":0}],"is_beta":false,"boss_relics":[{"not_picked":["Calling Bell","SlaversCollar"],"picked":"Ectoplasm"}],"items_purged_floors":[4,10],"is_endless":false,"potions_floor_spawned":[2,13,14,16,19,23,25,30,31],"killed_by":"Collector","ascension_level":20}}