{"host":"syozzdlzcqop4jia","time":1612214588,"event":{"mods":["BaseMod","Colored Map","Colored Powertips","Minty Spire (QoL Compilation)","Quick Restart"],"gold_per_floor":[112,112,132,142,142,142,155,155,207,207,222,251,331,360,360,360,360],"floor_reached":16,"language":"ENG","playtime":840,"items_purged":[],"score":132,"play_id":"11799bad-99a0-4aac-aff1-ef0cdfb70b2c","local_time":"20210201222308","is_ascension_mode":true,"campfire_choices":[{"data":"Twin Strike","floor":6,"key":"SMITH"},{"data":"Armaments","floor":8,"key":"SMITH"},{"data":"Shrug It Off","floor":10,"key":"SMITH"},{"floor":15,"key":"REST"}],"circlet_count":0,"master_deck":["Strike_R+1","Strike_R","Strike_R","Strike_R+1","Strike_R","Defend_R","Defend_R","Defend_R","Defend_R","Bash+1","Twin Strike+1","Cleave","Shrug It Off+1","Armaments+1","Flex","Flame Barrier","Sword Boomerang"],"relics":["Burning Blood","Tiny Chest","Whetstone","Letter Opener","PreservedInsect"],"acts_visited":["Exordium"],"potions_floor_usage":[16,16,16],"damage_taken":[{"damage":8,"enemies":"Jaw Worm","floor":1,"turns":4},{"damage":1,"enemies":"Cultist","floor":3,"turns":3},{"damage":10,"enemies":"Small Slimes","floor":4,"turns":3},{"damage":6,"enemies":"Blue Slaver","floor":7,"turns":4},{"damage":15,"enemies":"Large Slime","floor":11,"turns":5},{"damage":21,"enemies":"3 Sentries","floor":12,"turns":9},{"damage":24,"enemies":"Lagavulin","floor":14,"turns":7},{"damage":64,"enemies":"The Guardian","floor":16,"turns":10}],"seed_played":"7579910742338294819","potions_obtained":[{"floor":4,"key":"PowerPotion"},{"floor":7,"key":"SteroidPotion"},{"floor":14,"key":"EssenceOfSteel"}],"is_trial":false,"path_per_floor":["M","?","M","M","?","R","M","R","T","R","M","E","T","E","R","B"],"character_chosen":"IRONCLAD","items_purchased":[],"campfire_rested":1,"item_purchase_floors":[],"current_hp_per_floor":[78,83,85,81,81,81,81,81,81,81,72,57,57,39,64,0,0],"gold":360,"neow_bonus":"UPGRADE_CARD","is_daily":false,"chose_seed":false,"campfire_upgraded":3,"win_rate":0.0,"timestamp":1612214588,"path_taken":["M","?","M","M","?","R","M","R","T","R","M","E","?","E","R","BOSS"],"items_purchased_type":[],"build_version":"2020-12-22","purchased_purges":0,"victory":false,"max_hp_per_floor":[80,85,85,85,85,85,85,85,85,85,85,85,85,85,85,85,85],"card_choices":[{"not_picked":["Armaments","Thunderclap"],"picked":"Twin Strike","floor":1},{"not_picked":["True Grit","Dark Embrace"],"picked":"Cleave","floor":3},{"not_picked":["Infernal Blade","Evolve"],"picked":"Shrug It Off","floor":4},{"not_picked":["Warcry","Combust"],"picked":"Armaments","floor":7},{"not_picked":["Berserk","Cleave"],"picked":"Flex","floor":11},{"not_picked":["Blood for Blood","Entrench"],"picked":"Flame Barrier","floor":12},{"not_picked":["Disarm","Blood for Blood"],"picked":"Sword Boomerang","floor":14}],"player_experience":496801,"relics_obtained":[{"floor":9,"key":"Tiny Chest"},{"floor":12,"key":"Whetstone"},{"floor":13,"key":"Letter Opener"},{"floor":14,"key":"PreservedInsect"}],"event_choices":[{"damage_healed":0,"gold_gain":0,"player_choice":"Donut","damage_taken":0,"max_hp_gain":5,"max_hp_loss":0,"event_name":"Big Fish","floor":2,"gold_loss":0},{"damage_healed":0,"gold_gain":0,"player_choice":"Ignored","damage_taken":0,"max_hp_gain":0,"max_hp_loss":0,"event_name":"Golden Idol","floor":5,"gold_loss":0}],"is_beta":false,"boss_relics":[],"items_purged_floors":[],"is_endless":false,"potions_floor_spawned":[4,7,14],"killed_by":"The Guardian","ascension_level":4}}