{"host":"kkntor5wdjky96yl","time":1612198604,"event":{"mods":["AchievementEnabler","BaseMod","Colored Map","KOR Keyword Fix","Minty Spire (QoL Compilation)","Shop Mod","StSLib","SuperFastMode","Swap Starting Deck Mod"],"gold_per_floor":[113,125,136,136,155,184,184,216,216,243,259,209,209,222,222,318,318,337,348,348,56,74,74,100,100,100,100,100,126,126,152,152,251,251,271,289,303,323,323,323,334,334,334,334,384,398,398,398],"floor_reached":49,"language":"KOR","playtime":1557,"items_purged":[],"score":1072,"play_id":"95330f3d-6e05-4951-9203-199d30785f77","local_time":"20210202015644","is_ascension_mode":true,"campfire_choices":[{"data":"Rampage","floor":7.0,"key":"SMITH"},{"floor":13.0,"key":"REST"},{"data":"Shrug It Off","floor":15.0,"key":"SMITH"},{"floor":23.0,"key":"DIG"},{"floor":25.0,"key":"DIG"},{"floor":28.0,"key":"DIG"},{"floor":32.0,"key":"DIG"},{"floor":40,"key":"DIG"},{"floor":42,"key":"DIG"},{"floor":44,"key":"DIG"}],"circlet_count":0,"master_deck":["Rampage+1","Headbutt","Headbutt","Headbutt","Shrug It Off+1","Shrug It Off+1","Shrug It Off","Shrug It Off+1","Battle Trance","Warcry","CurseOfTheBell","Corruption","Anger+1","Parasite"],"relics":["Burning Blood","swapstartingdeckmod:Bellows","Potion Belt","Eternal Feather","Self Forming Clay","Singing Bowl","Gremlin Horn","Incense Burner","MerchantsRug","Shovel","Ornamental Fan","Shuriken","Blood Vial","Pantograph","Boot","PreservedInsect","Unceasing Top","Dream Catcher","Bottled Lightning","Sozu","Strawberry","TungstenRod","Letter Opener","Peace Pipe","Dead Branch"],"acts_visited":["Exordium","TheCity","TheBeyond"],"potions_floor_usage":[48,48],"damage_taken":[{"damage":4.0,"enemies":"Jaw Worm","floor":1.0,"turns":3.0},{"damage":0.0,"enemies":"Small Slimes","floor":2.0,"turns":2.0},{"damage":0.0,"enemies":"2 Louse","floor":3.0,"turns":2.0},{"damage":22.0,"enemies":"Gremlin Gang","floor":5.0,"turns":3.0},{"damage":12.0,"enemies":"Lagavulin","floor":6.0,"turns":5.0},{"damage":22.0,"enemies":"Gremlin Nob","floor":8.0,"turns":4.0},{"damage":12.0,"enemies":"Lagavulin","floor":10.0,"turns":5.0},{"damage":7.0,"enemies":"2 Fungi Beasts","floor":11.0,"turns":3.0},{"damage":3.0,"enemies":"Looter","floor":14.0,"turns":3.0},{"damage":30.0,"enemies":"The Guardian","floor":16.0,"turns":5.0},{"damage":2.0,"enemies":"Shell Parasite","floor":18.0,"turns":4.0},{"damage":0.0,"enemies":"Chosen","floor":19.0,"turns":4.0},{"damage":29.0,"enemies":"Snake Plant","floor":22.0,"turns":4.0},{"damage":14.0,"enemies":"Gremlin Leader","floor":24.0,"turns":4.0},{"damage":27.0,"enemies":"Book of Stabbing","floor":29.0,"turns":5.0},{"damage":0.0,"enemies":"Gremlin Leader","floor":31.0,"turns":3.0},{"damage":21,"enemies":"Collector","floor":33,"turns":6},{"damage":0,"enemies":"Orb Walker","floor":35,"turns":4},{"damage":6,"enemies":"3 Shapes","floor":36,"turns":4},{"damage":26,"enemies":"3 Darklings","floor":37,"turns":4},{"damage":10,"enemies":"Writhing Mass","floor":38,"turns":4},{"damage":0,"enemies":"Transient","floor":41,"turns":5},{"damage":0,"enemies":"Mind Bloom Boss Battle","floor":45,"turns":5},{"damage":0,"enemies":"Sphere and 2 Shapes","floor":46,"turns":4},{"damage":40,"enemies":"Donu and Deca","floor":48,"turns":8}],"seed_played":"8429828973144965853","potions_obtained":[{"floor":6.0,"key":"AttackPotion"},{"floor":8.0,"key":"ElixirPotion"},{"floor":14.0,"key":"EntropicBrew"},{"floor":16.0,"key":"Explosive Potion"},{"floor":19.0,"key":"BlessingOfTheForge"},{"floor":22.0,"key":"SneckoOil"},{"floor":31.0,"key":"EssenceOfSteel"},{"floor":33,"key":"Energy Potion"}],"is_trial":false,"path_per_floor":["M","M","M","$","M","E","R","E","T","E","M","?","R","M","R","B",null,"M","M","?","$","M","R","E","R","T","?","R","E","T","E","R","B",null,"M","M","M","M","?","R","M","R","T","R","?","M","?","B",null],"character_chosen":"IRONCLAD","items_purchased":["MerchantsRug","Shovel"],"campfire_rested":1,"item_purchase_floors":[21,21],"current_hp_per_floor":[74,80,80,80,64,58,58,42,42,38,39,39,70,75,81,59,81,87,92,92,92,71,77,71,77,77,58,64,47,47,57,63,75,98,107,109,89,89,91,104,114,120,120,122,124,126,126,92],"gold":398,"neow_bonus":"","is_daily":false,"chose_seed":false,"campfire_upgraded":2,"win_rate":0.0,"timestamp":1612198604,"path_taken":["M","M","M","$","M","E","R","E","T","E","M","?","R","M","R","BOSS","M","M","?","$","M","R","E","R","T","?","R","E","?","E","R","BOSS","M","M","M","M","?","R","M","R","T","R","?","M","?","BOSS"],"items_purchased_type":["Relic","Relic"],"build_version":"2020-12-22","purchased_purges":0,"victory":true,"max_hp_per_floor":[80,80,80,80,80,80,80,80,80,82,84,84,84,86,86,88,88,90,92,92,92,94,94,96,96,96,101,101,103,103,105,105,105,105,107,109,109,111,113,120,122,122,122,122,124,126,126,126],"card_choices":[{"not_picked":["Headbutt","Heavy Blade"],"picked":"Warcry","floor":1.0},{"not_picked":["Wild Strike","Cleave","Sentinel"],"picked":"SKIP","floor":2.0},{"not_picked":["Heavy Blade","Wild Strike","Shockwave"],"picked":"SKIP","floor":3.0},{"not_picked":["Armaments","Shrug It Off","Uppercut"],"picked":"SKIP","floor":5.0},{"not_picked":["Sword Boomerang","Juggernaut","Bloodletting"],"picked":"SKIP","floor":6.0},{"not_picked":["Demon Form","Havoc","True Grit"],"picked":"SKIP","floor":8.0},{"not_picked":["Whirlwind","Flex","Dual Wield"],"picked":"Singing Bowl","floor":10.0},{"not_picked":["Battle Trance","Clothesline","Clash"],"picked":"Singing Bowl","floor":11.0},{"not_picked":["Anger","Sever Soul","Sword Boomerang"],"picked":"Singing Bowl","floor":14.0},{"not_picked":["Barricade","Fiend Fire","Brutality"],"picked":"Singing Bowl","floor":16.0},{"not_picked":["Rampage","Havoc","Clash"],"picked":"Singing Bowl","floor":18.0},{"not_picked":["Wild Strike","Whirlwind+1","Havoc"],"picked":"Singing Bowl","floor":19.0},{"not_picked":["Anger+1","Pommel Strike","Thunderclap"],"picked":"Singing Bowl","floor":22.0},{"not_picked":["Clash","Demon Form","Bloodletting"],"picked":"Singing Bowl","floor":24.0},{"not_picked":["Dual Wield","Cleave","Clothesline"],"picked":"Singing Bowl","floor":29.0},{"not_picked":["Iron Wave","Warcry","Flame Barrier"],"picked":"Singing Bowl","floor":31.0},{"not_picked":["Reaper","Barricade"],"picked":"Corruption","floor":33},{"not_picked":["Wild Strike+1","Havoc+1","Sword Boomerang+1"],"picked":"Singing Bowl","floor":35},{"not_picked":["Second Wind","Warcry","Clash+1"],"picked":"Singing Bowl","floor":36},{"not_picked":["Rage","Evolve"],"picked":"Anger+1","floor":37},{"not_picked":["Warcry+1","Body Slam+1","Perfected Strike+1"],"picked":"Singing Bowl","floor":38},{"not_picked":["Good Instincts","Blind","PanicButton"],"picked":"Singing Bowl","floor":39},{"not_picked":["Infernal Blade+1","Uppercut","Limit Break"],"picked":"Singing Bowl","floor":41},{"not_picked":["Rage+1","Dual Wield","Headbutt+1"],"picked":"Singing Bowl","floor":45},{"not_picked":["True Grit+1","Thunderclap","Iron Wave"],"picked":"Singing Bowl","floor":46}],"player_experience":130185,"relics_obtained":[{"floor":6.0,"key":"Potion Belt"},{"floor":8.0,"key":"Eternal Feather"},{"floor":9.0,"key":"Self Forming Clay"},{"floor":10.0,"key":"Singing Bowl"},{"floor":17.0,"key":"War Paint"},{"floor":17.0,"key":"Gremlin Horn"},{"floor":17.0,"key":"Incense Burner"},{"floor":23.0,"key":"Ornamental Fan"},{"floor":24.0,"key":"Shuriken"},{"floor":25.0,"key":"Blood Vial"},{"floor":26.0,"key":"Pantograph"},{"floor":28.0,"key":"Boot"},{"floor":29.0,"key":"PreservedInsect"},{"floor":30.0,"key":"Unceasing Top"},{"floor":31.0,"key":"Dream Catcher"},{"floor":32.0,"key":"Bottled Lightning"},{"floor":40,"key":"Strawberry"},{"floor":42,"key":"TungstenRod"},{"floor":43,"key":"Letter Opener"},{"floor":44,"key":"Peace Pipe"},{"floor":45,"key":"Dead Branch"}],"event_choices":[{"cards_removed":["Headbutt"],"damage_healed":0.0,"max_hp_gain":0.0,"max_hp_loss":0.0,"gold_gain":0.0,"event_name":"The Cleric","player_choice":"Card Removal","floor":12.0,"gold_loss":50.0,"damage_taken":0.0},{"damage_healed":0.0,"max_hp_gain":0.0,"max_hp_loss":0.0,"gold_gain":0.0,"event_name":"Cursed Tome","player_choice":"Ignored","floor":20.0,"gold_loss":0.0,"damage_taken":0.0},{"damage_healed":0.0,"max_hp_gain":5.0,"max_hp_loss":0.0,"gold_gain":0.0,"event_name":"Forgotten Altar","player_choice":"Shed Blood","floor":27.0,"gold_loss":0.0,"damage_taken":24.0},{"damage_healed":0,"gold_gain":0,"player_choice":"Memory 1","damage_taken":0,"max_hp_gain":0,"max_hp_loss":0,"event_name":"SensoryStone","floor":39,"gold_loss":0},{"damage_healed":0,"gold_gain":0,"player_choice":"Fight","damage_taken":0,"max_hp_gain":0,"max_hp_loss":0,"event_name":"MindBloom","floor":45,"gold_loss":0},{"damage_healed":0,"gold_gain":0,"player_choice":"Took Portal","damage_taken":0,"max_hp_gain":0,"max_hp_loss":0,"event_name":"SecretPortal","floor":47,"gold_loss":0}],"is_beta":false,"boss_relics":[{"not_picked":["Snecko Eye","Runic Pyramid"],"picked":"Calling Bell"},{"not_picked":["Fusion Hammer","Tiny House"],"picked":"Sozu"}],"items_purged_floors":[],"is_endless":false,"potions_floor_spawned":[6,8,14,16,19,22,31,33,37,38,45,46],"ascension_level":6}}