{"host":"9rexl4trwadr43zo","time":1612196231,"event":{"mods":["BaseMod","Colored Map","Minty Spire (QoL Compilation)"],"gold_per_floor":[114,124,142,142,159,189,189,220,220,73,73,73,91,107,107,208,208,228,243,67,79,79,79,79,79,102,102,118,118,137,170,170,266,266,283,35,48,48,58,58,88,138,209,209,209,209,226,239,239,239],"floor_reached":51,"language":"ENG","playtime":2641,"items_purged":["Strike_R","Strike_R","Strike_R"],"score":732,"play_id":"d9e2bfbf-fe4c-4236-b3d0-07bea41014ac","local_time":"20210201161711","is_ascension_mode":false,"campfire_choices":[{"data":"Iron Wave","floor":7,"key":"SMITH"},{"floor":12,"key":"REST"},{"data":"Shrug It Off","floor":15,"key":"SMITH"},{"data":"Limit Break","floor":23,"key":"SMITH"},{"data":"Bash","floor":25,"key":"SMITH"},{"data":"Inflame","floor":27,"key":"SMITH"},{"floor":29,"key":"REST"},{"floor":32,"key":"REST"},{"floor":40,"key":"REST"},{"floor":44,"key":"REST"},{"data":"Shrug It Off","floor":46,"key":"SMITH"},{"floor":49,"key":"REST"}],"circlet_count":0,"master_deck":["Defend_R","Defend_R","Defend_R","Defend_R","Bash+1","Inflame+1","Iron Wave+1","Pommel Strike+1","Spot Weakness","Heavy Blade","Shrug It Off+1","Heavy Blade","Limit Break+1","Disarm","Pommel Strike+1","Necronomicurse","Entrench+1","Shrug It Off+1"],"relics":["Burning Blood","Sundial","Whetstone","Blood Vial","Busted Crown","Necronomicon","Vajra","Question Card","Black Star","Pen Nib","Boot","Girya","InkBottle"],"acts_visited":["Exordium","TheCity","TheBeyond"],"potions_floor_usage":[6,50,50,50],"damage_taken":[{"damage":1,"enemies":"Cultist","floor":1,"turns":4},{"damage":1,"enemies":"Jaw Worm","floor":2,"turns":4},{"damage":2,"enemies":"2 Louse","floor":3,"turns":3},{"damage":13,"enemies":"Lots of Slimes","floor":5,"turns":6},{"damage":22,"enemies":"3 Sentries","floor":6,"turns":7},{"damage":19,"enemies":"Lagavulin","floor":8,"turns":7},{"damage":7,"enemies":"Blue Slaver","floor":13,"turns":4},{"damage":7,"enemies":"2 Fungi Beasts","floor":14,"turns":3},{"damage":3,"enemies":"Slime Boss","floor":16,"turns":8},{"damage":21,"enemies":"Spheric Guardian","floor":18,"turns":5},{"damage":13,"enemies":"2 Thieves","floor":19,"turns":4},{"damage":10,"enemies":"Cultist and Chosen","floor":21,"turns":4},{"damage":20,"enemies":"Centurion and Healer","floor":28,"turns":4},{"damage":14,"enemies":"Shelled Parasite and Fungi","floor":30,"turns":5},{"damage":20,"enemies":"Book of Stabbing","floor":31,"turns":4},{"damage":29,"enemies":"Collector","floor":33,"turns":4},{"damage":22,"enemies":"3 Darklings","floor":35,"turns":5},{"damage":39,"enemies":"3 Shapes","floor":37,"turns":3},{"damage":19,"enemies":"Maw","floor":39,"turns":6},{"damage":62,"enemies":"Giant Head","floor":41,"turns":7},{"damage":0,"enemies":"Mind Bloom Boss Battle","floor":42,"turns":5},{"damage":6,"enemies":"Jaw Worm Horde","floor":47,"turns":4},{"damage":50,"enemies":"Transient","floor":48,"turns":5},{"damage":60,"enemies":"Donu and Deca","floor":50,"turns":7}],"seed_played":"-6105436952410850744","potions_obtained":[{"floor":1,"key":"Strength Potion"},{"floor":2,"key":"AttackPotion"},{"floor":5,"key":"SteroidPotion"},{"floor":13,"key":"DistilledChaos"},{"floor":16,"key":"DuplicationPotion"},{"floor":42,"key":"Regen Potion"}],"is_trial":false,"path_per_floor":["M","M","M","?","M","E","R","E","T","$","?","R","M","M","R","B",null,"M","M","$","M","$","R","?","R","T","R","M","R","M","E","R","B",null,"M","$","M","?","M","R","E","?","T","R","?","R","M","M","R","B",null],"character_chosen":"IRONCLAD","items_purchased":["Shrug It Off","Heavy Blade","Disarm","Shrug It Off","FairyPotion"],"campfire_rested":6,"item_purchase_floors":[10,10,20,36,36],"current_hp_per_floor":[88,88,88,81,74,58,58,45,45,45,45,71,72,73,73,78,88,73,68,68,66,66,66,50,50,50,50,38,64,58,46,72,51,88,72,72,41,33,22,48,32,40,40,66,66,66,68,26,52,14],"gold":239,"neow_bonus":"TEN_PERCENT_HP_BONUS","is_daily":false,"chose_seed":false,"campfire_upgraded":6,"win_rate":0.0,"timestamp":1612196231,"path_taken":["M","?","M","?","M","E","R","E","T","$","?","R","M","M","R","BOSS","M","M","$","M","?","R","?","R","T","R","M","R","M","E","R","BOSS","M","$","M","?","?","R","E","?","T","R","?","R","?","M","R","BOSS"],"items_purchased_type":["Card","Card","Card","Card","Potion"],"build_version":"2020-12-22","purchased_purges":3,"victory":true,"max_hp_per_floor":[88,88,88,88,88,88,88,88,88,88,88,88,88,88,88,88,88,88,88,88,88,88,88,88,88,88,88,88,88,88,88,88,88,88,88,88,88,88,88,88,88,88,88,88,88,88,88,88,88,88],"card_choices":[{"not_picked":["Heavy Blade","Metallicize"],"picked":"Inflame","floor":1},{"not_picked":["Havoc","Metallicize"],"picked":"Iron Wave","floor":2},{"not_picked":["Clothesline","Twin Strike"],"picked":"Pommel Strike","floor":3},{"not_picked":["Fire Breathing","Pommel Strike"],"picked":"Spot Weakness","floor":5},{"not_picked":["Pommel Strike","Flex"],"picked":"Heavy Blade","floor":6},{"not_picked":["Armaments","Immolate","Clash"],"picked":"SKIP","floor":8},{"not_picked":["Second Wind","Armaments","Infernal Blade"],"picked":"SKIP","floor":13},{"not_picked":["Dual Wield","Twin Strike","Clothesline"],"picked":"SKIP","floor":14},{"not_picked":["Immolate","Barricade"],"picked":"Limit Break","floor":16},{"not_picked":["Spot Weakness"],"picked":"SKIP","floor":18},{"not_picked":["Twin Strike"],"picked":"SKIP","floor":19},{"not_picked":[],"picked":"Pommel Strike+1","floor":21},{"not_picked":["Heavy Blade"],"picked":"SKIP","floor":28},{"not_picked":["Dark Embrace"],"picked":"SKIP","floor":30},{"not_picked":["Thunderclap"],"picked":"SKIP","floor":31},{"not_picked":["Anger+1"],"picked":"Entrench+1","floor":35},{"not_picked":["Cleave+1","Iron Wave"],"picked":"SKIP","floor":37},{"not_picked":["Sword Boomerang+1","Perfected Strike+1"],"picked":"SKIP","floor":39},{"not_picked":["Rupture+1","Thunderclap+1"],"picked":"SKIP","floor":41},{"not_picked":["Pommel Strike+1","Inflame+1"],"picked":"SKIP","floor":47},{"not_picked":["Sword Boomerang+1","Heavy Blade"],"picked":"SKIP","floor":48}],"player_experience":274911,"relics_obtained":[{"floor":6,"key":"Sundial"},{"floor":8,"key":"Whetstone"},{"floor":9,"key":"Blood Vial"},{"floor":24,"key":"Necronomicon"},{"floor":26,"key":"Vajra"},{"floor":31,"key":"Question Card"},{"floor":41,"key":"Pen Nib"},{"floor":41,"key":"Boot"},{"floor":42,"key":"Girya"},{"floor":43,"key":"InkBottle"}],"event_choices":[{"cards_removed":["Strike_R"],"damage_healed":0,"gold_gain":0,"player_choice":"Card Removal","damage_taken":7,"max_hp_gain":0,"max_hp_loss":0,"event_name":"Golden Wing","floor":4,"gold_loss":0},{"damage_healed":0,"gold_gain":0,"player_choice":"Leave","damage_taken":0,"max_hp_gain":0,"max_hp_loss":0,"event_name":"FaceTrader","floor":11,"gold_loss":0},{"damage_healed":0,"gold_gain":0,"player_choice":"Obtained Book","damage_taken":16,"max_hp_gain":0,"max_hp_loss":0,"event_name":"Cursed Tome","floor":24,"gold_loss":0},{"damage_healed":0,"gold_gain":0,"player_choice":"Damaged","damage_taken":8,"max_hp_gain":0,"max_hp_loss":0,"event_name":"Wheel of Change","floor":38,"gold_loss":0},{"damage_healed":0,"gold_gain":0,"player_choice":"Fight","damage_taken":0,"max_hp_gain":0,"max_hp_loss":0,"event_name":"MindBloom","floor":42,"gold_loss":0},{"cards_removed":["Strike_R"],"damage_healed":0,"gold_gain":0,"player_choice":"Offered Basic","damage_taken":0,"max_hp_gain":0,"max_hp_loss":0,"event_name":"Bonfire Elementals","floor":45,"gold_loss":0}],"is_beta":false,"boss_relics":[{"not_picked":["SlaversCollar","Calling Bell"],"picked":"Busted Crown"},{"not_picked":["Runic Pyramid","Pandora\u0027s Box"],"picked":"Black Star"}],"items_purged_floors":[10,20,36],"is_endless":false,"potions_floor_spawned":[1,2,5,13,16,31,42,48],"ascension_level":0}}