{"host":"j4g6ia6asvpyu2b0","time":1612209719,"event":{"mods":["BaseMod","Colored Map","Minty Spire (QoL Compilation)","Permanent Neow","Quick Restart","Relic Stats","StSLib","Unceasing Turn Reminder"],"gold_per_floor":[10,10,21,21,32,61,61,87,135,160,178,192,192,203,203,299,299,310,310,322,342,392,392,421,441,465,499,499,499],"floor_reached":28,"language":"ENG","playtime":711,"items_purged":[],"score":378,"play_id":"c96b4380-6694-4e85-a6f4-edd0ca8871c1","local_time":"20210201130159","is_ascension_mode":true,"campfire_choices":[{"data":"Electrodynamics","floor":7,"key":"SMITH"},{"data":"Capacitor","floor":13,"key":"SMITH"},{"data":"Storm","floor":15,"key":"SMITH"},{"floor":23,"key":"REST"}],"circlet_count":0,"master_deck":["Strike_B","Strike_B","Strike_B","Defend_B","Defend_B","Defend_B","Defend_B","Zap","Dualcast","Electrodynamics+1","Static Discharge+1","Ball Lightning","Compile Driver","Leap","BootSequence","Machine Learning","Capacitor+1","Lockon","Storm+1","Amplify","Reboot","Coolheaded","Ball Lightning","Undo","Aggregate","Defragment"],"relics":["Cracked Core","StrikeDummy","Akabeko","Lantern","Nunchaku","Fusion Hammer","Kunai","Happy Flower","Blood Vial"],"acts_visited":["Exordium","TheCity"],"potions_floor_usage":[24,28],"damage_taken":[{"damage":2,"enemies":"Jaw Worm","floor":1,"turns":3},{"damage":10,"enemies":"2 Louse","floor":3,"turns":2},{"damage":0,"enemies":"Cultist","floor":5,"turns":3},{"damage":25,"enemies":"Lagavulin","floor":6,"turns":5},{"damage":11,"enemies":"3 Sentries","floor":8,"turns":3},{"damage":1,"enemies":"Lagavulin","floor":10,"turns":5},{"damage":0,"enemies":"2 Fungi Beasts","floor":11,"turns":2},{"damage":0,"enemies":"Red Slaver","floor":12,"turns":2},{"damage":2,"enemies":"Exordium Wildlife","floor":14,"turns":2},{"damage":14,"enemies":"Hexaghost","floor":16,"turns":6},{"damage":0,"enemies":"Chosen","floor":18,"turns":3},{"damage":9,"enemies":"Shell Parasite","floor":20,"turns":2},{"damage":25,"enemies":"Shelled Parasite and Fungi","floor":21,"turns":3},{"damage":20,"enemies":"Gremlin Leader","floor":24,"turns":5},{"damage":6,"enemies":"Chosen and Byrds","floor":25,"turns":4},{"damage":16,"enemies":"Book of Stabbing","floor":27,"turns":4},{"damage":9,"enemies":"Snake Plant","floor":28,"turns":1}],"seed_played":"-5681389599219526581","potions_obtained":[{"floor":3,"key":"ColorlessPotion"},{"floor":11,"key":"AttackPotion"},{"floor":12,"key":"BlessingOfTheForge"},{"floor":14,"key":"Energy Potion"},{"floor":24,"key":"Explosive Potion"}],"is_trial":false,"path_per_floor":["M","?","M","$","M","E","R","E","T","E","M","M","R","M","R","B",null,"M","?","M","M","?","R","E","M","T","E","M"],"character_chosen":"DEFECT","items_purchased":[],"campfire_rested":1,"item_purchase_floors":[],"current_hp_per_floor":[66,66,56,56,56,31,31,20,20,19,19,19,19,17,17,3,57,57,57,48,23,23,45,25,19,19,3,0,0],"gold":499,"neow_bonus":"THREE_RARE_CARDS","is_daily":false,"chose_seed":false,"campfire_upgraded":3,"win_rate":0.0,"timestamp":1612209719,"path_taken":["M","?","M","$","M","E","R","E","T","E","M","M","R","M","R","BOSS","M","?","M","?","?","R","E","M","T","E","M"],"items_purchased_type":[],"build_version":"2020-12-22","purchased_purges":0,"victory":false,"max_hp_per_floor":[75,75,75,75,75,75,75,75,75,75,75,75,75,75,75,75,75,75,75,75,75,75,75,75,75,75,75,75,75],"relic_stats":{"Blood Vial":2,"Nunchaku":[4],"Happy Flower":[1],"counters":[17,55],"Kunai":[1],"obtain_stats":[{"Blood Vial":27,"Lantern":9,"Nunchaku":10,"Happy Flower":26,"Fusion Hammer":17,"Kunai":24,"Cracked Core":0,"StrikeDummy":6,"Akabeko":8},{"Blood Vial":16,"Lantern":5,"Nunchaku":6,"Happy Flower":15,"Fusion Hammer":10,"Kunai":14,"Cracked Core":0,"StrikeDummy":4,"Akabeko":5},{"Blood Vial":54,"Lantern":16,"Nunchaku":21,"Happy Flower":50,"Fusion Hammer":33,"Kunai":46,"Cracked Core":0,"StrikeDummy":13,"Akabeko":16}]},"card_choices":[{"not_picked":["Core Surge","Reboot"],"picked":"Electrodynamics","floor":0},{"not_picked":["Beam Cell","FTL"],"picked":"Static Discharge","floor":1},{"not_picked":["Tempest","Cold Snap"],"picked":"Ball Lightning","floor":3},{"not_picked":["Meteor Strike","Steam"],"picked":"Compile Driver","floor":5},{"not_picked":["Meteor Strike","Steam Power"],"picked":"Leap","floor":6},{"not_picked":["Chaos","Sweeping Beam"],"picked":"BootSequence","floor":8},{"not_picked":["Conserve Battery","Reprogram"],"picked":"Machine Learning","floor":10},{"not_picked":["Double Energy","Doom and Gloom"],"picked":"Capacitor","floor":11},{"not_picked":["Compile Driver","Steam"],"picked":"Lockon","floor":12},{"not_picked":["Streamline","Cold Snap"],"picked":"Storm","floor":14},{"not_picked":["Rainbow","Hyperbeam"],"picked":"Amplify","floor":16},{"not_picked":["Fusion","Streamline","Steam Power"],"picked":"SKIP","floor":18},{"not_picked":["Tempest","Leap"],"picked":"Coolheaded","floor":20},{"not_picked":["Conserve Battery","Genetic Algorithm"],"picked":"Ball Lightning","floor":21},{"not_picked":["Amplify","Sweeping Beam+1"],"picked":"Undo","floor":24},{"not_picked":["FTL+1","Gash"],"picked":"Aggregate","floor":25},{"not_picked":["Cold Snap","Blizzard"],"picked":"Defragment","floor":27}],"player_experience":1089281,"relics_obtained":[{"floor":6,"key":"StrikeDummy"},{"floor":8,"key":"Akabeko"},{"floor":9,"key":"Lantern"},{"floor":10,"key":"Nunchaku"},{"floor":24,"key":"Kunai"},{"floor":26,"key":"Happy Flower"},{"floor":27,"key":"Blood Vial"}],"event_choices":[{"damage_healed":0,"gold_gain":0,"player_choice":"Grow","damage_taken":0,"max_hp_gain":0,"max_hp_loss":0,"event_name":"Living Wall","floor":2,"gold_loss":0,"cards_upgraded":["Static Discharge"]},{"damage_healed":0,"gold_gain":0,"cards_transformed":["Strike_B"],"player_choice":"Transformed","damage_taken":0,"max_hp_gain":0,"max_hp_loss":0,"event_name":"Transmorgrifier","floor":19,"gold_loss":0,"cards_obtained":["Reboot"]},{"damage_healed":0,"gold_gain":100,"player_choice":"Bet on Murderer","damage_taken":0,"max_hp_gain":0,"max_hp_loss":0,"event_name":"The Joust","floor":22,"gold_loss":50}],"is_beta":false,"boss_relics":[{"not_picked":["Ectoplasm","Pandora\u0027s Box"],"picked":"Fusion Hammer"}],"items_purged_floors":[],"is_endless":false,"potions_floor_spawned":[3,11,12,14,24],"killed_by":"Snake Plant","ascension_level":7}}