{"host":"takgv9cv6xf64vhq","time":1612172264,"event":{"mods":["BaseMod","Colored Powertips","Conspire","Decade(王小明)","Downfall","Energized Spire","Hermit","Hubris","LagranYue(拉格朗・月)","Marisa（F雨　魔理沙）","Minty Spire (QoL Compilation)","Replay The Spire","StSLib","The Cursed","The Hierophant","The Jungle","The Servant 0.9.4","TheHeartMod"],"gold_per_floor":[117,131,142,142,153,153,164,220,269,294,394,430,430,446,446,447,447,464,139,139,170,170,204,204,234,234,257,287,287,287,287,287,410,410,463,463,463,67,145,298,468,785,785,785,392,774,14,379,379,379,379,379,31,31,31],"floor_reached":54,"language":"ZHS","playtime":3666,"items_purged":["Regret","Regret","Regret"],"score":1262,"play_id":"a4befd9a-b994-40c7-b88f-4dc32c68b2e8","local_time":"20210201173744","is_ascension_mode":true,"campfire_choices":[{"data":"Neutralize","floor":6.0,"key":"SMITH"},{"data":"Terror","floor":13.0,"key":"SMITH"},{"data":"Survivor","floor":15.0,"key":"SMITH"},{"data":"Dodge and Roll","floor":24.0,"key":"SMITH"},{"floor":49,"key":"RECALL"},{"data":"Reprogram","floor":52,"key":"SMITH"}],"circlet_count":0,"master_deck":["Defend_G","Defend_G","Defend_G","Defend_G","Defend_G","Survivor+1","Neutralize+1","ReplayTheSpireMod:Speed Training","Slice","Bouncing Flask","Dagger Throw","Terror+1","Parasite","PiercingWail","Deadly Poison","hubris:Greed","Atom Bomb","Dodge and Roll+1","Caltrops+1","A Thousand Cuts+1","hubris:Despair","Well Laid Plans+1","Turbo","Dagger Throw","Glass Knife","hubris:Despair","ReplayTheSpireMod:IOU","hubris:Greed","Backflip+1","hubris:Greed","Sneak Up","hubris:Greed","hubris:Greed","Adrenaline","hubris:DuctTapeCard","hubris:Greed","hubris:Greed","Blade Dance+1","ReplayUltimateDefense+1","CommonCold","hubris:Greed","hubris:Greed","hubris:Greed","hubris:Greed","hubris:Greed","Poisoned Stab+1","hubris:Greed","hubris:Greed","hubris:Greed","hubris:Greed","hubris:Greed","hubris:Greed","hubris:Greed","hubris:Greed","hubris:Greed","hubris:Greed","hubris:Greed","hubris:Greed","Masterful Stab+1","hubris:Greed","hubris:Greed","hubris:Greed","hubris:Greed","hubris:Greed","hubris:Greed","hubris:Greed","hubris:Greed","hubris:Greed","hubris:Greed","hubris:Greed","hubris:Greed","hubris:Greed","hubris:Greed","hubris:Greed","hubris:Greed","hubris:Greed","hubris:Greed","hubris:Greed","hubris:Greed","hubris:Greed","hubris:Greed","hubris:Greed","hubris:Greed","hubris:Greed","hubris:Greed","hubris:Greed","hubris:Greed","hubris:Greed","hubris:Greed","hubris:Greed","hubris:Greed","hubris:Greed","hubris:Greed","Reprogram+1","ReplayTheSpireMod:Splinters","TheCursedMod:Dregs","ReplayTheSpireMod:Restless Dread","ReplayTheSpireMod:IOU","ReplayTheSpireMod:IOU","Accuracy+1","Slice","conspire:NecroticWound","Enlightenment","Metamorphosis","ReplayTheSpireMod:IOU","ReplayTheSpireMod:IOU","ReplayTheSpireMod:IOU","hubris:Greed","hubris:Greed","hubris:Greed","hubris:Greed","hubris:Greed","hubris:Greed","hubris:Greed","hubris:Greed","hubris:Greed","hubris:Greed","hubris:Greed","hubris:Greed","hubris:Greed","Malaise","ReplayTheSpireMod:Scrap Shanks+1","hubris:Counter","downfall:Icky","ReplayTheSpireMod:IOU","Replay:BasicMightCard+1","Backflip","Backflip","Slice+1","Sadistic Nature+1","Languid","hubris:Greed"],"relics":["energizedSpire:CursedPentagram","Frozen Egg 2","Replay:Mystery Machine","Replay:Baseball","downfall:ExtraCursedKey","Chameleon Ring","Kintsugi","hubris:DisguiseKit","hubris:TenFootPole","ReplayTheSpireMod:Ring of Collecting","Ring of Fangs","InkBottle","hubris:DuctTape","Ring of Misfortune","Eternal Feather","theJungle:BirthdayCake","hubris:Icosahedron","expansioncontent:StudyCardRelic","hubris:Towel","Kunai","OrangePellets","conspire:Boomerang","Bird Faced Urn","Replay:Wax Seal","ReplayTheSpireMod:Ring of Challenge","ReplayTheSpireMod:Ring of Sloth","hexamod:CandleOfCauterizing","conspire:TopHat","LagranYue:GuidanceLightRelic","HandDrill","conspire:Flyswatter","Chemical X","Akabeko","Blue Doll","Oddly Smooth Stone"],"acts_visited":["Exordium","Exordium","TheBeyond","TheEnding"],"potions_floor_usage":[40,41,48,48,50],"damage_taken":[{"damage":0.0,"enemies":"Jaw Worm","floor":1.0,"turns":3.0},{"damage":5.0,"enemies":"Cultist","floor":2.0,"turns":6.0},{"damage":0.0,"enemies":"2 Louse","floor":3.0,"turns":5.0},{"damage":0.0,"enemies":"Looter","floor":5.0,"turns":4.0},{"damage":3.0,"enemies":"Large Slime","floor":7.0,"turns":6.0},{"damage":15.0,"enemies":"3 Sentries","floor":10.0,"turns":9.0},{"damage":0.0,"enemies":"Lagavulin","floor":12.0,"turns":3.0},{"damage":4.0,"enemies":"3 Louse","floor":14.0,"turns":5.0},{"damage":21.0,"enemies":"Hexaghost","floor":16.0,"turns":6.0},{"damage":6.0,"enemies":"theJungle:MUSHROOMGANG","floor":18.0,"turns":6.0},{"damage":15.0,"enemies":"conspire:MimicChest","floor":21.0,"turns":3.0},{"damage":30.0,"enemies":"theJungle:Cassacara","floor":23.0,"turns":7.0},{"damage":9.0,"enemies":"theJungle:2_Phrogs","floor":25.0,"turns":8.0},{"damage":0.0,"enemies":"theJungle:GiantWrat","floor":27.0,"turns":6.0},{"damage":0.0,"enemies":"theJungle:Snecko_Cultist_And_Trap","floor":28.0,"turns":6.0},{"damage":11.0,"enemies":"theJungle:TotemBoss","floor":33.0,"turns":6.0},{"damage":0,"enemies":"3 Shapes","floor":35,"turns":4},{"damage":0,"enemies":"Orb Walker","floor":39,"turns":5},{"damage":0,"enemies":"R_Hoarder","floor":40,"turns":7},{"damage":9,"enemies":"Mind Bloom Boss Battle","floor":41,"turns":5},{"damage":0,"enemies":"Nemesis","floor":42,"turns":9},{"damage":27,"enemies":"R_Hoarder","floor":46,"turns":8},{"damage":8,"enemies":"Transient","floor":48,"turns":5},{"damage":80,"enemies":"conspire:OrnateMirror","floor":50,"turns":28},{"damage":97,"enemies":"Shield and Spear","floor":54,"turns":5}],"seed_played":"-7963408586700830826","potions_obtained":[{"floor":1.0,"key":"Reflective Coating"},{"floor":7.0,"key":"Languid Potion"},{"floor":8.0,"key":"Fire Potion"},{"floor":10.0,"key":"Guardian:BlockOnCardUsePotion"},{"floor":23.0,"key":"Fire Potion"},{"floor":27.0,"key":"Block Potion"},{"floor":28.0,"key":"champ:CounterPotion"},{"floor":40,"key":"Toxic Potion"},{"floor":46,"key":"SkillPotion"}],"is_trial":false,"path_per_floor":["M","M","M","?","M","R","M","?","T","E","?","E","R","M","R","B",null,"M","$","?","?","?","E","R","E","T","M","M","?","?","?","R","B",null,"M","?","?","$","M","E","?","E","T","T","$","E","$","M","R","B",null,"R","$","E"],"character_chosen":"THE_SILENT","items_purchased":["hubris:DisguiseKit","Kunai","OrangePellets","conspire:TopHat","LagranYue:GuidanceLightRelic","HandDrill","Accuracy+1","Slice","Enlightenment","Metamorphosis","Chemical X","ReplayTheSpireMod:Scrap Shanks+1","Akabeko","Blue Doll","hubris:Counter","Replay:BasicMightCard+1","Backflip","Oddly Smooth Stone","Sadistic Nature+1"],"campfire_rested":0,"item_purchase_floors":[19,38,38,45,45,45,45,45,45,45,47,47,47,47,47,47,47,53,53],"current_hp_per_floor":[70,65,65,65,65,65,62,62,62,47,52,52,52,48,48,27,75,69,69,69,54,54,24,24,15,15,15,15,35,35,35,53,70,95,95,95,95,95,95,95,86,95,95,95,95,70,70,73,95,21,95,95,95,0,0],"gold":31,"neow_bonus":"BOSS_RELIC","is_daily":false,"chose_seed":false,"campfire_upgraded":5,"win_rate":0.0,"timestamp":1612172264,"path_taken":["M","M","M","?","?","R","M","?","T","E","?","E","R","M","R","BOSS","M","$","?","?","?","E","R","E","T","?","M","?","?","?","R","BOSS","M","?","?","$","M","E","?","E","T","?","$","E","?","M","R","BOSS","R","$","E"],"items_purchased_type":["Relic","Relic","Relic","Relic","Relic","Relic","Card","Card","Card","Card","Relic","Card","Relic","Relic","Card","Card","Card","Relic","Card"],"build_version":"2020-12-22","purchased_purges":3,"victory":false,"max_hp_per_floor":[70,70,70,70,70,70,70,70,70,70,75,75,75,75,75,75,75,75,75,75,75,75,75,75,75,75,75,75,95,95,95,95,95,95,95,95,95,95,95,95,95,95,95,95,95,95,95,95,95,95,95,95,95,95,95],"card_choices":[{"not_picked":["Reflex","Dodge and Roll"],"picked":"ReplayTheSpireMod:Speed Training","floor":1.0},{"not_picked":["hubris:SlightOfHand","Riddle With Holes"],"picked":"Slice","floor":2.0},{"not_picked":["Toxin Wave","Bane","Slice"],"picked":"SKIP","floor":3.0},{"not_picked":["Atom Bomb","Deflect"],"picked":"Dagger Throw","floor":5.0},{"not_picked":["Toxin Wave","Finisher"],"picked":"Terror","floor":7.0},{"not_picked":["Eviscerate","Quick Slash"],"picked":"PiercingWail","floor":8.0},{"not_picked":["Dagger Throw","Toxin Wave"],"picked":"Deadly Poison","floor":10.0},{"not_picked":["Deflect","PiercingWail"],"picked":"Dodge and Roll","floor":12.0},{"not_picked":["Dagger Spray","Hidden Blade"],"picked":"Caltrops+1","floor":14.0},{"not_picked":["Tools of the Trade+1","Wraith Form v2+1"],"picked":"A Thousand Cuts+1","floor":16.0},{"not_picked":["Terror","Hidden Blade"],"picked":"Well Laid Plans+1","floor":18.0},{"not_picked":["Backflip","ReplayTheSpireMod:The Works+1","Slice"],"picked":"Turbo","floor":21.0},{"not_picked":["Sneak Up","Atom Bomb","Redo"],"picked":"Dagger Throw","floor":23.0},{"not_picked":["Prepared","PiercingWail","Redo"],"picked":"Glass Knife","floor":25.0},{"not_picked":["Underhanded Strike+1","Dagger Throw","Turbo"],"picked":"Backflip","floor":27.0},{"not_picked":["Backflip","ReplayTheSpireMod:Speed Training","Sunder"],"picked":"Sneak Up","floor":28.0},{"not_picked":["Atom Bomb","Replay:Bag of Tricks","ReplayRNGCard"],"picked":"Adrenaline","floor":33.0},{"not_picked":["PiercingWail","ReplayTheSpireMod:Shiv Toss+1","Sweeping Beam"],"picked":"Blade Dance+1","floor":35},{"not_picked":["conspire:Banana","Metamorphosis"],"picked":"ReplayUltimateDefense+1","floor":36},{"not_picked":["Underhanded Strike","Deadly Poison","Stack"],"picked":"Poisoned Stab+1","floor":39},{"not_picked":["Underhanded Strike","All Out Attack","Thunder Strike"],"picked":"Masterful Stab+1","floor":40},{"not_picked":["Tactician","Terror+1","ReplayTheSpireMod:Exploit Weakness+1"],"picked":"Reprogram","floor":42},{"not_picked":["Underhanded Strike","Flying Knee+1","Gash"],"picked":"Malaise","floor":46},{"not_picked":["Blade Dance","Quick Slash","Panic Button"],"picked":"Slice+1","floor":48}],"player_experience":308366,"relics_obtained":[{"floor":8.0,"key":"Frozen Egg 2"},{"floor":9.0,"key":"Replay:Mystery Machine"},{"floor":10.0,"key":"Replay:Baseball"},{"floor":12.0,"key":"Chameleon Ring"},{"floor":21.0,"key":"hubris:TenFootPole"},{"floor":22.0,"key":"ReplayTheSpireMod:Ring of Collecting"},{"floor":22.0,"key":"Ring of Fangs"},{"floor":23.0,"key":"InkBottle"},{"floor":25.0,"key":"hubris:DuctTape"},{"floor":26.0,"key":"Ring of Misfortune"},{"floor":26.0,"key":"Eternal Feather"},{"floor":40,"key":"conspire:Boomerang"},{"floor":41,"key":"Bird Faced Urn"},{"floor":42,"key":"Replay:Wax Seal"},{"floor":43,"key":"ReplayTheSpireMod:Ring of Challenge"},{"floor":44,"key":"ReplayTheSpireMod:Ring of Sloth"},{"floor":44,"key":"hexamod:CandleOfCauterizing"},{"floor":46,"key":"conspire:Flyswatter"}],"event_choices":[{"damage_healed":0.0,"max_hp_gain":0.0,"max_hp_loss":0.0,"gold_gain":0.0,"cards_transformed":["Strike_G"],"event_name":"Transmorgrifier","player_choice":"Transformed","floor":4.0,"gold_loss":0.0,"damage_taken":0.0,"cards_obtained":["Bouncing Flask"]},{"damage_healed":0.0,"max_hp_gain":0.0,"max_hp_loss":0.0,"gold_gain":0.0,"event_name":"conspire:Investor","player_choice":"Leave","floor":20.0,"gold_loss":0.0,"damage_taken":0.0},{"damage_healed":0,"gold_gain":0,"player_choice":"Memory 1","damage_taken":0,"max_hp_gain":0,"max_hp_loss":0,"event_name":"SensoryStone","floor":36,"gold_loss":0},{"damage_healed":0,"gold_gain":0,"player_choice":"Fight","damage_taken":0,"max_hp_gain":0,"max_hp_loss":0,"event_name":"MindBloom","floor":41,"gold_loss":0}],"is_beta":false,"boss_relics":[{"not_picked":["Ectoplasm","Coffee Dripper"],"picked":"Kintsugi"},{"not_picked":["hubris:Backtick","hubris:TerracottaHorce"],"picked":"expansioncontent:StudyCardRelic"}],"items_purged_floors":[19,45,47],"is_endless":false,"potions_floor_spawned":[1,7,10,23,27,28,40,46,48],"killed_by":"Shield and Spear","ascension_level":1}}