{"host":"qvl114e0jmbc6yhm","time":1612159444,"event":{"mods":["Act Like it!","BaseMod","Hermit","Highlight Path","Hubris","Jedi Mod","Marisa????????","Marked Mod","Minty Spire (QoL Compilation)","Permanent Neow","Random Character Button","Relic Sorter","Relic Stats","Replay The Spire","Shop Mod","Spicy Shops","StSLib","The Jungle","The Runesmith"],"gold_per_floor":[117,117,132,156,156,156,156,183,183,196,214,214,228,238,238,316,316,327,341,341,351,365,400,412,458,470,508,520,563,585,597,609,692,704,735,747,759,325,339,365,376,401,401,413,441,454,466,90,90,90,90,90,293,293,293],"floor_reached":56,"language":"ENG","playtime":4131,"items_purged":["Strike_B","Strike_B","Defend_B"],"score":2762,"play_id":"57d53427-007c-45fb-90a4-39ac90724f2d","local_time":"20210201010404","is_ascension_mode":true,"campfire_choices":[{"floor":6,"key":"REST"},{"floor":12,"key":"REST"},{"data":"Loop","floor":15,"key":"SMITH"},{"data":"hubris:PowerSurge","floor":24,"key":"SMITH"},{"data":"ReplayRNGCard","floor":28,"key":"SMITH"},{"data":"Barrage","floor":32,"key":"SMITH"},{"floor":49,"key":"RECALL"},{"data":"Hologram","floor":52,"key":"SMITH"}],"circlet_count":0,"master_deck":["AscendersBane","Defend_B","Defend_B","Zap","Dualcast","hubris:PowerSurge+1","Loop+1","ReplayRNGCard+1","Mirror Shield","FIFO Queue","Amplify","White Noise","Coolheaded+1","Conserve Battery+1","Rainbow","jedi:BurstFrost","Compile Driver","Reinforced Body+1","FTL","Echo Form","Coolheaded+1","Ball Lightning","Barrage+1","Go for the Eyes","Capacitor","Heatsinks","jedi:studyfrost","Aggregate","Mirror Shield+1","Buffer","Buffer","Go for the Eyes","Hologram","Ball Lightning","Hologram+1","ReplaySort","Core Surge","Compile Driver","hubris:Ukulele","jedi:BurstLightning+1","Lockon","Panic Button","jedi:markofdeath"],"relics":["SlaversCollar","hubris:Towel","Replay:Rubber Ducky","ReplayTheSpireMod:Shallot","Pantograph","ReplayFunnel","hubris:CrystalStatue","Honey Jar","Prayer Wheel","hubris:BottledHeart","MawBank","Cables","Smiling Mask","Replay:Antivirus Software","hubris:MysteriousPyramids","Coffee Dripper","Membership Card","hubris:TinFlute","Replay:Bottled Eggs","Emotion Chip","PreservedInsect","jedi:kaleidoscope","Chemical X","hubris:ToyBattleship","Boot","hubris:DeckOfHolding","jedi:ominousloannote","ReplayTheSpireMod:TigerMarble","Sling","hubris:NiceRug","Ice Cream","hubris:BottledRain","Bottled Lightning","Replay:Kaleidoscope"],"acts_visited":["Exordium","TheCity","TheBeyond","TheEnding"],"potions_floor_usage":[16,30,53,55],"damage_taken":[{"damage":11,"enemies":"Small Slimes","floor":1,"turns":5},{"damage":14,"enemies":"Jaw Worm","floor":3,"turns":6},{"damage":31,"enemies":"Lagavulin","floor":8,"turns":7},{"damage":0,"enemies":"2 Louse","floor":10,"turns":3},{"damage":7,"enemies":"Exordium Wildlife","floor":11,"turns":6},{"damage":0,"enemies":"Looter","floor":13,"turns":4},{"damage":0,"enemies":"2 Fungi Beasts","floor":14,"turns":3},{"damage":0,"enemies":"Hexaghost","floor":16,"turns":12},{"damage":0,"enemies":"Chosen","floor":18,"turns":6},{"damage":7,"enemies":"3 Byrds","floor":19,"turns":4},{"damage":0,"enemies":"3 Cultists","floor":21,"turns":7},{"damage":0,"enemies":"Centurion and Healer","floor":22,"turns":5},{"damage":0,"enemies":"Replay:Snechameleon","floor":23,"turns":8},{"damage":0,"enemies":"Book of Stabbing","floor":25,"turns":4},{"damage":0,"enemies":"Gremlin Leader","floor":27,"turns":7},{"damage":0,"enemies":"Replay:Snechameleon","floor":29,"turns":5},{"damage":0,"enemies":"Snecko","floor":30,"turns":4},{"damage":0,"enemies":"hubris:MusketHawk","floor":33,"turns":5},{"damage":0,"enemies":"3 Darklings","floor":35,"turns":6},{"damage":0,"enemies":"3 Shapes","floor":39,"turns":9},{"damage":0,"enemies":"Giant Head","floor":40,"turns":7},{"damage":0,"enemies":"Transient","floor":41,"turns":5},{"damage":0,"enemies":"Reptomancer","floor":42,"turns":5},{"damage":0,"enemies":"Writhing Mass","floor":44,"turns":5},{"damage":0,"enemies":"Giant Head","floor":45,"turns":7},{"damage":0,"enemies":"4 Shapes","floor":46,"turns":4},{"damage":0,"enemies":"Sphere and 2 Shapes","floor":47,"turns":4},{"damage":0,"enemies":"Awakened One","floor":50,"turns":9},{"damage":0,"enemies":"hubris:Merchant","floor":53,"turns":5},{"damage":0,"enemies":"Shield and Spear","floor":54,"turns":4},{"damage":0,"enemies":"The Heart","floor":55,"turns":8}],"seed_played":"-5280308387966931242","potions_obtained":[{"floor":3,"key":"Dexterity Potion"},{"floor":10,"key":"LifebloodPotion"},{"floor":16,"key":"PowerPotion"},{"floor":18,"key":"jedi:wingpotion"},{"floor":19,"key":"PotionOfCapacity"},{"floor":25,"key":"Reflective Coating"},{"floor":29,"key":"ColorlessPotion"},{"floor":30,"key":"Reflective Coating"},{"floor":39,"key":"Adrenaline Potion"},{"floor":40,"key":"Weak Potion"},{"floor":42,"key":"Languid Potion"},{"floor":44,"key":"FairyPotion"},{"floor":46,"key":"Swift Potion"}],"is_trial":false,"path_per_floor":["M","?","M","T","?","R","T","E","T","M","M","R","M","M","R","B",null,"M","M","?","M","M","E","R","E","T","E","R","E","M","?","R","B",null,"M","?","?","$","M","E","M","E","T","M","E","M","M","$","R","B",null,"R","$","E","B",null],"character_chosen":"DEFECT","items_purchased":["Membership Card","hubris:TinFlute","Replay:Bottled Eggs","Chemical X","hubris:ToyBattleship","Boot","hubris:DeckOfHolding","jedi:ominousloannote","ReplayTheSpireMod:TigerMarble","Sling"],"campfire_rested":2,"item_purchase_floors":[38,38,38,48,48,48,48,53,53,53],"current_hp_per_floor":[53,53,39,39,32,53,53,22,22,22,15,36,36,36,36,61,69,69,62,1,1,1,1,1,1,1,1,1,1,1,1,1,1,1,1,1,1,1,1,1,1,1,1,1,1,1,1,1,1,1,1,1,1,1,1],"gold":293,"neow_bonus":"BOSS_RELIC","is_daily":false,"chose_seed":false,"campfire_upgraded":5,"win_rate":0.0,"timestamp":1612159444,"path_taken":["M","?","M","?","?","R","?","E","T","M","M","R","M","M","R","BOSS","M","M","?","M","M","E","R","E","T","E","R","E","M","?","R","BOSS","M","?","?","$","M","E","M","E","T","M","E","M","?","$","R","BOSS","R","$","E","BOSS"],"items_purchased_type":["Relic","Relic","Relic","Relic","Relic","Relic","Relic","Relic","Relic","Relic"],"build_version":"2020-12-22","purchased_purges":3,"victory":true,"max_hp_per_floor":[71,71,71,71,71,71,71,71,71,71,71,71,71,71,71,71,71,71,71,1,1,1,1,1,1,1,1,1,1,1,1,1,1,1,1,1,1,1,1,1,1,1,1,1,1,1,1,1,1,1,1,1,1,1,1],"relic_stats":{"Emotion Chip":[0,0,0,0,0],"counters":[31,177],"Pantograph":25,"Prayer Wheel":22,"PreservedInsect":207,"Chemical X":[15],"MawBank":180,"Smiling Mask":1,"Boot":[4],"obtain_stats":[{"ReplayFunnel":8,"Ice Cream":53,"hubris:CrystalStatue":9,"hubris:MysteriousPyramids":29,"Smiling Mask":26,"Boot":48,"Sling":53,"Replay:Rubber Ducky":4,"Emotion Chip":40,"Pantograph":7,"Honey Jar":17,"Prayer Wheel":18,"hubris:DeckOfHolding":48,"Chemical X":48,"Replay:Antivirus Software":27,"Replay:Bottled Eggs":38,"Cracked Core":0,"hubris:TinFlute":38,"PreservedInsect":42,"Replay:Kaleidoscope":54,"hubris:Towel":2,"MawBank":23,"Cables":25,"SlaversCollar":0,"jedi:kaleidoscope":45,"ReplayTheSpireMod:Shallot":5,"hubris:BottledHeart":20,"jedi:ominousloannote":53,"Coffee Dripper":34,"hubris:ToyBattleship":48,"ReplayTheSpireMod:TigerMarble":53,"Membership Card":38,"Bottled Lightning":53,"hubris:NiceRug":53,"hubris:BottledRain":53},{"ReplayFunnel":3,"Ice Cream":29,"hubris:CrystalStatue":3,"hubris:MysteriousPyramids":16,"Smiling Mask":14,"Boot":27,"Sling":28,"Replay:Rubber Ducky":2,"Emotion Chip":21,"Pantograph":2,"Honey Jar":8,"Prayer Wheel":9,"hubris:DeckOfHolding":27,"Chemical X":27,"Replay:Antivirus Software":15,"Replay:Bottled Eggs":19,"Cracked Core":0,"hubris:TinFlute":19,"PreservedInsect":23,"Replay:Kaleidoscope":30,"hubris:Towel":1,"MawBank":13,"Cables":14,"SlaversCollar":0,"jedi:kaleidoscope":25,"ReplayTheSpireMod:Shallot":2,"hubris:BottledHeart":10,"jedi:ominousloannote":28,"Coffee Dripper":18,"hubris:ToyBattleship":27,"ReplayTheSpireMod:TigerMarble":28,"Membership Card":19,"Bottled Lightning":29,"hubris:NiceRug":29,"hubris:BottledRain":29},{"ReplayFunnel":18,"Ice Cream":165,"hubris:CrystalStatue":18,"hubris:MysteriousPyramids":90,"Smiling Mask":78,"Boot":151,"Sling":160,"Replay:Rubber Ducky":11,"Emotion Chip":121,"Pantograph":11,"Honey Jar":46,"Prayer Wheel":48,"hubris:DeckOfHolding":151,"Chemical X":151,"Replay:Antivirus Software":85,"Replay:Bottled Eggs":105,"Cracked Core":0,"hubris:TinFlute":105,"PreservedInsect":131,"Replay:Kaleidoscope":169,"hubris:Towel":5,"MawBank":75,"Cables":78,"SlaversCollar":0,"jedi:kaleidoscope":143,"ReplayTheSpireMod:Shallot":11,"hubris:BottledHeart":55,"jedi:ominousloannote":160,"Coffee Dripper":99,"hubris:ToyBattleship":151,"ReplayTheSpireMod:TigerMarble":160,"Membership Card":105,"Bottled Lightning":165,"hubris:NiceRug":165,"hubris:BottledRain":165}],"Cables":[65,23,31,9,2]},"card_choices":[{"not_picked":["BasicCrystalCard","Coolheaded"],"picked":"hubris:PowerSurge","floor":1},{"not_picked":["Sweeping Beam","ReplayTheSpireMod:GoodbyeWorld"],"picked":"Loop","floor":3},{"not_picked":["Hologram","Streamline","jedi:overflow"],"picked":"SKIP","floor":8},{"not_picked":["Barrage","jedi:BurstLightning"],"picked":"ReplayRNGCard","floor":10},{"not_picked":["Stack","Ball Lightning"],"picked":"Mirror Shield","floor":11},{"not_picked":["Redo","jedi:spotbugs"],"picked":"FIFO Queue","floor":13},{"not_picked":["Beam Cell","Fusion","Recycle"],"picked":"SKIP","floor":14},{"not_picked":["hubris:Prefetch","Fission"],"picked":"ReplayTheSpireMod:Fabricate Wheel","floor":16},{"not_picked":["Rebound","Ball Lightning"],"picked":"Amplify","floor":18},{"not_picked":["Go for the Eyes","Sweeping Beam"],"picked":"White Noise","floor":18},{"not_picked":["Leap","Conserve Battery"],"picked":"Coolheaded","floor":19},{"not_picked":["Skim","Redo"],"picked":"Conserve Battery+1","floor":19},{"not_picked":["Sweeping Beam","Chaos"],"picked":"Rainbow","floor":21},{"not_picked":["ReplayTheSpireMod:Reroute Power+1","BasicCrystalCard"],"picked":"jedi:BurstFrost","floor":21},{"not_picked":["ReplayTheSpireMod:Repulse","Self Repair"],"picked":"Compile Driver","floor":22},{"not_picked":["Gash+1","BasicCrystalCard"],"picked":"Reinforced Body+1","floor":22},{"not_picked":["hubris:Ukulele","Barrage+1"],"picked":"FTL","floor":23},{"not_picked":["Self Repair","Redo"],"picked":"Echo Form","floor":25},{"not_picked":["Sweeping Beam","Gash"],"picked":"Coolheaded","floor":27},{"not_picked":["White Noise","Reinforced Body"],"picked":"Ball Lightning","floor":29},{"not_picked":["jedi:spotbugs","jedi:overflow+1"],"picked":"Barrage","floor":30},{"not_picked":["Redo","Steam"],"picked":"Go for the Eyes","floor":30},{"not_picked":["Electrodynamics","Echo Form"],"picked":"jedi:studyfrost","floor":33},{"not_picked":["Barrage","BasicCrystalCard"],"picked":"Aggregate","floor":35},{"not_picked":["FTL","ReplayTheSpireMod:Reroute Power+1"],"picked":"Mirror Shield","floor":35},{"not_picked":["Hologram+1","Aggregate"],"picked":"Buffer","floor":39},{"not_picked":["Hello World+1","Rip and Tear"],"picked":"Go for the Eyes","floor":39},{"not_picked":["Ball Lightning","Barrage+1"],"picked":"Hologram","floor":40},{"not_picked":["hubris:PowerSurge","Rebound","Chill"],"picked":"SKIP","floor":41},{"not_picked":["White Noise","Conserve Battery","hubris:PowerSurge"],"picked":"SKIP","floor":41},{"not_picked":["jedi:BurstFrost","Leap+1"],"picked":"Ball Lightning","floor":42},{"not_picked":["All For One","Aggregate"],"picked":"Hologram","floor":44},{"not_picked":["Rebound","hubris:PowerSurge+1"],"picked":"ReplaySort","floor":44},{"not_picked":["Compile Driver+1","Time Bomb+1","Reinforced Body"],"picked":"SKIP","floor":45},{"not_picked":["Time Bomb","ReplayTheSpireMod:GoodbyeWorld+1"],"picked":"Core Surge","floor":46},{"not_picked":["jedi:BurstFrost","Steam"],"picked":"Compile Driver","floor":46},{"not_picked":["Fusion","Rebound+1"],"picked":"hubris:Ukulele","floor":47},{"not_picked":["Static Discharge+1","Gash+1"],"picked":"jedi:BurstLightning+1","floor":47},{"not_picked":[],"picked":"Lockon","floor":53},{"not_picked":[],"picked":"Panic Button","floor":53},{"not_picked":["Go for the Eyes"],"picked":"SKIP","floor":53},{"not_picked":["jedi:bruteforce"],"picked":"SKIP","floor":53},{"not_picked":["Heatsinks"],"picked":"SKIP","floor":53},{"not_picked":["hubris:Ssssneak"],"picked":"SKIP","floor":53},{"not_picked":["Metamorphosis"],"picked":"SKIP","floor":53},{"not_picked":["Genetic Algorithm+1","FIFO Queue"],"picked":"jedi:markofdeath","floor":54}],"player_experience":2468132,"relics_obtained":[{"floor":4,"key":"Replay:Rubber Ducky"},{"floor":7,"key":"Pantograph"},{"floor":8,"key":"ReplayFunnel"},{"floor":9,"key":"hubris:CrystalStatue"},{"floor":23,"key":"MawBank"},{"floor":25,"key":"Cables"},{"floor":26,"key":"Smiling Mask"},{"floor":27,"key":"Replay:Antivirus Software"},{"floor":29,"key":"hubris:MysteriousPyramids"},{"floor":40,"key":"Emotion Chip"},{"floor":42,"key":"PreservedInsect"},{"floor":45,"key":"jedi:kaleidoscope"},{"floor":53,"key":"Ice Cream"},{"floor":53,"key":"hubris:BottledRain"},{"floor":53,"key":"Bottled Lightning"},{"floor":54,"key":"Replay:Kaleidoscope"}],"event_choices":[{"damage_healed":0,"gold_gain":0,"player_choice":"Success","damage_taken":7,"relics_obtained":["ReplayTheSpireMod:Shallot"],"max_hp_gain":0,"max_hp_loss":0,"event_name":"Scrap Ooze","floor":5,"gold_loss":0},{"damage_healed":0,"gold_gain":0,"cards_transformed":["Strike_B","Defend_B"],"player_choice":"Became Test Subject","damage_taken":0,"max_hp_gain":0,"max_hp_loss":0,"event_name":"Drug Dealer","floor":31,"gold_loss":0,"cards_obtained":["Capacitor","Heatsinks"]},{"damage_healed":0,"gold_gain":0,"cards_transformed":["Strike_B"],"player_choice":"Transformed","damage_taken":0,"max_hp_gain":0,"max_hp_loss":0,"event_name":"Transmorgrifier","floor":37,"gold_loss":0,"cards_obtained":["Buffer"]}],"is_beta":false,"boss_relics":[{"not_picked":["Replay:Drink Me","Replay:Fungal Core"],"picked":"Honey Jar"},{"not_picked":["hubris:GrandSneckoEye","Runic Pyramid"],"picked":"Coffee Dripper"}],"items_purged_floors":[38,48,53],"is_endless":false,"potions_floor_spawned":[3,10,14,16,18,19,25,29,30,39,40,42,44,46],"ascension_level":14}}