{"host":"Tuck","time":1612180692,"event":{"mods":["BaseMod","Minty Spire (QoL Compilation)","StSLib"],"gold_per_floor":[115,50,50,50,60,90,107,138,161,186,186,224,224,257,257,367,430,450,293,315,315,153,186,203,203,227,269,269,293,320,320,320,429,438,457,527,155,178,228,255,275,309,386,214,238,281,281,331,331,331,331,331,22,56,56],"floor_reached":56,"language":"ENG","playtime":2828,"items_purged":[],"score":1683,"play_id":"c3f5490d-a18e-4300-86ce-47f4eaa36f75","local_time":"20210201045812","is_ascension_mode":true,"campfire_choices":[{"data":"True Grit","floor":11,"key":"SMITH"},{"data":"Shockwave","floor":15,"key":"SMITH"},{"data":"Barricade","floor":25,"key":"SMITH"},{"data":"Feel No Pain","floor":28,"key":"SMITH"},{"data":"Pommel Strike","floor":32,"key":"SMITH"},{"data":"True Grit","floor":47,"key":"SMITH"},{"data":"Disarm","floor":49,"key":"SMITH"},{"floor":52,"key":"DIG"}],"circlet_count":0,"master_deck":["Bash","True Grit+1","Metallicize","Shockwave+1","Shrug It Off+1","Pommel Strike+1","Carnage+1","Limit Break+1","Spot Weakness+1","Clothesline","Barricade+1","Rupture","Uppercut","Inflame","Carnage+1","Ghostly Armor+1","Sword Boomerang","Bloodletting+1","Hemokinesis+1","Feel No Pain+1","Heavy Blade+1","Evolve","Shrug It Off","Metallicize","Offering+1","Reaper","True Grit+1","Burning Pact+1","Feel No Pain","Sentinel+1","Disarm+1","Sentinel+1","Feel No Pain","Shrug It Off+1","Armaments+1","Reaper","Inflame","Cold Snap+1"],"relics":["Mark of Pain","Mercury Hourglass","TheAbacus","Ancient Tea Set","Nunchaku","CeramicFish","Sundial","Blue Candle","Pandora\u0027s Box","Happy Flower","Orrery","Boot","Whetstone","White Beast Statue","TungstenRod","SsserpentHead","Coffee Dripper","Shovel","Ice Cream","Pen Nib","Question Card","OrangePellets","Potion Belt","StrikeDummy","PrismaticShard","Blood Vial"],"acts_visited":["Exordium","TheCity","TheBeyond","TheEnding"],"potions_floor_usage":[55,55],"damage_taken":[{"damage":3,"enemies":"Jaw Worm","floor":1,"turns":3},{"damage":2,"enemies":"Small Slimes","floor":5,"turns":4},{"damage":0,"enemies":"Lagavulin","floor":6,"turns":6},{"damage":0,"enemies":"Cultist","floor":7,"turns":2},{"damage":22,"enemies":"Gremlin Nob","floor":8,"turns":4},{"damage":0,"enemies":"Looter","floor":10,"turns":3},{"damage":10,"enemies":"3 Sentries","floor":12,"turns":7},{"damage":9,"enemies":"Gremlin Nob","floor":14,"turns":3},{"damage":11,"enemies":"Hexaghost","floor":16,"turns":10},{"damage":4,"enemies":"Spheric Guardian","floor":18,"turns":4},{"damage":13,"enemies":"Shell Parasite","floor":20,"turns":5},{"damage":23,"enemies":"Book of Stabbing","floor":23,"turns":5},{"damage":0,"enemies":"Shelled Parasite and Fungi","floor":24,"turns":2},{"damage":4,"enemies":"Gremlin Leader","floor":27,"turns":3},{"damage":5,"enemies":"Centurion and Healer","floor":29,"turns":5},{"damage":0,"enemies":"Book of Stabbing","floor":30,"turns":5},{"damage":3,"enemies":"Collector","floor":33,"turns":7},{"damage":1,"enemies":"Orb Walker","floor":35,"turns":2},{"damage":6,"enemies":"3 Shapes","floor":36,"turns":3},{"damage":9,"enemies":"Writhing Mass","floor":38,"turns":7},{"damage":5,"enemies":"Giant Head","floor":40,"turns":8},{"damage":7,"enemies":"Transient","floor":41,"turns":5},{"damage":17,"enemies":"Reptomancer","floor":42,"turns":4},{"damage":11,"enemies":"Sphere and 2 Shapes","floor":45,"turns":6},{"damage":6,"enemies":"Nemesis","floor":46,"turns":5},{"damage":21,"enemies":"Time Eater","floor":50,"turns":10},{"damage":0,"enemies":"Shield and Spear","floor":54,"turns":4},{"damage":6,"enemies":"The Heart","floor":55,"turns":7}],"seed_played":"1818234615284881182","potions_obtained":[{"floor":1,"key":"CultistPotion"},{"floor":6,"key":"AttackPotion"},{"floor":12,"key":"BloodPotion"},{"floor":42,"key":"PowerPotion"},{"floor":46,"key":"Weak Potion"}],"is_trial":false,"path_per_floor":["M","$","?","?","M","E","M","E","T","M","R","E","?","E","R","B",null,"M","$","M","?","$","E","M","R","T","E","R","M","E","?","R","B",null,"M","M","$","M","T","E","M","E","T","$","M","E","R","?","R","B",null,"R","$","E","B",null],"character_chosen":"IRONCLAD","items_purchased":["Metallicize","Shockwave","Shrug It Off","Mercury Hourglass","TheAbacus","Happy Flower","Feel No Pain","Orrery","Ice Cream","Feel No Pain","Feel No Pain","OrangePellets","Shrug It Off","Inflame","PrismaticShard","BloodPotion","SteroidPotion"],"campfire_rested":0,"item_purchase_floors":[2,2,2,2,2,19,22,22,37,37,44,44,44,53,53,53,53],"current_hp_per_floor":[77,77,70,70,68,68,68,46,46,46,46,36,36,27,27,16,80,76,76,63,63,63,40,40,40,40,36,36,31,31,31,31,28,80,79,80,80,77,77,80,80,80,80,80,80,74,74,74,74,73,76,76,76,76,76],"gold":56,"neow_bonus":"BOSS_RELIC","is_daily":false,"chose_seed":false,"campfire_upgraded":7,"win_rate":0.0,"timestamp":1612180692,"path_taken":["M","$","?","?","?","E","M","E","T","M","R","E","?","E","R","BOSS","M","$","M","?","$","E","M","R","T","E","R","M","E","?","R","BOSS","M","?","$","M","?","E","M","E","T","?","M","E","R","?","R","BOSS","R","$","E","BOSS"],"items_purchased_type":["Card","Card","Card","Relic","Relic","Relic","Card","Relic","Relic","Card","Card","Relic","Card","Card","Relic","Potion","Potion"],"build_version":"2020-12-18","purchased_purges":0,"victory":true,"max_hp_per_floor":[80,80,80,80,80,80,80,80,80,80,80,80,80,80,80,80,80,80,80,80,80,80,80,80,80,80,80,80,80,80,80,80,80,80,80,80,80,80,80,80,80,80,80,80,80,80,80,76,76,76,76,76,76,76,76],"card_choices":[{"not_picked":["Power Through","Iron Wave"],"picked":"True Grit","floor":1},{"not_picked":["Havoc","Perfected Strike"],"picked":"Pommel Strike","floor":5},{"not_picked":["Shrug It Off","Wild Strike"],"picked":"Carnage","floor":6},{"not_picked":["Clash","Flex","Anger"],"picked":"SKIP","floor":7},{"not_picked":["Anger","Dark Embrace"],"picked":"Limit Break","floor":8},{"not_picked":["Sword Boomerang","Headbutt"],"picked":"Spot Weakness","floor":10},{"not_picked":["Body Slam","Twin Strike"],"picked":"Clothesline","floor":12},{"not_picked":["Flex","Rage","Havoc"],"picked":"SKIP","floor":14},{"not_picked":["Immolate","Fiend Fire"],"picked":"Barricade","floor":16},{"not_picked":["Wild Strike","Combust+1"],"picked":"Bloodletting","floor":18},{"not_picked":["Perfected Strike+1","Twin Strike+1"],"picked":"Hemokinesis+1","floor":20},{"not_picked":["Iron Wave","Flex+1"],"picked":"Heavy Blade+1","floor":22},{"not_picked":["Clothesline","Barricade"],"picked":"Evolve","floor":22},{"not_picked":["Wild Strike","Perfected Strike","Bludgeon"],"picked":"SKIP","floor":23},{"not_picked":["Carnage","Clash","Twin Strike"],"picked":"SKIP","floor":24},{"not_picked":["Anger","Fiend Fire"],"picked":"Shrug It Off","floor":27},{"not_picked":["Uppercut","Anger+1"],"picked":"Metallicize","floor":29},{"not_picked":["Dual Wield","Flex","Sever Soul"],"picked":"SKIP","floor":30},{"not_picked":["Fiend Fire","Demon Form"],"picked":"Offering","floor":33},{"not_picked":["Cleave","Combust+1"],"picked":"True Grit","floor":35},{"not_picked":["Warcry","Twin Strike"],"picked":"Burning Pact","floor":36},{"not_picked":["Infernal Blade+1","Cleave+1"],"picked":"Sentinel+1","floor":38},{"not_picked":["Sword Boomerang+1","Infernal Blade+1","Uppercut"],"picked":"SKIP","floor":40},{"not_picked":["Uppercut","Iron Wave"],"picked":"Disarm","floor":41},{"not_picked":["Inflame+1","Wild Strike+1"],"picked":"Sentinel","floor":42},{"not_picked":["Fire Breathing+1","Blood for Blood","Perfected Strike+1"],"picked":"Armaments+1","floor":45},{"not_picked":["Spot Weakness","Warcry","Iron Wave+1"],"picked":"Reaper","floor":46},{"not_picked":["Dark Shackles+1","Sweeping Beam","PathToVictory"],"picked":"Cold Snap+1","floor":54}],"player_experience":2339954,"relics_obtained":[{"floor":6,"key":"Ancient Tea Set"},{"floor":8,"key":"Nunchaku"},{"floor":9,"key":"CeramicFish"},{"floor":12,"key":"Sundial"},{"floor":14,"key":"Blue Candle"},{"floor":23,"key":"Boot"},{"floor":26,"key":"Whetstone"},{"floor":27,"key":"White Beast Statue"},{"floor":30,"key":"TungstenRod"},{"floor":40,"key":"Pen Nib"},{"floor":43,"key":"Question Card"},{"floor":46,"key":"Potion Belt"},{"floor":52,"key":"StrikeDummy"},{"floor":54,"key":"Blood Vial"}],"event_choices":[{"cards_removed":["Strike_R"],"damage_healed":0,"gold_gain":0,"player_choice":"Card Removal","damage_taken":7,"max_hp_gain":0,"max_hp_loss":0,"event_name":"Golden Wing","floor":3,"gold_loss":0},{"cards_removed":["Strike_R"],"damage_healed":0,"gold_gain":0,"player_choice":"Purged","damage_taken":0,"max_hp_gain":0,"max_hp_loss":0,"event_name":"Purifier","floor":4,"gold_loss":0},{"damage_healed":0,"gold_gain":0,"player_choice":"Grow","damage_taken":0,"max_hp_gain":0,"max_hp_loss":0,"event_name":"Living Wall","floor":13,"gold_loss":0,"cards_upgraded":["Limit Break"]},{"cards_removed":["Power Through"],"damage_healed":0,"gold_gain":0,"player_choice":"Elegance","damage_taken":0,"max_hp_gain":0,"max_hp_loss":0,"event_name":"Back to Basics","floor":21,"gold_loss":0},{"damage_healed":0,"gold_gain":0,"player_choice":"Trade","damage_taken":0,"relics_obtained":["SsserpentHead"],"max_hp_gain":0,"max_hp_loss":0,"event_name":"FaceTrader","floor":31,"gold_loss":0},{"damage_healed":0,"gold_gain":0,"player_choice":"Max HP","damage_taken":0,"max_hp_gain":0,"max_hp_loss":4,"event_name":"Winding Halls","floor":48,"gold_loss":0}],"is_beta":true,"boss_relics":[{"not_picked":["SlaversCollar","Runic Dome"],"picked":"Pandora\u0027s Box"},{"not_picked":["SacredBark","Snecko Eye"],"picked":"Coffee Dripper"}],"items_purged_floors":[],"is_endless":false,"potions_floor_spawned":[1,6,12,16,20,29,30,33,35,36,38,40,41,42,45,46,54],"ascension_level":1}}