{"host":"1nniobf0g4s2td4e","time":1612148182,"event":{"mods":["2.2 Compatiblity","BaseMod","Minty Spire (QoL Compilation)","StSLib","SuperFastMode"],"gold_per_floor":[12,12,24,43,43,43,70,87,162,87,104,114,114,131,131,229,229,245,245,245,258,284,315,315,315,315,315,334,433,448,475,475,475,475],"floor_reached":33,"language":"ENG","playtime":1371,"items_purged":["Defend_R"],"score":437,"play_id":"a89d44ad-c5ec-492b-888c-1952565593f2","local_time":"20210131205622","is_ascension_mode":false,"campfire_choices":[{"data":"Flame Barrier","floor":6,"key":"SMITH"},{"data":"Armaments","floor":13,"key":"SMITH"},{"data":"Flex","floor":15,"key":"SMITH"},{"data":"Body Slam","floor":24,"key":"SMITH"},{"floor":27,"key":"RECALL"},{"data":"Shrug It Off","floor":32,"key":"SMITH"}],"circlet_count":0,"master_deck":["Strike_R","Strike_R","Strike_R","Strike_R","Strike_R","Defend_R","Defend_R","Defend_R","Bash","Flame Barrier+1","Flex+1","Armaments+1","Cleave","Power Through","CurseOfTheBell","Body Slam+1","Shrug It Off+1"],"relics":["Burning Blood","Incense Burner","StoneCalendar","Vajra","White Beast Statue","Calling Bell","Ancient Tea Set","Ornamental Fan","Thread and Needle","MutagenicStrength","Happy Flower","Pen Nib","Tiny Chest"],"acts_visited":["Exordium","TheCity"],"potions_floor_usage":[21,30],"damage_taken":[{"damage":6,"enemies":"Cultist","floor":1,"turns":4},{"damage":1,"enemies":"Small Slimes","floor":3,"turns":3},{"damage":15,"enemies":"Jaw Worm","floor":4,"turns":4},{"damage":24,"enemies":"Lagavulin","floor":7,"turns":8},{"damage":0,"enemies":"Looter","floor":8,"turns":4},{"damage":0,"enemies":"Blue Slaver","floor":11,"turns":5},{"damage":0,"enemies":"Large Slime","floor":12,"turns":5},{"damage":0,"enemies":"Exordium Wildlife","floor":14,"turns":3},{"damage":29,"enemies":"The Guardian","floor":16,"turns":10},{"damage":12,"enemies":"Spheric Guardian","floor":18,"turns":4},{"damage":7,"enemies":"Shell Parasite","floor":21,"turns":7},{"damage":0,"enemies":"Gremlin Leader","floor":23,"turns":4},{"damage":20,"enemies":"Cultist and Chosen","floor":28,"turns":7},{"damage":5,"enemies":"Centurion and Healer","floor":30,"turns":7},{"damage":15,"enemies":"Book of Stabbing","floor":31,"turns":5},{"damage":80,"enemies":"Collector","floor":33,"turns":11}],"seed_played":"-5235532185297243140","potions_obtained":[{"floor":3,"key":"ColorlessPotion"},{"floor":4,"key":"BlessingOfTheForge"},{"floor":11,"key":"Ancient Potion"},{"floor":12,"key":"Block Potion"},{"floor":14,"key":"BloodPotion"},{"floor":21,"key":"BloodPotion"},{"floor":28,"key":"Dexterity Potion"},{"floor":30,"key":"BloodPotion"}],"is_trial":false,"path_per_floor":["M","?","M","M","$","R","E","M","T","$","M","M","R","M","R","B",null,"M","?","?","M","T","E","R","?","T","R","M","?","M","E","R","B"],"character_chosen":"IRONCLAD","items_purchased":[],"campfire_rested":0,"item_purchase_floors":[],"current_hp_per_floor":[80,80,80,71,71,71,53,59,59,59,65,71,71,77,77,54,80,74,59,59,75,75,81,81,81,81,81,67,67,85,76,76,0,0],"gold":475,"neow_bonus":"ONE_RARE_RELIC","is_daily":false,"chose_seed":false,"campfire_upgraded":5,"win_rate":0.0,"timestamp":1612148182,"path_taken":["M","?","M","?","$","R","E","M","T","$","M","M","R","M","R","BOSS","M","?","?","M","?","E","R","?","T","R","?","?","M","E","R","BOSS"],"items_purchased_type":[],"build_version":"2020-12-22","purchased_purges":1,"victory":false,"max_hp_per_floor":[80,80,80,80,80,80,80,80,80,80,80,80,80,80,80,80,80,80,85,85,85,85,85,85,85,85,85,85,85,85,85,85,85,85],"card_choices":[{"not_picked":["Armaments","Blood for Blood"],"picked":"Flame Barrier","floor":1},{"not_picked":["Pommel Strike","Perfected Strike","Bloodletting"],"picked":"SKIP","floor":3},{"not_picked":["Clash","Flame Barrier"],"picked":"Flex","floor":4},{"not_picked":["Impervious","Cleave"],"picked":"Armaments","floor":7},{"not_picked":["Clothesline","Spot Weakness","Second Wind"],"picked":"SKIP","floor":8},{"not_picked":["Headbutt","Anger"],"picked":"Cleave","floor":11},{"not_picked":["Headbutt","Sword Boomerang","Combust"],"picked":"SKIP","floor":12},{"not_picked":["Armaments","Thunderclap"],"picked":"Power Through","floor":14},{"not_picked":["Heavy Blade","Wild Strike","Headbutt+1"],"picked":"SKIP","floor":18},{"not_picked":["Blood for Blood","Warcry","Thunderclap"],"picked":"SKIP","floor":21},{"not_picked":["Intimidate","Blood for Blood"],"picked":"Body Slam","floor":23},{"not_picked":["Searing Blow","Flex+1"],"picked":"Shrug It Off","floor":28},{"not_picked":["Anger","Dual Wield","Clothesline"],"picked":"SKIP","floor":30},{"not_picked":["Cleave","Seeing Red","Demon Form"],"picked":"SKIP","floor":31}],"player_experience":725151,"relics_obtained":[{"floor":2,"key":"StoneCalendar"},{"floor":7,"key":"Vajra"},{"floor":9,"key":"White Beast Statue"},{"floor":17,"key":"Ancient Tea Set"},{"floor":17,"key":"Ornamental Fan"},{"floor":17,"key":"Thread and Needle"},{"floor":22,"key":"Happy Flower"},{"floor":23,"key":"Pen Nib"},{"floor":31,"key":"Tiny Chest"}],"event_choices":[{"damage_healed":0,"gold_gain":0,"player_choice":"Relic","damage_taken":0,"max_hp_gain":0,"max_hp_loss":0,"event_name":"Wheel of Change","floor":2,"gold_loss":0},{"damage_healed":0,"gold_gain":0,"player_choice":"Shed Blood","damage_taken":20,"max_hp_gain":5,"max_hp_loss":0,"event_name":"Forgotten Altar","floor":19,"gold_loss":0},{"damage_healed":0,"gold_gain":0,"player_choice":"Inject Mutagens","damage_taken":0,"relics_obtained":["MutagenicStrength"],"max_hp_gain":0,"max_hp_loss":0,"event_name":"Drug Dealer","floor":20,"gold_loss":0},{"damage_healed":0,"gold_gain":0,"player_choice":"Ignored","damage_taken":0,"max_hp_gain":0,"max_hp_loss":0,"event_name":"Vampires","floor":25,"gold_loss":0},{"damage_healed":0,"gold_gain":99,"player_choice":"Stole From Cult","damage_taken":0,"max_hp_gain":0,"max_hp_loss":0,"event_name":"Nest","floor":29,"gold_loss":0}],"is_beta":false,"boss_relics":[{"not_picked":["Tiny House","Empty Cage"],"picked":"Calling Bell"}],"items_purged_floors":[10],"is_endless":false,"potions_floor_spawned":[3,4,11,12,14,16,18,21,23,28,30,31],"killed_by":"Collector","ascension_level":0}}