{"host":"zs3tguvuxkh90jf4","time":1612143226,"event":{"mods":["AchievementEnabler","BaseMod","Better-Laid Plans","BetterRewards","Block Reminder","Colored Map","Colored Powertips","Gold Saver","Minty Spire (QoL Compilation)","Shop Mod","StSLib","Transform Curses"],"gold_per_floor":[2020,2020,601,615,635,662,662,679,679,679,694,694,727,745,745,846,846,862,879,896,274,286,313,323,357,381,396,396,396,50,67,67,162,162,175,175,175,0,0,35,35,69,69,80,99,99,154,189,189,189],"floor_reached":51,"language":"ENG","playtime":3826,"items_purged":["Strike_R"],"score":1086,"play_id":"8feef362-c2ed-4084-a6a8-e9e945e16d68","local_time":"20210131173346","is_ascension_mode":true,"campfire_choices":[{"data":"Enlightenment","floor":7,"key":"SMITH"},{"data":"Body Slam","floor":15,"key":"SMITH"},{"data":"Shockwave","floor":29,"key":"SMITH"},{"data":"Apotheosis","floor":32,"key":"SMITH"},{"data":"Demon Form","floor":41,"key":"SMITH"},{"data":"Shrug It Off","floor":49,"key":"SMITH"}],"circlet_count":0,"master_deck":["Strike_R","Strike_R","Strike_R","Defend_R","Defend_R","Defend_R","Defend_R","Bash+1","Iron Wave","Enlightenment+1","Whirlwind","Bludgeon","Panache","Flex","Thunderclap","Dropkick","Body Slam+1","Juggernaut","Thunderclap+1","Iron Wave+1","Discovery","Carnage+1","Shrug It Off+1","Infernal Blade+1","Shockwave+1","Apotheosis+1","Cleave","Demon Form+1","Seeing Red+1","Bandage Up","Panacea","Shrug It Off","Rage+1"],"relics":["Burning Blood","Orichalcum","Blood Vial","FossilizedHelix","Bronze Scales","OrangePellets","MerchantsRug","Mummified Hand","Pen Nib","Nunchaku","Bag of Marbles","Boot","TheAbacus","Happy Flower","Meat on the Bone","Anchor","Juzu Bracelet","Black Star","Red Mask","Red Skull","White Beast Statue","Oddly Smooth Stone","Pantograph","Bottled Lightning","Girya","Paper Frog","Sundial"],"acts_visited":["Exordium","TheCity","TheBeyond"],"potions_floor_usage":[16,16,20,23,37,40,42,44,50,50,50],"damage_taken":[{"damage":4,"enemies":"Small Slimes","floor":1,"turns":3},{"damage":0,"enemies":"Cultist","floor":4,"turns":3},{"damage":0,"enemies":"2 Louse","floor":5,"turns":1},{"damage":0,"enemies":"Gremlin Nob","floor":6,"turns":4},{"damage":6,"enemies":"Blue Slaver","floor":8,"turns":3},{"damage":4,"enemies":"Gremlin Gang","floor":11,"turns":3},{"damage":12,"enemies":"Lagavulin","floor":13,"turns":4},{"damage":0,"enemies":"2 Fungi Beasts","floor":14,"turns":2},{"damage":20,"enemies":"Hexaghost","floor":16,"turns":8},{"damage":0,"enemies":"Chosen","floor":18,"turns":3},{"damage":10,"enemies":"3 Byrds","floor":19,"turns":3},{"damage":14,"enemies":"Snake Plant","floor":20,"turns":3},{"damage":2,"enemies":"Snecko","floor":22,"turns":4},{"damage":0,"enemies":"Slavers","floor":23,"turns":2},{"damage":15,"enemies":"3 Cultists","floor":24,"turns":3},{"damage":5,"enemies":"Book of Stabbing","floor":25,"turns":4},{"damage":0,"enemies":"Snake Plant","floor":27,"turns":1},{"damage":0,"enemies":"Cultist and Chosen","floor":31,"turns":3},{"damage":34,"enemies":"Automaton","floor":33,"turns":7},{"damage":7,"enemies":"Orb Walker","floor":35,"turns":4},{"damage":26,"enemies":"Nemesis","floor":40,"turns":4},{"damage":53,"enemies":"Reptomancer","floor":42,"turns":5},{"damage":0,"enemies":"3 Shapes","floor":44,"turns":4},{"damage":0,"enemies":"Maw","floor":45,"turns":7},{"damage":38,"enemies":"2 Orb Walkers","floor":47,"turns":5},{"damage":33,"enemies":"Giant Head","floor":48,"turns":7},{"damage":38,"enemies":"Donu and Deca","floor":50,"turns":6}],"seed_played":"5054701368935030193","potions_obtained":[{"floor":1,"key":"Fire Potion"},{"floor":5,"key":"Weak Potion"},{"floor":20,"key":"Fruit Juice"},{"floor":25,"key":"Block Potion"},{"floor":33,"key":"ElixirPotion"},{"floor":37,"key":"Fruit Juice"},{"floor":37,"key":"Energy Potion"},{"floor":40,"key":"ElixirPotion"},{"floor":42,"key":"Ancient Potion"},{"floor":44,"key":"LiquidBronze"},{"floor":45,"key":"AttackPotion"},{"floor":48,"key":"Weak Potion"}],"is_trial":false,"path_per_floor":["M","?","$","M","M","E","R","M","T","?","M","?","E","M","R","B",null,"M","M","M","$","M","E","M","E","T","M","?","R","$","M","R","B",null,"M","$","?","?","?","E","R","E","T","M","M","?","?","E","R","B",null],"character_chosen":"IRONCLAD","items_purchased":["Orichalcum","FossilizedHelix","Bronze Scales","OrangePellets","Enlightenment","Whirlwind","Bludgeon","MerchantsRug","Panache","SkillPotion","BloodPotion","Bag of Marbles","Boot","TheAbacus","DistilledChaos","Discovery","Apotheosis","Juzu Bracelet"],"campfire_rested":0,"item_purchase_floors":[0,3,3,3,3,3,3,3,3,3,3,21,21,21,21,21,30,30],"current_hp_per_floor":[80,80,80,80,80,80,80,80,80,80,80,80,74,80,80,66,80,80,76,75,75,81,85,76,79,79,85,85,85,85,85,85,57,85,84,84,89,89,84,72,72,43,43,75,89,89,64,57,57,58],"gold":189,"neow_bonus":"","is_daily":false,"chose_seed":false,"campfire_upgraded":6,"win_rate":0.0,"timestamp":1612143226,"path_taken":["M","?","$","M","?","E","R","M","T","?","M","?","E","?","R","BOSS","M","M","M","$","M","E","M","E","T","M","?","R","$","M","R","BOSS","M","$","?","?","?","E","R","E","T","M","M","?","?","E","R","BOSS"],"items_purchased_type":["Relic","Relic","Relic","Relic","Card","Card","Card","Relic","Card","Potion","Potion","Relic","Relic","Relic","Potion","Card","Card","Relic"],"build_version":"2020-12-22","purchased_purges":1,"victory":true,"max_hp_per_floor":[80,80,80,80,80,80,80,80,80,80,80,80,80,80,80,80,80,80,80,85,85,85,85,85,85,85,85,85,85,85,85,85,85,85,85,85,90,90,90,90,90,90,90,90,90,90,90,90,90,90],"card_choices":[{"not_picked":["Clothesline","Battle Trance"],"picked":"Iron Wave","floor":1},{"not_picked":["Iron Wave","Whirlwind","Warcry"],"picked":"SKIP","floor":4},{"not_picked":["Feel No Pain","Disarm","Headbutt"],"picked":"SKIP","floor":5},{"not_picked":["Combust","Clash"],"picked":"Flex","floor":6},{"not_picked":["Heavy Blade","Cleave"],"picked":"Thunderclap","floor":8},{"not_picked":["Wild Strike","Warcry","Double Tap"],"picked":"SKIP","floor":11},{"not_picked":["Intimidate","Pommel Strike"],"picked":"Body Slam","floor":13},{"not_picked":["Armaments","Clash","Heavy Blade"],"picked":"SKIP","floor":14},{"not_picked":["Brutality","Fiend Fire"],"picked":"Juggernaut","floor":16},{"not_picked":["Cleave","True Grit"],"picked":"Thunderclap+1","floor":18},{"not_picked":["True Grit","Dark Embrace+1"],"picked":"Iron Wave+1","floor":19},{"not_picked":["Clash","Body Slam"],"picked":"Metallicize","floor":20},{"not_picked":["Sever Soul+1","Havoc"],"picked":"Carnage+1","floor":22},{"not_picked":["Bloodletting","Rupture"],"picked":"Shrug It Off","floor":23},{"not_picked":["Bloodletting","Wild Strike","Twin Strike+1"],"picked":"SKIP","floor":24},{"not_picked":["Spot Weakness+1","Pummel+1"],"picked":"Infernal Blade+1","floor":25},{"not_picked":["Headbutt","Rampage","Burning Pact"],"picked":"SKIP","floor":27},{"not_picked":["Carnage","Clothesline"],"picked":"Cleave","floor":31},{"not_picked":["Immolate","Fiend Fire"],"picked":"Demon Form","floor":33},{"not_picked":["Flex+1","Sentinel+1"],"picked":"Seeing Red+1","floor":35},{"not_picked":["Jack Of All Trades","Deep Breath"],"picked":"Bandage Up","floor":39},{"not_picked":["Magnetism","Trip"],"picked":"Panacea","floor":39},{"not_picked":["Dark Embrace","Clash","True Grit+1"],"picked":"SKIP","floor":40},{"not_picked":["Searing Blow","Demon Form"],"picked":"Shrug It Off","floor":42},{"not_picked":["Iron Wave","Dual Wield","Cleave"],"picked":"SKIP","floor":44},{"not_picked":["Warcry+1","Perfected Strike+1","Havoc+1"],"picked":"SKIP","floor":45},{"not_picked":["Clothesline+1","Hemokinesis"],"picked":"Rage+1","floor":48}],"player_experience":491840,"relics_obtained":[{"floor":6,"key":"Mummified Hand"},{"floor":9,"key":"Pen Nib"},{"floor":13,"key":"Nunchaku"},{"floor":23,"key":"Happy Flower"},{"floor":25,"key":"Meat on the Bone"},{"floor":26,"key":"Anchor"},{"floor":40,"key":"Red Skull"},{"floor":40,"key":"White Beast Statue"},{"floor":42,"key":"Oddly Smooth Stone"},{"floor":42,"key":"Pantograph"},{"floor":43,"key":"Bottled Lightning"},{"floor":47,"key":"Girya"},{"floor":48,"key":"Paper Frog"},{"floor":48,"key":"Sundial"}],"event_choices":[{"damage_healed":0,"gold_gain":0,"player_choice":"Upgraded","damage_taken":0,"max_hp_gain":0,"max_hp_loss":0,"event_name":"Upgrade Shrine","floor":2,"gold_loss":0,"cards_upgraded":["Bash"]},{"damage_healed":0,"gold_gain":0,"cards_transformed":["Strike_R"],"player_choice":"Change","damage_taken":0,"max_hp_gain":0,"max_hp_loss":0,"event_name":"Living Wall","floor":10,"gold_loss":0,"cards_obtained":["Evolve"]},{"damage_healed":0,"gold_gain":0,"cards_transformed":["Evolve"],"player_choice":"Transformed","damage_taken":0,"max_hp_gain":0,"max_hp_loss":0,"event_name":"Transmorgrifier","floor":12,"gold_loss":0,"cards_obtained":["Dropkick"]},{"damage_healed":0,"gold_gain":0,"player_choice":"Read","damage_taken":0,"max_hp_gain":0,"max_hp_loss":0,"event_name":"The Library","floor":28,"gold_loss":0,"cards_obtained":["Shockwave"]},{"damage_healed":0,"gold_gain":0,"player_choice":"Got Potions","damage_taken":0,"max_hp_gain":0,"max_hp_loss":0,"event_name":"Lab","floor":37,"gold_loss":0},{"damage_healed":0,"gold_gain":0,"player_choice":"Paid","damage_taken":0,"relics_obtained":["Red Mask"],"max_hp_gain":0,"max_hp_loss":0,"event_name":"Tomb of Lord Red Mask","floor":38,"gold_loss":175},{"damage_healed":0,"gold_gain":0,"player_choice":"Memory 2","damage_taken":5,"max_hp_gain":0,"max_hp_loss":0,"event_name":"SensoryStone","floor":39,"gold_loss":0},{"cards_removed":["Metallicize"],"damage_healed":0,"gold_gain":0,"player_choice":"Removed Power","damage_taken":0,"max_hp_gain":0,"max_hp_loss":0,"event_name":"Falling","floor":46,"gold_loss":0},{"damage_healed":0,"gold_gain":0,"player_choice":"Fight","damage_taken":0,"max_hp_gain":0,"max_hp_loss":0,"event_name":"Mysterious Sphere","floor":47,"gold_loss":0}],"is_beta":false,"boss_relics":[{"not_picked":["Sozu","Velvet Choker","Coffee Dripper"]},{"not_picked":["Astrolabe","Runic Cube"],"picked":"Black Star"}],"items_purged_floors":[3],"is_endless":false,"potions_floor_spawned":[1,5,6,13,20,25,33,35,40,42,44,45,47,48],"ascension_level":1}}