{"host":"4gr5irrdjh39ysed","time":1612146883,"event":{"mods":["AchievementEnabler","BaseMod","Colored Map","Downfall","Hermit","Minty Spire (QoL Compilation)","Random Character Button","StSLib","The Construct","The Cursed","The Disciple","The Hierophant","The Mystic","The Necromancer","The Runesmith"],"gold_per_floor":[219,219,20,33,108,136,136,166,246,246,278,99,99,112,112,185,185,204,224,224,48,48,83,83,117,117,117,117,80,5,23,23,98,98,111,111,130,142,17,47,64,96,96,111,111,30,40,55,55,55,55,55,55,5,36,36],"floor_reached":57,"language":"ENG","playtime":4500,"items_purged":["Defend_R","Defend_R","Bash"],"score":2757,"play_id":"b5b5c8fa-a3af-4a85-9c74-1b8816a47375","local_time":"20210131193443","is_ascension_mode":true,"campfire_choices":[{"floor":7,"key":"RECALL"},{"data":"Whirlwind","floor":10,"key":"SMITH"},{"floor":13,"key":"DIG"},{"floor":15,"key":"DIG"},{"data":"Demon Form","floor":24,"key":"SMITH"},{"floor":27,"key":"DIG"},{"floor":32,"key":"DIG"},{"floor":45,"key":"DIG"},{"floor":49,"key":"DIG"},{"data":"Limit Break","floor":53,"key":"SMITH"}],"circlet_count":0,"master_deck":["AscendersBane","Bash","Iron Wave","Uppercut","Whirlwind+1","Reckless Charge","Flame Barrier","Carnage","Impervious","Spot Weakness","Anger","Brutality","Intimidate","Twin Strike","Searing Blow","Havoc","Anger","Immolate","Whirlwind","Twin Strike","Demon Form+1","Limit Break+1","Infernal Blade","Rampage","Exhume","Heavy Blade+1","Battle Trance","Hemokinesis+1","Rupture","Pummel","Flex","Sword Boomerang+1","Burning Pact","Rupture+1","Infernal Blade","Flex"],"relics":["Burning Blood","Ancient Tea Set","Potion Belt","Shovel","Paper Frog","Boot","Pandora\u0027s Box","Anchor","Vajra","Sundial","Orichalcum","HornCleat","Sozu","Frozen Egg 2","Smiling Mask","Blue Candle","TungstenRod","Red Skull","Runesmith:Nanobots"],"acts_visited":["Exordium","TheCity","TheBeyond","TheEnding"],"potions_floor_usage":[6,23,31,33,56],"damage_taken":[{"damage":16,"enemies":"2 Louse","floor":1,"turns":3},{"damage":4,"enemies":"Cultist","floor":4,"turns":3},{"damage":35,"enemies":"3 Sentries","floor":6,"turns":7},{"damage":28,"enemies":"Gremlin Nob","floor":8,"turns":4},{"damage":28,"enemies":"3 Sentries","floor":11,"turns":6},{"damage":12,"enemies":"Jaw Worm","floor":14,"turns":2},{"damage":81,"enemies":"The Guardian","floor":16,"turns":9},{"damage":39,"enemies":"2 Thieves","floor":18,"turns":3},{"damage":36,"enemies":"Spheric Guardian","floor":19,"turns":5},{"damage":88,"enemies":"Slavers","floor":23,"turns":5},{"damage":109,"enemies":"Book of Stabbing","floor":25,"turns":6},{"damage":32,"enemies":"Snake Plant","floor":31,"turns":3},{"damage":32,"enemies":"Champ","floor":33,"turns":9},{"damage":28,"enemies":"3 Shapes","floor":35,"turns":2},{"damage":25,"enemies":"Orb Walker","floor":37,"turns":4},{"damage":97,"enemies":"Maw","floor":38,"turns":8},{"damage":110,"enemies":"Giant Head","floor":40,"turns":7},{"damage":40,"enemies":"4 Shapes","floor":41,"turns":2},{"damage":155,"enemies":"Reptomancer","floor":42,"turns":7},{"damage":50,"enemies":"Sphere and 2 Shapes","floor":44,"turns":4},{"damage":53,"enemies":"Maw","floor":47,"turns":6},{"damage":39,"enemies":"3 Darklings","floor":48,"turns":4},{"damage":136,"enemies":"Time Eater","floor":50,"turns":8},{"damage":193,"enemies":"Awakened One","floor":51,"turns":9},{"damage":175,"enemies":"Shield and Spear","floor":55,"turns":7},{"damage":231,"enemies":"The Heart","floor":56,"turns":9}],"seed_played":"-2707050191832559767","potions_obtained":[{"floor":1,"key":"BloodPotion"},{"floor":4,"key":"Block Potion"},{"floor":8,"key":"Energy Potion"},{"floor":16,"key":"Fire Potion"},{"floor":19,"key":"LiquidBronze"},{"floor":25,"key":"EssenceOfSteel"}],"is_trial":false,"path_per_floor":["M","?","$","M","?","E","R","E","T","R","E","$","R","M","R","B",null,"M","M","?","$","?","E","R","E","T","R","?","$","?","M","R","B",null,"M","?","M","M","$","E","M","E","T","M","R","$","M","M","R","B","B",null,"R","$","E","B",null],"character_chosen":"IRONCLAD","items_purchased":["Uppercut","Whirlwind","Spot Weakness","Demon Form","Infernal Blade","Rupture","Pummel","Rupture+1"],"campfire_rested":0,"item_purchase_floors":[3,3,12,21,29,39,39,46],"current_hp_per_floor":[2058,1954,1954,1956,1945,1916,1916,1894,1894,1894,1872,1872,1872,1866,1866,1791,2004,1971,1941,1941,1941,1941,1859,1859,1756,1756,1756,1035,1035,1035,1425,1425,1399,1910,1888,1888,1869,1778,1778,1674,1640,1491,1491,1447,1447,1447,1400,1367,1367,1237,1050,1823,1823,1823,1654,1429],"gold":36,"neow_bonus":"HUNDRED_GOLD","is_daily":false,"chose_seed":false,"campfire_upgraded":3,"win_rate":0.0,"timestamp":1612146883,"path_taken":["M","?","$","?","?","E","R","E","T","R","E","$","R","M","R","BOSS","M","M","?","$","?","E","R","E","T","R","?","$","?","M","R","BOSS","M","?","M","M","$","E","M","E","T","?","R","$","M","M","R","BOSS","BOSS","R","$","E","BOSS"],"items_purchased_type":["Card","Card","Card","Card","Card","Card","Card","Card"],"build_version":"2020-12-22","purchased_purges":3,"victory":true,"max_hp_per_floor":[2075,2075,2075,2075,2075,2075,2075,2075,2075,2075,2075,2075,2075,2075,2075,2075,2075,2075,2075,2075,2075,2075,2075,2075,2075,2075,2075,2080,2080,2080,2080,2080,2080,2080,2080,2080,2080,2080,2080,2080,2080,2080,2080,2080,2080,2080,2080,2080,2080,2080,2080,2080,2080,2080,2080,2080],"card_choices":[{"not_picked":["Sentinel","Body Slam"],"picked":"Iron Wave","floor":1},{"not_picked":["Havoc","Twin Strike"],"picked":"Reckless Charge","floor":4},{"not_picked":["Clothesline","Fire Breathing"],"picked":"Flame Barrier","floor":6},{"not_picked":["Shrug It Off","Thunderclap"],"picked":"Carnage","floor":8},{"not_picked":["Rage","Battle Trance"],"picked":"Impervious","floor":11},{"not_picked":["Wild Strike","Fire Breathing"],"picked":"Anger","floor":14},{"not_picked":["Barricade","Limit Break"],"picked":"Brutality","floor":16},{"not_picked":["Twin Strike","Sever Soul"],"picked":"Whirlwind","floor":18},{"not_picked":["Shrug It Off","Headbutt"],"picked":"Twin Strike","floor":19},{"not_picked":["True Grit","Flame Barrier","Clash"],"picked":"SKIP","floor":23},{"not_picked":["Clash","Carnage"],"picked":"Limit Break","floor":25},{"not_picked":["Dropkick","Evolve+1"],"picked":"Rampage","floor":31},{"not_picked":["Brutality","Fiend Fire"],"picked":"Exhume","floor":33},{"not_picked":["True Grit","Sword Boomerang"],"picked":"Heavy Blade+1","floor":35},{"not_picked":["Rage","Headbutt"],"picked":"Battle Trance","floor":37},{"not_picked":["Evolve","Feel No Pain"],"picked":"Hemokinesis+1","floor":38},{"not_picked":["Armaments","Twin Strike+1"],"picked":"Flex","floor":40},{"not_picked":["Headbutt","Pommel Strike"],"picked":"Sword Boomerang+1","floor":41},{"not_picked":["Wild Strike","Combust+1"],"picked":"Burning Pact","floor":42},{"not_picked":["Uppercut","Twin Strike+1","Second Wind+1"],"picked":"SKIP","floor":44},{"not_picked":["Wild Strike","Flame Barrier"],"picked":"Infernal Blade","floor":47},{"not_picked":["Armaments","Body Slam"],"picked":"Flex","floor":48},{"not_picked":["Power Through","Havoc","Flex"],"picked":"SKIP","floor":55}],"player_experience":275229,"relics_obtained":[{"floor":6,"key":"Ancient Tea Set"},{"floor":8,"key":"Potion Belt"},{"floor":11,"key":"Shovel"},{"floor":13,"key":"Paper Frog"},{"floor":15,"key":"Boot"},{"floor":23,"key":"Anchor"},{"floor":25,"key":"Vajra"},{"floor":26,"key":"Sundial"},{"floor":27,"key":"Orichalcum"},{"floor":32,"key":"HornCleat"},{"floor":40,"key":"Frozen Egg 2"},{"floor":42,"key":"Smiling Mask"},{"floor":43,"key":"Blue Candle"},{"floor":45,"key":"TungstenRod"},{"floor":49,"key":"Red Skull"},{"floor":55,"key":"Runesmith:Nanobots"}],"event_choices":[{"damage_healed":0,"gold_gain":0,"player_choice":"Bought 0 Potions","damage_taken":0,"max_hp_gain":0,"max_hp_loss":0,"event_name":"The Woman in Blue","floor":2,"gold_loss":0},{"damage_healed":0,"gold_gain":75,"player_choice":"Gather Gold","damage_taken":11,"max_hp_gain":0,"max_hp_loss":0,"event_name":"World of Goop","floor":5,"gold_loss":0},{"damage_healed":0,"gold_gain":0,"player_choice":"Ignored","damage_taken":0,"max_hp_gain":0,"max_hp_loss":0,"event_name":"Ghosts","floor":20,"gold_loss":0},{"damage_healed":0,"gold_gain":0,"player_choice":"Shed Blood","damage_taken":726,"max_hp_gain":5,"max_hp_loss":0,"event_name":"Forgotten Altar","floor":28,"gold_loss":0},{"cards_removed":["Entrench"],"damage_healed":0,"gold_gain":0,"player_choice":"Gave Gold","damage_taken":0,"max_hp_gain":0,"max_hp_loss":0,"event_name":"Beggar","floor":30,"gold_loss":75},{"damage_healed":0,"gold_gain":0,"player_choice":"1 cards matched","damage_taken":0,"max_hp_gain":0,"max_hp_loss":0,"event_name":"Match and Keep!","floor":36,"gold_loss":0,"cards_obtained":["Bash"]}],"is_beta":false,"boss_relics":[{"not_picked":["Fusion Hammer","Tiny House"],"picked":"Pandora\u0027s Box"},{"not_picked":["construct:WeddingRing","Calling Bell"],"picked":"Sozu"}],"items_purged_floors":[3,12,54],"is_endless":false,"potions_floor_spawned":[1,4,8,16,19,25,37,41,42,47],"ascension_level":20}}