{"host":"d5i1qeb9dejicw1z","time":1612212112,"event":{"mods":["AchievementEnabler","BaseMod","Better Note","BetterRewards","Evolution","Gold Saver","Minty Spire (QoL Compilation)","Permanent Neow","Relic Filter Mod","Reliquary","StSLib"],"gold_per_floor":[350,350,350,119,133,133,160,160,240,257,257,275,285,285,285,361,361,375,394,374,374,374,374,393,393,393],"floor_reached":25,"language":"ENG","playtime":1033,"items_purged":["Fission"],"score":427,"play_id":"80e03906-4e80-4f92-99f6-1ccd67d7141c","local_time":"20210201124152","is_ascension_mode":true,"campfire_choices":[{"data":"Zap","floor":6,"key":"SMITH"},{"data":"Beam Cell","floor":8,"key":"SMITH"},{"floor":15,"key":"REST"},{"data":"Zap","floor":23,"key":"SMITH"}],"circlet_count":0,"master_deck":["AscendersBane","Sweeping Beam","Sweeping Beam","Sweeping Beam","Conserve Battery","Conserve Battery","Conserve Battery","Conserve Battery+1","Zap+1","Dualcast","Gash","Beam Cell+1","Chill","Go for the Eyes","Gash","Streamline+1","Reboot","Zap+1","FTL"],"relics":["Cracked Core","EVO:Axolotl","Membership Card","TungstenRod","Symbiotic Virus","Black Star"],"acts_visited":["Exordium","TheCity"],"potions_floor_usage":[7,16,16,24,25],"damage_taken":[{"damage":5,"enemies":"Small Slimes","floor":1,"turns":2},{"damage":5,"enemies":"Jaw Worm","floor":5,"turns":2},{"damage":7,"enemies":"Gremlin Nob","floor":7,"turns":3},{"damage":0,"enemies":"2 Louse","floor":10,"turns":2},{"damage":0,"enemies":"Looter","floor":12,"turns":2},{"damage":0,"enemies":"2 Fungi Beasts","floor":13,"turns":2},{"damage":9,"enemies":"Hexaghost","floor":16,"turns":7},{"damage":3,"enemies":"Shell Parasite","floor":18,"turns":3},{"damage":18,"enemies":"Chosen","floor":19,"turns":4},{"damage":35,"enemies":"Snecko","floor":24,"turns":6},{"damage":24,"enemies":"Slavers","floor":25,"turns":1}],"seed_played":"-1333345354118284322","potions_obtained":[{"floor":5,"key":"BlessingOfTheForge"},{"floor":10,"key":"DuplicationPotion"},{"floor":13,"key":"Fire Potion"},{"floor":19,"key":"Strength Potion"},{"floor":20,"key":"PowerPotion"}],"is_trial":false,"path_per_floor":["M","?","?","$","M","R","E","R","T","M","?","M","M","?","R","B",null,"M","M","?","$","?","R","M","E"],"character_chosen":"DEFECT","items_purchased":["Membership Card","Beam Cell"],"campfire_rested":1,"item_purchase_floors":[4,4],"current_hp_per_floor":[65,70,70,70,65,65,58,58,58,58,58,58,58,34,58,49,74,71,53,53,53,53,53,18,0,0],"gold":393,"neow_bonus":"TRANSFORM_CARD","is_daily":false,"chose_seed":false,"campfire_upgraded":3,"win_rate":0.0,"timestamp":1612212112,"path_taken":["M","?","?","$","M","R","E","R","T","?","?","M","M","?","R","BOSS","M","M","?","$","?","R","M","E"],"items_purchased_type":["Relic","Card"],"build_version":"2020-12-22","purchased_purges":1,"victory":false,"max_hp_per_floor":[77,82,82,82,82,82,82,82,82,82,82,82,82,82,82,82,82,82,82,82,82,82,82,82,82,82],"card_choices":[{"not_picked":["Go for the Eyes","Fusion"],"picked":"Gash","floor":1},{"not_picked":["Cold Snap","Stack"],"picked":"Chill","floor":5},{"not_picked":["Coolheaded","Stack"],"picked":"Go for the Eyes","floor":7},{"not_picked":["Beam Cell","Aggregate","Compile Driver"],"picked":"SKIP","floor":10},{"not_picked":["Barrage","Sunder"],"picked":"Gash","floor":12},{"not_picked":["Loop","Redo"],"picked":"Streamline","floor":13},{"not_picked":["Thunder Strike","Biased Cognition"],"picked":"Reboot","floor":16},{"not_picked":["Ball Lightning+1","Fusion","Conserve Battery"],"picked":"SKIP","floor":18},{"not_picked":["Recycle","Go for the Eyes","Turbo"],"picked":"SKIP","floor":19},{"not_picked":["Coolheaded","Rebound"],"picked":"FTL","floor":24}],"player_experience":1227858,"relics_obtained":[{"floor":7,"key":"TungstenRod"},{"floor":9,"key":"Symbiotic Virus"}],"event_choices":[{"damage_healed":0,"gold_gain":0,"player_choice":"Donut","damage_taken":0,"max_hp_gain":5,"max_hp_loss":0,"event_name":"Big Fish","floor":2,"gold_loss":0},{"damage_healed":0,"gold_gain":0,"player_choice":"Ignored","damage_taken":0,"max_hp_gain":0,"max_hp_loss":0,"event_name":"Liars Game","floor":3,"gold_loss":0},{"damage_healed":0,"gold_gain":0,"player_choice":"Ignored","damage_taken":0,"max_hp_gain":0,"max_hp_loss":0,"event_name":"Golden Idol","floor":11,"gold_loss":0},{"damage_healed":0,"gold_gain":0,"player_choice":"Entered Light","damage_taken":25,"max_hp_gain":0,"max_hp_loss":0,"event_name":"Shining Light","floor":14,"gold_loss":0,"cards_upgraded":["Conserve Battery","Streamline"]},{"damage_healed":0,"gold_gain":0,"player_choice":"Bought 1 Potion","damage_taken":0,"max_hp_gain":0,"max_hp_loss":0,"event_name":"The Woman in Blue","floor":20,"gold_loss":0},{"damage_healed":0,"gold_gain":0,"player_choice":"1 cards matched","damage_taken":0,"max_hp_gain":0,"max_hp_loss":0,"event_name":"Match and Keep!","floor":22,"gold_loss":0,"cards_obtained":["Zap"]}],"is_beta":false,"boss_relics":[{"not_picked":["reliquary:WritOfMandamus","Philosopher\u0027s Stone"],"picked":"Black Star"}],"items_purged_floors":[4],"is_endless":false,"potions_floor_spawned":[5,10,13,19],"killed_by":"Slavers","ascension_level":20}}