{"host":"wshh0nphwn6jv7vj","time":1612222962,"event":{"mods":["BaseMod","Bestiary","Minty Spire (QoL Compilation)","Relic Stats"],"gold_per_floor":[113,113,113,131,151,151,181,181,233,250,283,300,310,310,310,387,387,398,417,417,417,417,417,417,417],"floor_reached":24,"language":"ENG","playtime":1043,"items_purged":[],"score":381,"play_id":"58fde7c8-7a13-46d2-9cf8-81b79dfceb9c","local_time":"20210201184242","is_ascension_mode":true,"campfire_choices":[{"data":"TalkToTheHand","floor":6,"key":"SMITH"},{"floor":8,"key":"REST"},{"floor":15,"key":"REST"},{"floor":23,"key":"REST"}],"circlet_count":0,"master_deck":["AscendersBane","Strike_P","Defend_P","Defend_P","Defend_P","Defend_P","Eruption","Vigilance","BowlingBash","Wireheading","TalkToTheHand+1","ClearTheMind","BowlingBash","Tantrum","DeceiveReality","FlurryOfBlows","Alpha","LikeWater","ThirdEye+1","Protect","DevaForm"],"relics":["PureWater","NeowsBlessing","Tiny Chest","Strawberry","Bottled Lightning","Black Star","Letter Opener","Shuriken"],"acts_visited":["Exordium","TheCity"],"potions_floor_usage":[7,12,12,16,16,16,18,19],"damage_taken":[{"damage":0,"enemies":"Jaw Worm","floor":1,"turns":1},{"damage":0,"enemies":"Cultist","floor":4,"turns":1},{"damage":0,"enemies":"Small Slimes","floor":5,"turns":1},{"damage":29,"enemies":"3 Sentries","floor":7,"turns":12},{"damage":1,"enemies":"Red Slaver","floor":10,"turns":3},{"damage":43,"enemies":"Gremlin Nob","floor":11,"turns":4},{"damage":32,"enemies":"Exordium Thugs","floor":12,"turns":7},{"damage":0,"enemies":"Large Slime","floor":13,"turns":3},{"damage":18,"enemies":"The Guardian","floor":16,"turns":7},{"damage":36,"enemies":"2 Thieves","floor":18,"turns":4},{"damage":17,"enemies":"Chosen","floor":19,"turns":6},{"damage":90,"enemies":"Gremlin Leader","floor":24,"turns":7}],"seed_played":"-3371012293013904690","potions_obtained":[{"floor":3,"key":"Regen Potion"},{"floor":3,"key":"LiquidBronze"},{"floor":10,"key":"StancePotion"},{"floor":12,"key":"EntropicBrew"},{"floor":13,"key":"SkillPotion"},{"floor":16,"key":"FairyPotion"},{"floor":18,"key":"Dexterity Potion"}],"is_trial":false,"path_per_floor":["M","?","?","M","M","R","E","R","T","M","E","M","M","?","R","B",null,"M","M","T","T","?","R","E"],"character_chosen":"WATCHER","items_purchased":[],"campfire_rested":3,"item_purchase_floors":[],"current_hp_per_floor":[61,66,66,66,66,66,37,58,65,64,21,4,4,4,28,10,63,27,10,10,10,10,34,0,0],"gold":417,"neow_bonus":"THREE_ENEMY_KILL","is_daily":false,"chose_seed":false,"campfire_upgraded":1,"win_rate":0.0,"timestamp":1612222962,"path_taken":["M","?","?","M","M","R","E","R","T","?","E","M","M","?","R","BOSS","M","M","?","?","?","R","E"],"items_purchased_type":[],"build_version":"2020-12-22","purchased_purges":0,"victory":false,"max_hp_per_floor":[68,73,73,73,73,73,73,73,80,80,80,80,80,80,80,80,80,80,80,80,80,80,80,80,80],"relic_stats":{"counters":[12,56],"Shuriken":[1],"Tiny Chest":1,"Black Star":0,"Letter Opener":[25],"obtain_stats":[{"NeowsBlessing":0,"Shuriken":21,"Strawberry":9,"Tiny Chest":7,"Black Star":17,"Bottled Lightning":11,"Letter Opener":20,"PureWater":0},{"NeowsBlessing":0,"Shuriken":11,"Strawberry":4,"Tiny Chest":4,"Black Star":9,"Bottled Lightning":6,"Letter Opener":11,"PureWater":0},{"NeowsBlessing":0,"Shuriken":49,"Strawberry":15,"Tiny Chest":15,"Black Star":39,"Bottled Lightning":22,"Letter Opener":49,"PureWater":0}]},"card_choices":[{"not_picked":["JustLucky","ClearTheMind"],"picked":"BowlingBash","floor":1},{"not_picked":["Nirvana","Collect"],"picked":"Wireheading","floor":4},{"not_picked":["JustLucky","WindmillStrike"],"picked":"TalkToTheHand","floor":5},{"not_picked":["Halt","PathToVictory"],"picked":"ClearTheMind","floor":7},{"not_picked":["Fasting2","DeceiveReality"],"picked":"BowlingBash","floor":10},{"not_picked":["CutThroughFate","EmptyMind"],"picked":"Tantrum","floor":11},{"not_picked":["InnerPeace","Worship"],"picked":"DeceiveReality","floor":12},{"not_picked":["DeceiveReality","Crescendo"],"picked":"FlurryOfBlows","floor":13},{"not_picked":["Devotion","Wish"],"picked":"Alpha","floor":16},{"not_picked":["WheelKick","Pray"],"picked":"LikeWater","floor":18},{"not_picked":["Consecrate","Adaptation+1"],"picked":"ThirdEye+1","floor":19}],"player_experience":1626301,"relics_obtained":[{"floor":7,"key":"Tiny Chest"},{"floor":9,"key":"Strawberry"},{"floor":11,"key":"Bottled Lightning"},{"floor":20,"key":"Letter Opener"},{"floor":21,"key":"Shuriken"}],"event_choices":[{"damage_healed":0,"gold_gain":0,"player_choice":"Donut","damage_taken":0,"max_hp_gain":5,"max_hp_loss":0,"event_name":"Big Fish","floor":2,"gold_loss":0},{"damage_healed":0,"gold_gain":0,"player_choice":"Got Potions","damage_taken":0,"max_hp_gain":0,"max_hp_loss":0,"event_name":"Lab","floor":3,"gold_loss":0},{"cards_removed":["Strike_P"],"damage_healed":0,"gold_gain":0,"player_choice":"Purged","damage_taken":0,"max_hp_gain":0,"max_hp_loss":0,"event_name":"Purifier","floor":14,"gold_loss":0},{"damage_healed":0,"gold_gain":0,"cards_transformed":["Strike_P","Strike_P"],"player_choice":"Became Test Subject","damage_taken":0,"max_hp_gain":0,"max_hp_loss":0,"event_name":"Drug Dealer","floor":22,"gold_loss":0,"cards_obtained":["Protect","DevaForm"]}],"is_beta":false,"boss_relics":[{"not_picked":["Pandora\u0027s Box","Philosopher\u0027s Stone"],"picked":"Black Star"}],"items_purged_floors":[],"is_endless":false,"potions_floor_spawned":[5,10,12,13,16,18],"killed_by":"Gremlin Leader","ascension_level":17}}