{"host":"wqy4mrhfanukbt26","time":1612206996,"event":{"mods":["AchievementEnabler","Act Like it!","Arknights","BaseMod","Bestiary","BetterRewards","Card Forge","Colored Powertips","Friendly Minions","Gensokyo","Marisa£®ÏF”Í°°ƒß¿Ì…≥£©","Minty Spire (QoL Compilation)","Rare Cards Sparkle","Relic Stats","Shop Mod","StSLib"],"gold_per_floor":[120,139,69,78,106,106,148,148,157,175,209,209,255,255,255,369,369,379,388,423,448,448,490,490,527,553,565,565,112,146,165,165,277,277,290,317,335,645,349,349,569,578,631,675,675,699,699,719,737,737,737,737,393,425,425],"floor_reached":56,"language":"ZHS","playtime":4027,"items_purged":["ats:Strike V","ats:Healing Drone+1"],"score":1809,"play_id":"299ed9dc-5622-42fe-964a-780614a53180","local_time":"20210202031636","is_ascension_mode":true,"campfire_choices":[{"data":"ats:Strike C","floor":6.0,"key":"PURGE"},{"floor":15.0,"key":"DIG"},{"floor":24,"key":"DIG"},{"floor":32,"key":"DIG"},{"floor":40,"key":"DIG"},{"floor":47,"key":"DIG"},{"floor":49,"key":"RECALL"},{"floor":52,"key":"DIG"}],"circlet_count":0,"master_deck":["ats:Emotion Absorption+1","ats:Part Time Job+1","ats:Chain Hook+1","ats:Closed Bolt Burst Fire+1","ats:Soul Rend+1","ats:Composite Medical Shells+1","ats:Red Shift+1","ats:Red Shift+1","ats:Healing Strengthening","ats:Wolf Pack+1","ats:Shadow Assault+1","Gensokyo:HouraiInAPot+1","ats:Assault Order+1","Heatsinks+1","Master of Strategy+1","Master of Strategy+1","Pommel Strike+1"],"relics":["ats:Sanity","Hammer of Thor","Seething Fire","Anvil of the Gods","CeramicFish","ats:Defend","Peace Pipe","Calipers","Letter Opener","Strawberry","Lantern","Gensokyo:NagashiBinaDoll","ats:Originium","Mango","Bottled Tornado","Shovel","Omamori","Toy Ornithopter","Gensokyo:MosesMiracle","Bronze Scales","Oddly Smooth Stone","ats:Spiritual Recovery","Centennial Puzzle","Gensokyo:ChorusOfJoy","MerchantsRug","ClockworkSouvenir","Ginger","Nunchaku","InkBottle","Cursed Key","Medical Kit","Happy Flower","Bag of Marbles","Smiling Mask","Lizard Tail","Bottled Flame","Gremlin Horn","Akabeko","ats:Rhine Circuitry","Whetstone"],"acts_visited":["Exordium","Gensokyo:Gensokyo","Gensokyo:Gensokyoer","TheEnding"],"potions_floor_usage":[20,37,46,46],"damage_taken":[{"damage":4.0,"enemies":"Gensokyo:3_Fairies","floor":1.0,"turns":4.0},{"damage":0.0,"enemies":"Gensokyo:2_Kodama","floor":2.0,"turns":3.0},{"damage":11.0,"enemies":"Gensokyo:Python","floor":5.0,"turns":4.0},{"damage":25.0,"enemies":"Gensokyo:Cirno","floor":7.0,"turns":5.0},{"damage":0.0,"enemies":"Gensokyo:VengefulSpirit","floor":10.0,"turns":3.0},{"damage":22.0,"enemies":"Gensokyo:Mamizou","floor":11.0,"turns":11.0},{"damage":0.0,"enemies":"Gensokyo:LivingMonolith","floor":13.0,"turns":2.0},{"damage":39.0,"enemies":"Gensokyo:Reimu","floor":16.0,"turns":9.0},{"damage":28,"enemies":"Gensokyo:2_Gloops","floor":18,"turns":5},{"damage":28,"enemies":"Gensokyo:AngelMirror","floor":20,"turns":3},{"damage":35,"enemies":"Gensokyo:Wraith","floor":21,"turns":4},{"damage":21,"enemies":"Gensokyo:Koishi","floor":23,"turns":4},{"damage":46,"enemies":"Gensokyo:Tenshi","floor":25,"turns":3},{"damage":0,"enemies":"Gensokyo:3_Gloops","floor":27,"turns":3},{"damage":27,"enemies":"Gensokyo:Koishi","floor":30,"turns":3},{"damage":17,"enemies":"Gensokyo:Slime_Group","floor":31,"turns":2},{"damage":0,"enemies":"Gensokyo:Eternal_Rivals","floor":33,"turns":3},{"damage":0,"enemies":"Gensokyo:3_Boulders","floor":35,"turns":2},{"damage":34,"enemies":"Gensokyo:AncientGuardian","floor":37,"turns":4},{"damage":16,"enemies":"Gensokyo:Dusk_and_Dawn","floor":38,"turns":2},{"damage":0,"enemies":"Gensokyo:AtlasGolem","floor":41,"turns":3},{"damage":0,"enemies":"Gensokyo:AtlasGolem","floor":42,"turns":5},{"damage":0,"enemies":"Gensokyo:Doremy","floor":44,"turns":2},{"damage":0,"enemies":"Gensokyo:Sharpion","floor":46,"turns":1},{"damage":0,"enemies":"Gensokyo:3_Boulders","floor":48,"turns":2},{"damage":0,"enemies":"Gensokyo:Scarlet_Devils","floor":50,"turns":1},{"damage":0,"enemies":"Shield and Spear","floor":54,"turns":1},{"damage":64,"enemies":"The Heart","floor":55,"turns":3}],"seed_played":"-548516890378062623","potions_obtained":[{"floor":5.0,"key":"BlessingOfTheForge"},{"floor":10.0,"key":"PowerPotion"},{"floor":13.0,"key":"Energy Potion"},{"floor":16.0,"key":"ColorlessPotion"},{"floor":21,"key":"Fire Potion"},{"floor":25,"key":"SneckoOil"},{"floor":27,"key":"ats:Top Emergency Sanity Potion"},{"floor":30,"key":"Swift Potion"},{"floor":37,"key":"BlessingOfTheForge"},{"floor":38,"key":"GamblersBrew"},{"floor":46,"key":"Fruit Juice"},{"floor":54,"key":"Fire Potion"}],"is_trial":false,"path_per_floor":["M","M","?","?","M","R","E","?","T","M","E","COS","M","?","R","B",null,"M","?","M","M","?","E","R","E","T","M","?","$","E","M","R","B",null,"M","COS","M","M","$","R","M","?","T","E","?","M","R","M","R","B",null,"R","$","E","B",null],"character_chosen":"DOCTOR_CLASS","items_purchased":["CeramicFish","ats:Defend","Letter Opener","Strawberry","MerchantsRug","ClockworkSouvenir","Ginger","Medical Kit","Happy Flower","Akabeko","ats:Rhine Circuitry"],"campfire_rested":0,"item_purchase_floors":[0,0,0,0,29,29,29,39,39,53,53],"current_hp_per_floor":[75,75,75,75,68,68,74,56,56,64,88,88,93,102,102,96,102,79,79,75,76,76,102,102,102,102,102,102,102,102,102,102,102,102,102,102,100,102,102,102,102,102,102,102,102,107,107,107,107,107,107,107,107,107,106],"gold":425,"neow_bonus":"","is_daily":false,"chose_seed":false,"campfire_upgraded":0,"win_rate":0.0,"timestamp":1612206996,"path_taken":["M","M","?","?","?","R","E","?","T","M","E","COS","?","?","R","BOSS","M","?","M","?","?","E","R","E","T","M","?","?","E","M","R","BOSS","M","COS","M","M","$","R","?","?","T","E","?","?","R","M","R","BOSS","R","$","E","BOSS"],"items_purchased_type":["Relic","Card","Relic","Relic","Relic","Relic","Relic","Relic","Relic","Relic","Relic"],"build_version":"2020-12-22","purchased_purges":2,"victory":true,"max_hp_per_floor":[79,79,79,79,79,79,93,93,93,93,93,93,93,102,102,102,102,102,102,102,102,102,102,102,102,102,102,102,102,102,102,102,102,102,102,102,102,102,102,102,102,102,102,102,102,107,107,107,107,107,107,107,107,107,107],"relic_stats":{"Happy Flower":[6],"Gremlin Horn":[0,0],"counters":[57,257],"CeramicFish":243,"Letter Opener":[720],"Ginger":[4],"Whetstone":["ats:Wolf Pack","ats:Shadow Assault"],"Cursed Key":1,"Medical Kit":[6],"Smiling Mask":50,"Peace Pipe":1,"Centennial Puzzle":[57],"Nunchaku":[12],"Lizard Tail":0,"Shovel":6,"Bronze Scales":[36],"obtain_stats":[{"Gensokyo:ChorusOfJoy":28,"Calipers":0,"Gremlin Horn":52,"Nilry\u0027s Codex":24,"CeramicFish":0,"Vajra":9,"Hammer of Thor":0,"Ginger":29,"Whetstone":54,"Bottled Tornado":46,"Sozu":17,"Centennial Puzzle":13,"Lizard Tail":44,"Gensokyo:Companionship":54,"Sundial":0,"Strawberry":0,"Fusion Hammer":34,"Toxic Egg 2":4,"ats:Rhine Circuitry":53,"ats:Defend":0,"MerchantsRug":29,"Happy Flower":39,"ats:Lavender":7,"Blue Candle":54,"Oddly Smooth Stone":24,"Eternal Feather":44,"Letter Opener":0,"War Paint":23,"Akabeko":53,"Bottled Flame":47,"Anvil of the Gods":0,"Bronze Scales":23,"Nloth\u0027s Gift":19,"ats:Spiritual Recovery":25,"Regal Pillow":12,"Lantern":3,"Singing Bowl":26,"Mango":7,"Gensokyo:NagashiBinaDoll":4,"Cursed Key":34,"Smiling Mask":41,"ClockworkSouvenir":29,"Frozen Eye":23,"Nunchaku":30,"TheAbacus":42,"Shovel":11,"Tiny Chest":30,"ats:Sanity":0,"InkBottle":53,"Runic Pyramid":17,"Golden Idol":2,"Gensokyo:MosesMiracle":27,"Omamori":15,"Seething Fire":0,"ats:Cure":53,"Medical Kit":39,"Peace Pipe":0,"ats:Originium":7,"Gensokyo:DayTheSeaSplit":22,"Bag of Marbles":40,"TungstenRod":36,"Toy Ornithopter":20},{"Gensokyo:ChorusOfJoy":43,"Calipers":0,"Gremlin Horn":55,"Nilry\u0027s Codex":11,"CeramicFish":29,"Vajra":3,"Hammer of Thor":0,"Ginger":43,"Whetstone":56,"Bottled Tornado":24,"Sozu":7,"Centennial Puzzle":5,"Lizard Tail":52,"Gensokyo:Companionship":28,"Sundial":0,"Strawberry":29,"Fusion Hammer":17,"Toxic Egg 2":1,"ats:Rhine Circuitry":27,"ats:Defend":0,"MerchantsRug":43,"Happy Flower":49,"ats:Lavender":3,"Blue Candle":28,"Oddly Smooth Stone":41,"Eternal Feather":23,"Letter Opener":29,"War Paint":11,"Akabeko":55,"Bottled Flame":53,"Anvil of the Gods":0,"Bronze Scales":41,"Nloth\u0027s Gift":8,"ats:Spiritual Recovery":42,"Regal Pillow":4,"Lantern":31,"Singing Bowl":11,"Mango":33,"Gensokyo:NagashiBinaDoll":31,"Cursed Key":46,"Smiling Mask":50,"ClockworkSouvenir":43,"Frozen Eye":40,"Nunchaku":44,"TheAbacus":22,"Shovel":35,"Tiny Chest":15,"ats:Sanity":0,"InkBottle":27,"Runic Pyramid":37,"Golden Idol":1,"Gensokyo:MosesMiracle":43,"Omamori":36,"Seething Fire":0,"ats:Cure":27,"Medical Kit":49,"Peace Pipe":29,"ats:Originium":3,"Gensokyo:DayTheSeaSplit":40,"Bag of Marbles":49,"TungstenRod":18,"Toy Ornithopter":39},{"Gensokyo:ChorusOfJoy":223,"Calipers":0,"Gremlin Horn":253,"Nilry\u0027s Codex":45,"CeramicFish":160,"Vajra":11,"Hammer of Thor":0,"Ginger":223,"Whetstone":254,"Bottled Tornado":120,"Sozu":26,"Centennial Puzzle":15,"Lizard Tail":249,"Gensokyo:Companionship":142,"Sundial":0,"Strawberry":160,"Fusion Hammer":82,"Toxic Egg 2":4,"ats:Rhine Circuitry":141,"ats:Defend":0,"MerchantsRug":223,"Happy Flower":239,"ats:Lavender":11,"Blue Candle":150,"Oddly Smooth Stone":217,"Eternal Feather":113,"Letter Opener":160,"War Paint":45,"Akabeko":253,"Bottled Flame":250,"Anvil of the Gods":0,"Bronze Scales":217,"Nloth\u0027s Gift":30,"ats:Spiritual Recovery":220,"Regal Pillow":13,"Lantern":167,"Singing Bowl":45,"Mango":176,"Gensokyo:NagashiBinaDoll":167,"Cursed Key":231,"Smiling Mask":241,"ClockworkSouvenir":223,"Frozen Eye":213,"Nunchaku":226,"TheAbacus":106,"Shovel":190,"Tiny Chest":67,"ats:Sanity":0,"InkBottle":141,"Runic Pyramid":201,"Golden Idol":4,"Gensokyo:MosesMiracle":223,"Omamori":192,"Seething Fire":0,"ats:Cure":141,"Medical Kit":239,"Peace Pipe":160,"ats:Originium":11,"Gensokyo:DayTheSeaSplit":213,"Bag of Marbles":239,"TungstenRod":86,"Toy Ornithopter":209}],"Toy Ornithopter":6,"InkBottle":[43]},"card_choices":[{"not_picked":["ats:Guard Mode","ats:Poison Spread"],"picked":"ats:Sword Rain","floor":1.0},{"not_picked":["ats:Charging Defense","ats:Soul Absorption"],"picked":"ats:Part Time Job","floor":2.0},{"not_picked":["ats:Consecutive Shot Auto","ats:Collapsing Strike"],"picked":"ats:Apocalypse","floor":5.0},{"not_picked":["ats:Shadow Assault","ats:Collapsing Strike"],"picked":"ats:Chain Hook","floor":7.0},{"not_picked":["ats:Ignite","ats:Leaping Hammer","ats:Part Time Job"],"picked":"SKIP","floor":10.0},{"not_picked":["ats:Leaping Hammer","ats:Hammer On","ats:Part Time Job"],"picked":"SKIP","floor":11.0},{"not_picked":["ats:Flexible Camouflage","ats:Consecutive Shot Auto","ats:Poison Spread"],"picked":"SKIP","floor":13.0},{"not_picked":["ats:Wolf Pack","ats:Dogmatic Field"],"picked":"ats:Soul Rend","floor":16.0},{"not_picked":["ats:Neurotoxin","ats:Hammer On","ats:Closed Bolt Burst Fire+1"],"picked":"SKIP","floor":18},{"not_picked":["ats:Poison Spread","ats:Mental Burst","ats:Flexible Camouflage"],"picked":"SKIP","floor":20},{"not_picked":["ats:Curse Doll","ats:Flexible Camouflage","ats:Closed Bolt Burst Fire"],"picked":"SKIP","floor":21},{"not_picked":["ats:Curse Doll+1","ats:Shell Defense+1"],"picked":"ats:Healing Strengthening","floor":23},{"not_picked":["ats:Steam Pump","ats:Blood Oath+1"],"picked":"ats:Wolf Pack","floor":25},{"not_picked":["ats:Hammer On","ats:Soul Absorption","ats:Composite Medical Shells"],"picked":"SKIP","floor":27},{"not_picked":["ats:Curse Doll","ats:Magnetic Hammer","ats:Revitalization"],"picked":"SKIP","floor":30},{"not_picked":["ats:Closed Bolt Burst Fire","ats:Encircling Forest","ats:Cat Scratch"],"picked":"SKIP","floor":31},{"not_picked":["ats:Nebulous Foxfire","ats:Ambush"],"picked":"ats:Shadow Assault","floor":33},{"not_picked":["ats:Chain Hook","ats:Curse Doll+1","ats:Soul Absorption+1"],"picked":"SKIP","floor":35},{"not_picked":["ats:Hammer On+1","ats:Curse Doll","ats:Absolute Focus+1"],"picked":"SKIP","floor":37},{"not_picked":["ats:Poison Spread+1","ats:Curse Doll","ats:Mental Burst+1"],"picked":"SKIP","floor":38},{"not_picked":["ats:Automatic Cover+1","ats:Counter Healing Mode+1","ats:Curse Doll"],"picked":"SKIP","floor":41},{"not_picked":["Gensokyo:RainbowDanmaku+1","Gensokyo:DreamlikeParadise+1"],"picked":"Gensokyo:HouraiInAPot+1","floor":42},{"not_picked":["ats:Thermite Blade","ats:Poison Spread+1"],"picked":"ats:Assault Order+1","floor":44},{"not_picked":["ats:Defend Order","ats:Flame Of Heaven+1","ats:Blood Oath"],"picked":"SKIP","floor":46},{"not_picked":["ats:Defend Order","ats:Flame Of Heaven+1","ats:Blood Oath"],"picked":"SKIP","floor":46},{"not_picked":["ats:Explosion Area Strengthen+1","ats:Counter Healing Mode","ats:Shell Defense"],"picked":"SKIP","floor":48},{"not_picked":["ats:Guardian Obelisk","ats:Demon Strength","ats:Explosion Area Strengthen"],"picked":"SKIP","floor":54}],"player_experience":327667,"relics_obtained":[{"floor":7.0,"key":"ats:Originium"},{"floor":7.0,"key":"Mango"},{"floor":9.0,"key":"Bottled Tornado"},{"floor":11.0,"key":"ats:Originium"},{"floor":11.0,"key":"Shovel"},{"floor":15.0,"key":"Omamori"},{"floor":23,"key":"ats:Originium"},{"floor":23,"key":"Bronze Scales"},{"floor":24,"key":"Oddly Smooth Stone"},{"floor":25,"key":"ats:Originium"},{"floor":25,"key":"ats:Spiritual Recovery"},{"floor":26,"key":"Centennial Puzzle"},{"floor":27,"key":"Gensokyo:MosesMiracle"},{"floor":30,"key":"Nunchaku"},{"floor":32,"key":"InkBottle"},{"floor":40,"key":"Bag of Marbles"},{"floor":44,"key":"Lizard Tail"},{"floor":47,"key":"Bottled Flame"},{"floor":52,"key":"Gremlin Horn"},{"floor":54,"key":"Whetstone"}],"event_choices":[],"is_beta":false,"boss_relics":[{"not_picked":["ats:Tactical Delivery","SlaversCollar"],"picked":"Runic Pyramid"},{"not_picked":["Astrolabe","Empty Cage"],"picked":"Cursed Key"}],"items_purged_floors":[0,53],"is_endless":false,"potions_floor_spawned":[5,10,13,16,21,25,27,30,31,37,38,46,54],"ascension_level":1}}