{"host":"bxn2em57qlx5u4i0","time":1612151812,"event":{"mods":["BaseMod","Colored Map","Colored Powertips","Highlight Path","Minty Spire (QoL Compilation)","Random Character Button","Relic Sorter","Relic Stats","StSLib","SuperFastMode"],"gold_per_floor":[13,23,23,23,23,23,52,52,78,104,116,131,131,141,141,212,212,228,16,16,35,35,35,65,65,65,65,15,15,30,30,60,60,134,134,149,0,25,25,38,38,64,64,64,92,105,124,143,170,170,170,170,170],"floor_reached":52,"language":"ENG","playtime":1516,"items_purged":["Strike_G+1"],"score":1772,"play_id":"daedda5b-26b1-40b3-a0b7-bcdb49289743","local_time":"20210131225652","is_ascension_mode":true,"campfire_choices":[{"data":"Sucker Punch","floor":6.0,"key":"SMITH"},{"data":"Survivor","floor":8.0,"key":"SMITH"},{"data":"Catalyst","floor":15.0,"key":"SMITH"},{"data":"Footwork","floor":23.0,"key":"SMITH"},{"data":"Catalyst","floor":26.0,"key":"SMITH"},{"data":"Corpse Explosion","floor":29.0,"key":"SMITH"},{"data":"Corpse Explosion","floor":33.0,"key":"SMITH"},{"floor":41.0,"key":"DIG"},{"data":"Tools of the Trade","floor":43.0,"key":"SMITH"},{"floor":50.0,"key":"RECALL"}],"circlet_count":0,"master_deck":["AscendersBane","Defend_G+1","Defend_G+1","Defend_G+1","Defend_G+1","Survivor+1","Neutralize+1","Quick Slash+1","Sucker Punch+1","Blur","Poisoned Stab+1","Catalyst+1","Corpse Explosion+1","Heel Hook+1","Backflip","Footwork+1","Catalyst+1","Corpse Explosion+1","Adrenaline","Deflect+1","Dagger Throw+1","Infinite Blades+1","Dodge and Roll","Tools of the Trade+1","Backflip","Leg Sweep"],"relics":["Ring of the Snake","Bag of Preparation","Potion Belt","Happy Flower","SlaversCollar","PreservedInsect","Smiling Mask","Meat on the Bone","Whetstone","Art of War","Astrolabe","Red Mask","Shovel","Juzu Bracelet","Ancient Tea Set","Molten Egg 2","Bag of Marbles"],"acts_visited":["Exordium","TheCity","TheBeyond"],"potions_floor_usage":[52,52],"damage_taken":[{"damage":0.0,"enemies":"2 Louse","floor":1.0,"turns":5.0},{"damage":4.0,"enemies":"Small Slimes","floor":2.0,"turns":3.0},{"damage":11.0,"enemies":"3 Sentries","floor":7.0,"turns":10.0},{"damage":34.0,"enemies":"Gremlin Nob","floor":10.0,"turns":6.0},{"damage":0.0,"enemies":"Cultist","floor":11.0,"turns":3.0},{"damage":0.0,"enemies":"Looter","floor":12.0,"turns":4.0},{"damage":0.0,"enemies":"2 Fungi Beasts","floor":14.0,"turns":3.0},{"damage":7.0,"enemies":"Hexaghost","floor":16.0,"turns":9.0},{"damage":10.0,"enemies":"3 Byrds","floor":18.0,"turns":3.0},{"damage":0.0,"enemies":"Chosen","floor":21.0,"turns":4.0},{"damage":0.0,"enemies":"Book of Stabbing","floor":24.0,"turns":3.0},{"damage":0.0,"enemies":"Centurion and Healer","floor":30.0,"turns":2.0},{"damage":0.0,"enemies":"Gremlin Leader","floor":32.0,"turns":4.0},{"damage":0.0,"enemies":"Champ","floor":34.0,"turns":6.0},{"damage":0.0,"enemies":"3 Darklings","floor":36.0,"turns":3.0},{"damage":0.0,"enemies":"Mind Bloom Boss Battle","floor":38.0,"turns":4.0},{"damage":0.0,"enemies":"3 Shapes","floor":40.0,"turns":1.0},{"damage":24.0,"enemies":"Reptomancer","floor":42.0,"turns":6.0},{"damage":0.0,"enemies":"Giant Head","floor":45.0,"turns":4.0},{"damage":0.0,"enemies":"Jaw Worm Horde","floor":46.0,"turns":1.0},{"damage":0.0,"enemies":"Maw","floor":47.0,"turns":4.0},{"damage":4.0,"enemies":"Sphere and 2 Shapes","floor":48.0,"turns":4.0},{"damage":23.0,"enemies":"Reptomancer","floor":49.0,"turns":4.0},{"damage":26.0,"enemies":"Awakened One","floor":51.0,"turns":23.0},{"damage":18,"enemies":"Donu and Deca","floor":52,"turns":4}],"seed_played":"8306866841234656664","potions_obtained":[{"floor":2.0,"key":"EssenceOfSteel"},{"floor":11.0,"key":"Swift Potion"},{"floor":16.0,"key":"Explosive Potion"},{"floor":18.0,"key":"DistilledChaos"},{"floor":32.0,"key":"SteroidPotion"},{"floor":34.0,"key":"Strength Potion"},{"floor":38.0,"key":"Energy Potion"},{"floor":42.0,"key":"AttackPotion"},{"floor":47.0,"key":"SmokeBomb"}],"is_trial":false,"path_per_floor":["M","M","?","$","?","R","E","R","T","E","M","M","?","M","R","B",null,"M","$","?","M","?","R","E","E","R","T","$","R","M","T","E","R","B",null,"M","?","?","$","M","R","E","R","T","E","M","M","M","E","R","B","B"],"character_chosen":"THE_SILENT","items_purchased":["PreservedInsect","Backflip"],"campfire_rested":0,"item_purchase_floors":[19,19],"current_hp_per_floor":[59,55,55,55,55,55,44,44,44,10,10,10,10,10,10,3,50,40,40,40,40,40,40,40,40,40,40,40,40,40,40,40,40,40,60,60,60,60,60,60,60,36,36,36,36,36,36,44,33,33,19,1,1],"gold":170,"neow_bonus":"REMOVE_TWO","is_daily":false,"chose_seed":false,"campfire_upgraded":8,"win_rate":0.0,"timestamp":1612151812,"path_taken":["M","M","?","$","?","R","E","R","T","E","M","?","?","M","R","BOSS","M","$","?","M","?","R","E","E","R","T","$","R","M","?","E","R","BOSS","M","?","?","?","M","R","E","R","T","E","M","M","M","E","R","BOSS","BOSS"],"items_purchased_type":["Relic","Card"],"build_version":"2020-12-22","purchased_purges":1,"victory":false,"max_hp_per_floor":[66,66,66,66,66,66,66,66,66,66,66,66,66,66,66,66,66,66,66,66,66,66,66,66,66,66,66,66,66,66,66,66,66,66,66,66,66,66,66,66,66,66,66,66,66,66,66,66,66,66,66,66,66],"relic_stats":{"Happy Flower":[33],"counters":[25,123],"Astrolabe":["Deflect","Dagger Throw","Infinite Blades"],"PreservedInsect":342,"Bag of Preparation":[44],"Juzu Bracelet":0,"Whetstone":["Neutralize","Poisoned Stab"],"Smiling Mask":25,"Shovel":1,"Art of War":[10],"obtain_stats":[{"Potion Belt":9,"Happy Flower":10,"Astrolabe":35,"PreservedInsect":19,"Bag of Preparation":7,"Juzu Bracelet":41,"Whetstone":31,"Smiling Mask":24,"Ancient Tea Set":42,"SlaversCollar":17,"Shovel":38,"Molten Egg 2":45,"Art of War":32,"Red Mask":37,"Bag of Marbles":49,"Ring of the Snake":0,"Meat on the Bone":27},{"Potion Belt":3,"Happy Flower":4,"Astrolabe":14,"PreservedInsect":9,"Bag of Preparation":3,"Juzu Bracelet":17,"Whetstone":12,"Smiling Mask":11,"Ancient Tea Set":18,"SlaversCollar":8,"Shovel":16,"Molten Egg 2":19,"Art of War":13,"Red Mask":15,"Bag of Marbles":23,"Ring of the Snake":0,"Meat on the Bone":11},{"Potion Belt":18,"Happy Flower":24,"Astrolabe":65,"PreservedInsect":46,"Bag of Preparation":18,"Juzu Bracelet":73,"Whetstone":55,"Smiling Mask":53,"Ancient Tea Set":79,"SlaversCollar":43,"Shovel":72,"Molten Egg 2":83,"Art of War":59,"Red Mask":68,"Bag of Marbles":96,"Ring of the Snake":0,"Meat on the Bone":53}],"Ring of the Snake":[50],"Meat on the Bone":36},"card_choices":[{"not_picked":["Outmaneuver","Heel Hook"],"picked":"Quick Slash","floor":1.0},{"not_picked":["Bane","Underhanded Strike"],"picked":"Sucker Punch","floor":2.0},{"not_picked":["Doppelganger","Cloak And Dagger","Expertise"],"picked":"SKIP","floor":7.0},{"not_picked":["Blade Dance","Distraction"],"picked":"Blur","floor":10.0},{"not_picked":["Dash","Acrobatics"],"picked":"Poisoned Stab","floor":11.0},{"not_picked":["Calculated Gamble","Blade Dance"],"picked":"Poisoned Stab","floor":12.0},{"not_picked":["Bane","PiercingWail"],"picked":"Catalyst","floor":14.0},{"not_picked":["Wraith Form v2","Unload"],"picked":"Corpse Explosion","floor":16.0},{"not_picked":["Poisoned Stab","Underhanded Strike"],"picked":"Heel Hook+1","floor":18.0},{"not_picked":["Dagger Spray+1","Flying Knee"],"picked":"Footwork","floor":21.0},{"not_picked":["Cloak And Dagger","Flechettes+1"],"picked":"Catalyst","floor":24.0},{"not_picked":["Slice","Underhanded Strike","Choke"],"picked":"SKIP","floor":30.0},{"not_picked":["Calculated Gamble","Dodge and Roll"],"picked":"Corpse Explosion","floor":32.0},{"not_picked":["Grand Finale","Burst"],"picked":"Adrenaline","floor":34.0},{"not_picked":["Bane","Endless Agony","Deflect+1"],"picked":"SKIP","floor":36.0},{"not_picked":["Distraction+1","Tactician+1"],"picked":"Dodge and Roll","floor":38.0},{"not_picked":["Acrobatics","Dagger Spray+1","Choke"],"picked":"SKIP","floor":40.0},{"not_picked":["Cloak And Dagger+1","Slice"],"picked":"Tools of the Trade","floor":42.0},{"not_picked":["Sucker Punch+1","Underhanded Strike+1"],"picked":"Backflip","floor":45.0},{"not_picked":["Outmaneuver","Bane+1","Dagger Throw+1"],"picked":"SKIP","floor":46.0},{"not_picked":["Acrobatics+1","Cloak And Dagger+1","A Thousand Cuts"],"picked":"SKIP","floor":47.0},{"not_picked":["Endless Agony+1","Prepared","Setup"],"picked":"SKIP","floor":48.0},{"not_picked":["Poisoned Stab+1","Caltrops+1"],"picked":"Leg Sweep","floor":49.0}],"player_experience":2979720,"relics_obtained":[{"floor":7.0,"key":"Bag of Preparation"},{"floor":9.0,"key":"Potion Belt"},{"floor":10.0,"key":"Happy Flower"},{"floor":24.0,"key":"Smiling Mask"},{"floor":27.0,"key":"Meat on the Bone"},{"floor":31.0,"key":"Whetstone"},{"floor":32.0,"key":"Art of War"},{"floor":38.0,"key":"Shovel"},{"floor":41.0,"key":"Juzu Bracelet"},{"floor":42.0,"key":"Ancient Tea Set"},{"floor":45.0,"key":"Molten Egg 2"},{"floor":49.0,"key":"Bag of Marbles"}],"event_choices":[{"damage_healed":0.0,"max_hp_gain":0.0,"max_hp_loss":0.0,"gold_gain":0.0,"event_name":"Living Wall","player_choice":"Grow","floor":3.0,"gold_loss":0.0,"damage_taken":0.0,"cards_upgraded":["Quick Slash"]},{"cards_removed":["Strike_G"],"damage_healed":0.0,"max_hp_gain":0.0,"max_hp_loss":0.0,"gold_gain":0.0,"event_name":"Bonfire Elementals","player_choice":"Offered Basic","floor":5.0,"gold_loss":0.0,"damage_taken":0.0},{"damage_healed":0.0,"max_hp_gain":0.0,"max_hp_loss":0.0,"gold_gain":0.0,"event_name":"Liars Game","player_choice":"Ignored","floor":13.0,"gold_loss":0.0,"damage_taken":0.0},{"damage_healed":0.0,"max_hp_gain":0.0,"max_hp_loss":0.0,"gold_gain":0.0,"event_name":"Back to Basics","player_choice":"Simplicity","floor":20.0,"gold_loss":0.0,"damage_taken":0.0,"cards_upgraded":["Strike_G","Strike_G","Strike_G","Defend_G","Defend_G","Defend_G","Defend_G"]},{"damage_healed":0.0,"max_hp_gain":0.0,"max_hp_loss":0.0,"gold_gain":0.0,"event_name":"Tomb of Lord Red Mask","player_choice":"Paid","floor":37.0,"gold_loss":149.0,"damage_taken":0.0,"relics_obtained":["Red Mask"]},{"damage_healed":0.0,"max_hp_gain":0.0,"max_hp_loss":0.0,"gold_gain":0.0,"event_name":"MindBloom","player_choice":"Fight","floor":38.0,"gold_loss":0.0,"damage_taken":0.0}],"is_beta":false,"boss_relics":[{"not_picked":["Empty Cage","Velvet Choker"],"picked":"SlaversCollar"},{"not_picked":["WristBlade","Calling Bell"],"picked":"Astrolabe"}],"items_purged_floors":[28],"is_endless":false,"potions_floor_spawned":[2,11,16,18,32,34,38,42,47],"killed_by":"Donu and Deca","ascension_level":20}}