{"host":"vex7walpoxzv48nx","time":1612201710,"event":{"mods":["AchievementEnabler","BaseMod","Bestiary","Minty Spire (QoL Compilation)","Permanent Neow","Quick Restart","Relic Stats","UnlockEverythingMod"],"gold_per_floor":[362,412,425,437,39,67,67,92,143,143,172,192,211,211,211,288,288,305,155,173,183,35,35,68,85,85,101,101,101,117,130,130,130,130],"floor_reached":33,"language":"ENG","playtime":3124,"items_purged":["Strike_B","Strike_B"],"score":506,"play_id":"6705b754-3ed2-44a7-a192-a6cd733a5afc","local_time":"20210201184830","is_ascension_mode":true,"campfire_choices":[{"floor":10.0,"key":"REST"},{"data":"Go for the Eyes","floor":15.0,"key":"SMITH"},{"data":"Zap","floor":23.0,"key":"SMITH"},{"data":"Creative AI","floor":28,"key":"SMITH"},{"data":"Dualcast","floor":32,"key":"SMITH"}],"circlet_count":0,"master_deck":["AscendersBane","Strike_B","Strike_B","Defend_B","Defend_B","Defend_B","Defend_B","Zap+1","Dualcast+1","Cold Snap","Go for the Eyes+1","Doom and Gloom","Chill","Compile Driver","Self Repair","Cold Snap","Sweeping Beam","Creative AI+1","Barrage","Tempest","Ball Lightning","Consume","BootSequence","All For One"],"relics":["Cracked Core","HornCleat","Kunai","Bronze Scales","Pen Nib","Cables","Velvet Choker","Bag of Preparation","Thread and Needle","Bottled Flame"],"acts_visited":["Exordium","TheCity"],"potions_floor_usage":[27,31,33],"damage_taken":[{"damage":4.0,"enemies":"Small Slimes","floor":1.0,"turns":3.0},{"damage":0.0,"enemies":"Cultist","floor":3.0,"turns":3.0},{"damage":5.0,"enemies":"2 Louse","floor":4.0,"turns":3.0},{"damage":18.0,"enemies":"3 Sentries","floor":6.0,"turns":7.0},{"damage":20.0,"enemies":"Gremlin Nob","floor":8.0,"turns":4.0},{"damage":13.0,"enemies":"3 Sentries","floor":11.0,"turns":8.0},{"damage":0.0,"enemies":"Red Slaver","floor":12.0,"turns":3.0},{"damage":5.0,"enemies":"Exordium Thugs","floor":13.0,"turns":3.0},{"damage":9.0,"enemies":"The Guardian","floor":16.0,"turns":8.0},{"damage":2.0,"enemies":"Shell Parasite","floor":18.0,"turns":4.0},{"damage":0.0,"enemies":"Chosen","floor":20.0,"turns":4.0},{"damage":10.0,"enemies":"Centurion and Healer","floor":21.0,"turns":6.0},{"damage":27.0,"enemies":"Gremlin Leader","floor":24.0,"turns":4.0},{"damage":0,"enemies":"3 Cultists","floor":25,"turns":5},{"damage":0,"enemies":"Shelled Parasite and Fungi","floor":27,"turns":3},{"damage":0,"enemies":"Centurion and Healer","floor":30,"turns":4},{"damage":0,"enemies":"Snake Plant","floor":31,"turns":3},{"damage":65,"enemies":"Champ","floor":33,"turns":11}],"seed_played":"8183396034971138653","potions_obtained":[{"floor":3.0,"key":"FearPotion"},{"floor":6.0,"key":"LiquidMemories"},{"floor":11.0,"key":"SpeedPotion"},{"floor":12.0,"key":"Energy Potion"},{"floor":13.0,"key":"Strength Potion"},{"floor":16.0,"key":"Energy Potion"},{"floor":18.0,"key":"PotionOfCapacity"},{"floor":20.0,"key":"Dexterity Potion"},{"floor":24.0,"key":"Strength Potion"},{"floor":27,"key":"Weak Potion"}],"is_trial":false,"path_per_floor":["M","?","M","M","$","E","?","E","T","R","E","M","M","T","R","B",null,"M","$","M","M","$","R","E","M","T","M","R","?","M","M","R","B"],"character_chosen":"DEFECT","items_purchased":["HornCleat","Doom and Gloom","Bag of Preparation","Ball Lightning"],"campfire_rested":1,"item_purchase_floors":[5,5,19,22],"current_hp_per_floor":[60,54,54,49,49,31,31,11,11,30,17,24,26,26,26,24,54,59,59,64,61,61,61,41,48,48,48,48,48,48,55,55,0,0],"gold":130,"neow_bonus":"TWO_FIFTY_GOLD","is_daily":false,"chose_seed":false,"campfire_upgraded":4,"win_rate":0.0,"timestamp":1612201710,"path_taken":["M","?","M","?","$","E","?","E","T","R","E","M","?","?","R","BOSS","M","$","M","M","$","R","E","M","T","M","R","?","?","M","R","BOSS"],"items_purchased_type":["Relic","Card","Relic","Card"],"build_version":"2020-12-22","purchased_purges":2,"victory":false,"max_hp_per_floor":[64,64,64,64,64,64,64,64,64,64,64,64,64,64,64,64,64,64,64,64,64,64,64,64,64,64,64,64,64,64,64,64,64,64],"relic_stats":{"counters":[18,86],"Bronze Scales":[180],"Pen Nib":[12],"Bag of Preparation":[16],"Kunai":[22],"obtain_stats":[{"Bottled Flame":26,"HornCleat":5,"Bronze Scales":8,"Velvet Choker":17,"Thread and Needle":24,"Pen Nib":9,"Bag of Preparation":19,"Kunai":6,"Cracked Core":0,"Cables":11},{"Bottled Flame":14,"HornCleat":3,"Bronze Scales":5,"Velvet Choker":9,"Thread and Needle":13,"Pen Nib":5,"Bag of Preparation":10,"Kunai":4,"Cracked Core":0,"Cables":6},{"Bottled Flame":65,"HornCleat":9,"Bronze Scales":20,"Velvet Choker":42,"Thread and Needle":60,"Pen Nib":20,"Bag of Preparation":46,"Kunai":16,"Cracked Core":0,"Cables":28}],"Cables":[49,25,15,9,0]},"card_choices":[{"not_picked":["Coolheaded","Gash"],"picked":"Cold Snap","floor":1.0},{"not_picked":["Cold Snap","Compile Driver"],"picked":"Go for the Eyes","floor":3.0},{"not_picked":["Redo","Leap","Hologram"],"picked":"SKIP","floor":4.0},{"not_picked":["Reinforced Body","Steam Power"],"picked":"Chill","floor":6.0},{"not_picked":["Redo","Steam"],"picked":"Compile Driver","floor":8.0},{"not_picked":["Turbo","Force Field"],"picked":"Self Repair","floor":11.0},{"not_picked":["Steam Power","Leap"],"picked":"Cold Snap","floor":12.0},{"not_picked":["Streamline","Steam"],"picked":"Sweeping Beam","floor":13.0},{"not_picked":["Fission","Thunder Strike"],"picked":"Creative AI","floor":16.0},{"not_picked":["Sweeping Beam","Lockon","Conserve Battery"],"picked":"SKIP","floor":18.0},{"not_picked":["Beam Cell","Coolheaded"],"picked":"Barrage","floor":20.0},{"not_picked":["Steam","Chaos"],"picked":"Tempest","floor":21.0},{"not_picked":["Rebound","Auto Shields+1"],"picked":"Consume","floor":24.0},{"not_picked":["Turbo","Leap"],"picked":"BootSequence","floor":25},{"not_picked":["Rip and Tear+1","Cold Snap+1"],"picked":"All For One","floor":27},{"not_picked":["Beam Cell","Aggregate+1","Steam"],"picked":"SKIP","floor":30},{"not_picked":["Compile Driver","Scrape","Stack"],"picked":"SKIP","floor":31}],"player_experience":250154,"relics_obtained":[{"floor":6.0,"key":"Kunai"},{"floor":8.0,"key":"Bronze Scales"},{"floor":9.0,"key":"Pen Nib"},{"floor":11.0,"key":"Cables"},{"floor":24.0,"key":"Thread and Needle"},{"floor":26,"key":"Bottled Flame"}],"event_choices":[{"damage_healed":0.0,"max_hp_gain":0.0,"max_hp_loss":0.0,"gold_gain":50.0,"event_name":"FaceTrader","player_choice":"Touch","floor":2.0,"gold_loss":0.0,"damage_taken":6.0},{"damage_healed":0.0,"max_hp_gain":0.0,"max_hp_loss":0.0,"gold_gain":0.0,"event_name":"Match and Keep!","player_choice":"0 cards matched","floor":7.0,"gold_loss":0.0,"damage_taken":0.0,"cards_obtained":[]},{"damage_healed":0,"gold_gain":0,"player_choice":"Ignored","damage_taken":0,"max_hp_gain":0,"max_hp_loss":0,"event_name":"N\u0027loth","floor":29,"gold_loss":0}],"is_beta":false,"boss_relics":[{"not_picked":["Calling Bell","Philosopher\u0027s Stone"],"picked":"Velvet Choker"}],"items_purged_floors":[5,22],"is_endless":false,"potions_floor_spawned":[3,6,11,12,13,16,18,20,24,27],"killed_by":"Champ","ascension_level":15}}