{"host":"g7mkzn6qfoxkk5sz","time":1612139126,"event":{"mods":["BaseMod","Colored Map","Colored Powertips","Downfall","Minty Spire (QoL Compilation)","StSLib"],"gold_per_floor":[199,214,225,58,71,71,71,104,104,104,89,106,106,106,126,223,223,223,241,257,357,377,390,390,19,19,83,117,167,177,211,223,223,223],"floor_reached":32,"language":"ENG","playtime":2268,"items_purged":["Slimebound:Strike_Slimebound","Slimebound:Defend_Slimebound"],"score":338,"play_id":"f75c8db9-0b78-4fd0-a2bf-dd9bf7875ac5","local_time":"20210201022526","is_ascension_mode":true,"campfire_choices":[{"data":"Slimebound:Split","floor":1,"key":"SMITH"},{"data":"Slimebound:RainOfGoop","floor":6,"key":"SMITH"},{"data":"Slimebound:GoopSpray","floor":10,"key":"SMITH"},{"data":"Slimebound:PressTheAttack","floor":13,"key":"SMITH"},{"floor":18,"key":"RECALL"},{"data":"Slimebound:SplitSpecialist","floor":26,"key":"SMITH"}],"circlet_count":0,"master_deck":["Slimebound:Strike_Slimebound+1","Slimebound:Tackle","Slimebound:Defend_Slimebound+1","Slimebound:Defend_Slimebound+1","Slimebound:Split+1","Slimebound:CorrosiveSpit","Slimebound:RainOfGoop+1","Slimebound:SamplingLick","Slimebound:SplitBruiser","Slimebound:Recollect","Slimebound:GoopSpray+1","Slimebound:Gluttony","Slimebound:PressTheAttack+1","Slimebound:HauntingLick","Slimebound:DuplicatedForm","Slimebound:LeechEnergy","Slimebound:SplitSpecialist+1","Slimebound:SlimeSpikes","Slimebound:SplitLeeching","Slimebound:LeechEnergy+1","Slimebound:SplitBruiser","Slimebound:SplitMire","Slimebound:SplitLeeching+1","Slimebound:SlimeTap","Slimebound:SplitLeeching"],"relics":["Slimebound:AbsorbEndCombat","Mercury Hourglass","Omamori","downfall:ShatteredFragment","Empty Cage","downfall:CloakOfManyFaces","CultistMask","FaceOfCleric","NlothsMask","GremlinMask","SsserpentHead","Slimebound:MaxSlimesRelic","StrikeDummy","MutagenicStrength","MawBank"],"acts_visited":["Exordium","TheCity"],"potions_floor_usage":[4,16,22,28,28,31,31],"damage_taken":[{"damage":11,"enemies":"Jaw Worm","floor":2,"turns":4},{"damage":0,"enemies":"Small Slimes","floor":3,"turns":2},{"damage":1,"enemies":"downfall:FleeingMerchant","floor":4,"turns":4},{"damage":1,"enemies":"Cultist","floor":5,"turns":3},{"damage":11,"enemies":"Lagavulin","floor":8,"turns":5},{"damage":2,"enemies":"downfall:FleeingMerchant","floor":11,"turns":4},{"damage":0,"enemies":"Blue Slaver","floor":12,"turns":3},{"damage":0,"enemies":"3 Louse","floor":15,"turns":2},{"damage":33,"enemies":"SI_SHIV_ARCHETYPE","floor":16,"turns":8},{"damage":57,"enemies":"3 Byrds","floor":19,"turns":4},{"damage":15,"enemies":"Centurion and Healer","floor":20,"turns":5},{"damage":27,"enemies":"downfall:FaceTrader","floor":21,"turns":6},{"damage":1,"enemies":"Snecko","floor":22,"turns":4},{"damage":27,"enemies":"Snake Plant","floor":23,"turns":4},{"damage":8,"enemies":"downfall:FleeingMerchant","floor":25,"turns":4},{"damage":0,"enemies":"Cultist and Chosen","floor":27,"turns":4},{"damage":19,"enemies":"Slavers","floor":28,"turns":4},{"damage":16,"enemies":"Sentry and Sphere","floor":30,"turns":4},{"damage":0,"enemies":"Gremlin Leader","floor":31,"turns":3},{"damage":17,"enemies":"Snake Plant","floor":32,"turns":1}],"seed_played":"4539083855115778819","potions_obtained":[{"floor":3,"key":"Weak Potion"},{"floor":8,"key":"PowerPotion"},{"floor":15,"key":"SpeedPotion"},{"floor":19,"key":"champ:CounterPotion"},{"floor":23,"key":"FearPotion"},{"floor":28,"key":"hexamod:SoulburnPotion"},{"floor":30,"key":"Slimebound:ThreeZeroPotion"}],"is_trial":false,"path_per_floor":["R","M","M","$","M","R","T","E","?","R","$","M","R","?","M","B",null,"R","M","M","?","M","M","T","$","R","M","E","?","M","E","M"],"character_chosen":"SLIMEBOUND","items_purchased":["Slimebound:Recollect","Slimebound:MaxSlimesRelic"],"campfire_rested":0,"item_purchase_floors":[4,25],"current_hp_per_floor":[65,58,60,65,65,65,65,56,56,56,58,60,60,42,42,17,65,65,31,24,20,28,19,19,16,16,23,13,13,6,15,0,0,0],"gold":223,"neow_bonus":"HUNDRED_GOLD","is_daily":false,"chose_seed":false,"campfire_upgraded":5,"win_rate":0.0,"timestamp":1612139126,"path_taken":["R","M","M","$","M","R","T","E","?","R","$","M","R","?","M","BOSS","R","M","M","?","M","M","T","$","R","?","E","?","M","E","M"],"items_purchased_type":["Card","Relic"],"build_version":"2020-12-22","purchased_purges":2,"victory":false,"max_hp_per_floor":[65,65,65,65,65,65,65,65,65,65,65,65,65,65,65,65,65,65,65,65,65,66,67,67,68,68,69,70,70,71,72,72,72,72],"card_choices":[{"not_picked":["Slimebound:Schlurp","Slimebound:Prepare"],"picked":"Slimebound:RainOfGoop","floor":2},{"not_picked":["Slimebound:Prepare","Slimebound:FlameTackle"],"picked":"Slimebound:SamplingLick","floor":3},{"not_picked":["Slimebound:SplitMire","Slimebound:LeechEnergy"],"picked":"Slimebound:SplitBruiser","floor":4},{"not_picked":["Slimebound:Nibble","Slimebound:GoopTackle"],"picked":"Slimebound:GoopSpray","floor":5},{"not_picked":["Slimebound:SplitBruiser","Slimebound:FinishingTackle"],"picked":"Slimebound:Gluttony","floor":8},{"not_picked":["Slimebound:RejuvenatingLick","Slimebound:SlimeBarrage","Slimebound:LeechingTouch"],"picked":"SKIP","floor":11},{"not_picked":["Slimebound:Prepare","Slimebound:ServeAndProtect"],"picked":"Slimebound:PressTheAttack","floor":12},{"not_picked":["Slimebound:MegaLick","Slimebound:HungryTackle"],"picked":"Slimebound:HauntingLick","floor":15},{"not_picked":["Slimebound:Overexert","Slimebound:Teamwork"],"picked":"Slimebound:DuplicatedForm","floor":16},{"not_picked":["Slimebound:GoopTackle+1","Slimebound:Dissolve"],"picked":"Slimebound:LeechEnergy","floor":19},{"not_picked":["Slimebound:LeechEnergy+1","Slimebound:PressTheAttack+1"],"picked":"Slimebound:SplitSpecialist","floor":20},{"not_picked":["Slimebound:PressTheAttack","Slimebound:HauntingLick"],"picked":"Slimebound:SlimeSpikes","floor":21},{"not_picked":["Slimebound:LeechingTouch","Slimebound:ViciousTackle"],"picked":"Slimebound:SplitLeeching","floor":22},{"not_picked":["Slimebound:RollThrough","Slimebound:SplitAcid+1"],"picked":"Slimebound:LeechEnergy+1","floor":23},{"not_picked":["Slimebound:LeechEnergy","Slimebound:OozeBath"],"picked":"Slimebound:SplitBruiser","floor":25},{"not_picked":["Slimebound:SplitAcid","Slimebound:RollThrough"],"picked":"Slimebound:SplitMire","floor":27},{"not_picked":["Slimebound:ForwardTackle","Slimebound:SamplingLick"],"picked":"Slimebound:SplitLeeching+1","floor":28},{"not_picked":["Slimebound:SamplingLick","Slimebound:GoopTackle"],"picked":"Slimebound:SlimeTap","floor":30},{"not_picked":["Slimebound:ForwardTackle","Slimebound:DivideAndConquer"],"picked":"Slimebound:SplitLeeching","floor":31}],"player_experience":455185,"relics_obtained":[{"floor":7,"key":"Mercury Hourglass"},{"floor":8,"key":"Omamori"},{"floor":21,"key":"downfall:CloakOfManyFaces"},{"floor":28,"key":"StrikeDummy"},{"floor":31,"key":"MawBank"}],"event_choices":[{"damage_healed":0,"gold_gain":0,"player_choice":"Inject Mutagens","damage_taken":0,"relics_obtained":["MutagenicStrength"],"max_hp_gain":0,"max_hp_loss":0,"event_name":"Drug Dealer","floor":29,"gold_loss":0}],"is_beta":false,"boss_relics":[{"not_picked":["Busted Crown","SlaversCollar"],"picked":"Empty Cage"}],"items_purged_floors":[4,25],"is_endless":false,"potions_floor_spawned":[3,8,15,19,23,28,30],"killed_by":"Snake Plant","ascension_level":2}}