{"host":"swphzoo6hmc78epl","time":1612145700,"event":{"mods":["BaseMod","Highlight Path","Minty Spire (QoL Compilation)","Quick Restart"],"gold_per_floor":[119,137,157,157,15,15,26,44,67,67,78,107,123,133,133,234,234,253,253,102,119,135,135,135,135],"floor_reached":24,"language":"ENG","playtime":859,"items_purged":["Strike_B"],"score":221,"play_id":"d7428ead-5cb5-4bcd-a1bc-fda4c55c86d4","local_time":"20210131211500","is_ascension_mode":true,"campfire_choices":[{"data":"Electrodynamics","floor":6,"key":"SMITH"},{"data":"Capacitor","floor":10,"key":"SMITH"},{"data":"Consume","floor":15,"key":"SMITH"},{"data":"Fission","floor":23,"key":"SMITH"}],"circlet_count":0,"master_deck":["Strike_B","Defend_B","Defend_B","Defend_B","Defend_B","Zap","Dualcast","Beam Cell","Sweeping Beam","Capacitor+1","Electrodynamics+1","Static Discharge","Ball Lightning","Chill","Ball Lightning","Consume+1","Fission+1","Steam+1","Loop","Self Repair"],"relics":["Cracked Core","NeowsBlessing","Toy Ornithopter","Odd Mushroom","Snecko Eye"],"acts_visited":["Exordium","TheCity"],"potions_floor_usage":[7,11,13,24],"damage_taken":[{"damage":0,"enemies":"2 Louse","floor":1,"turns":1},{"damage":0,"enemies":"Cultist","floor":2,"turns":1},{"damage":0,"enemies":"Jaw Worm","floor":3,"turns":1},{"damage":6,"enemies":"Exordium Thugs","floor":7,"turns":3},{"damage":13,"enemies":"Red Slaver","floor":8,"turns":4},{"damage":5,"enemies":"Looter","floor":11,"turns":3},{"damage":9,"enemies":"The Mushroom Lair","floor":12,"turns":2},{"damage":0,"enemies":"Gremlin Gang","floor":13,"turns":3},{"damage":11,"enemies":"3 Louse","floor":14,"turns":2},{"damage":26,"enemies":"Hexaghost","floor":16,"turns":6},{"damage":14,"enemies":"3 Byrds","floor":18,"turns":2},{"damage":7,"enemies":"Shell Parasite","floor":21,"turns":4},{"damage":28,"enemies":"Centurion and Healer","floor":22,"turns":5},{"damage":34,"enemies":"Slavers","floor":24,"turns":2}],"seed_played":"-7400691024407446313","potions_obtained":[{"floor":3,"key":"Block Potion"},{"floor":7,"key":"Swift Potion"},{"floor":8,"key":"ColorlessPotion"},{"floor":16,"key":"Weak Potion"}],"is_trial":false,"path_per_floor":["M","M","M","?","$","R","M","M","T","R","M","?","M","M","R","B",null,"M","?","$","M","M","R","E"],"character_chosen":"DEFECT","items_purchased":["Electrodynamics","Loop"],"campfire_rested":0,"item_purchase_floors":[5,20],"current_hp_per_floor":[75,75,75,75,75,75,69,56,56,56,56,47,52,41,41,15,75,61,61,61,54,26,26,0,0],"gold":135,"neow_bonus":"THREE_ENEMY_KILL","is_daily":false,"chose_seed":false,"campfire_upgraded":4,"win_rate":0.0,"timestamp":1612145700,"path_taken":["M","M","M","?","$","R","M","M","T","R","?","?","M","M","R","BOSS","M","?","?","?","M","R","E"],"items_purchased_type":["Card","Card"],"build_version":"2020-12-22","purchased_purges":1,"victory":false,"max_hp_per_floor":[75,75,75,75,75,75,75,75,75,75,75,75,75,75,75,75,75,75,75,75,75,75,75,75,75],"card_choices":[{"not_picked":["Redo","Double Energy"],"picked":"Beam Cell","floor":1},{"not_picked":["Hologram","Glacier"],"picked":"Sweeping Beam","floor":2},{"not_picked":["Darkness","Lockon"],"picked":"Capacitor","floor":3},{"not_picked":["Beam Cell","Gash","Stack"],"picked":"SKIP","floor":7},{"not_picked":["Consume","Hello World"],"picked":"Static Discharge","floor":8},{"not_picked":["Conserve Battery","Chill"],"picked":"Ball Lightning","floor":11},{"not_picked":["Compile Driver","Streamline"],"picked":"Chill","floor":12},{"not_picked":["Streamline","Turbo"],"picked":"Ball Lightning","floor":13},{"not_picked":["Go for the Eyes","Compile Driver"],"picked":"Consume","floor":14},{"not_picked":["Meteor Strike","Creative AI"],"picked":"Fission","floor":16},{"not_picked":["Darkness","Sweeping Beam"],"picked":"Steam+1","floor":18},{"not_picked":["Cold Snap","Sweeping Beam","Chill"],"picked":"SKIP","floor":21},{"not_picked":["Cold Snap+1","Defragment"],"picked":"Self Repair","floor":22}],"player_experience":852805,"relics_obtained":[{"floor":9,"key":"Toy Ornithopter"},{"floor":12,"key":"Odd Mushroom"}],"event_choices":[{"cards_removed":["Strike_B"],"damage_healed":0,"gold_gain":0,"player_choice":"Purged","damage_taken":0,"max_hp_gain":0,"max_hp_loss":0,"event_name":"Purifier","floor":4,"gold_loss":0},{"damage_healed":0,"gold_gain":0,"player_choice":"Fought Mushrooms","damage_taken":0,"max_hp_gain":0,"max_hp_loss":0,"event_name":"Mushrooms","floor":12,"gold_loss":0},{"cards_removed":["Strike_B"],"damage_healed":0,"gold_gain":0,"player_choice":"Offered Basic","damage_taken":0,"max_hp_gain":0,"max_hp_loss":0,"event_name":"Bonfire Elementals","floor":19,"gold_loss":0}],"is_beta":false,"boss_relics":[{"not_picked":["Fusion Hammer","Runic Pyramid"],"picked":"Snecko Eye"}],"items_purged_floors":[20],"is_endless":false,"potions_floor_spawned":[3,7,8,16],"killed_by":"Slavers","ascension_level":3}}