{"host":"x5w9zppki4gdwvc7","time":1612205745,"event":{"mods":["AchievementEnabler","BaseMod","Colored Powertips","DeckTracker","Minty Spire (QoL Compilation)","Relic Sorter"],"gold_per_floor":[109,109,109,184,202,237,249,44,44,76,76,87,52,66,66,171,171,181,181,195,195,210,210,222,222,274,23,42,52,71,83,83,182,182,199,212,231,14,33,33,53,65,65,80,80,80,180,198,198,198,198],"floor_reached":50,"language":"ENG","playtime":3964,"items_purged":["Strike_P"],"score":487,"play_id":"4afe9964-b972-451f-8dcd-c5289164d97d","local_time":"20210201195545","is_ascension_mode":false,"campfire_choices":[{"floor":15,"key":"REST"},{"data":"Sanctity","floor":23,"key":"SMITH"},{"data":"Eruption","floor":25,"key":"SMITH"},{"floor":32,"key":"REST"},{"data":"Vigilance","floor":40,"key":"SMITH"},{"floor":45,"key":"REST"},{"floor":49,"key":"REST"}],"circlet_count":0,"master_deck":["Defend_P","Defend_P","Defend_P","Defend_P","Eruption+1","Vigilance+1","FlurryOfBlows","ClearTheMind","Halt","Consecrate","FlurryOfBlows","Panache","SignatureMove","PathToVictory","EmptyBody","Wireheading+1","FlurryOfBlows","Vault","FlurryOfBlows+1","Sanctity+1","Evaluate+1","Evaluate","CutThroughFate","ThirdEye+1","Indignation+1","MentalFortress+1","FearNoEvil","LikeWater+1","Crescendo+1","InnerPeace+1","Clumsy","ForeignInfluence+1","Halt+1"],"relics":["Philosopher\u0027s Stone","Dream Catcher","Bottled Flame","Bottled Lightning","Mummified Hand","Frozen Egg 2","Empty Cage","Happy Flower","Bottled Tornado","Cursed Key","Ornamental Fan"],"acts_visited":["Exordium","TheCity","TheBeyond"],"potions_floor_usage":[14,20,31,33,44,50],"damage_taken":[{"damage":0,"enemies":"Jaw Worm","floor":1,"turns":4},{"damage":0,"enemies":"Small Slimes","floor":5,"turns":3},{"damage":26,"enemies":"Gremlin Nob","floor":6,"turns":4},{"damage":0,"enemies":"Cultist","floor":7,"turns":3},{"damage":17,"enemies":"3 Sentries","floor":10,"turns":7},{"damage":0,"enemies":"Exordium Wildlife","floor":12,"turns":2},{"damage":7,"enemies":"Gremlin Gang","floor":14,"turns":3},{"damage":22,"enemies":"Hexaghost","floor":16,"turns":7},{"damage":7,"enemies":"Chosen","floor":18,"turns":5},{"damage":3,"enemies":"Shell Parasite","floor":20,"turns":3},{"damage":6,"enemies":"Chosen and Byrds","floor":22,"turns":4},{"damage":23,"enemies":"3 Cultists","floor":24,"turns":4},{"damage":14,"enemies":"Shelled Parasite and Fungi","floor":28,"turns":3},{"damage":0,"enemies":"Snecko","floor":29,"turns":4},{"damage":0,"enemies":"Cultist and Chosen","floor":30,"turns":4},{"damage":0,"enemies":"Chosen and Byrds","floor":31,"turns":3},{"damage":34,"enemies":"Collector","floor":33,"turns":8},{"damage":11,"enemies":"3 Darklings","floor":35,"turns":3},{"damage":12,"enemies":"Orb Walker","floor":36,"turns":3},{"damage":17,"enemies":"Jaw Worm Horde","floor":37,"turns":4},{"damage":2,"enemies":"Spire Growth","floor":39,"turns":3},{"damage":26,"enemies":"3 Darklings","floor":41,"turns":4},{"damage":4,"enemies":"4 Shapes","floor":42,"turns":6},{"damage":0,"enemies":"Transient","floor":44,"turns":6},{"damage":22,"enemies":"3 Darklings","floor":48,"turns":4},{"damage":60,"enemies":"Donu and Deca","floor":50,"turns":4}],"seed_played":"-2738623747784794039","potions_obtained":[{"floor":1,"key":"Swift Potion"},{"floor":6,"key":"GamblersBrew"},{"floor":14,"key":"Strength Potion"},{"floor":16,"key":"Weak Potion"},{"floor":20,"key":"PowerPotion"},{"floor":31,"key":"Fruit Juice"},{"floor":36,"key":"SkillPotion"},{"floor":41,"key":"SteroidPotion"},{"floor":44,"key":"Strength Potion"},{"floor":48,"key":"Dexterity Potion"}],"is_trial":false,"path_per_floor":["M","?","T","?","M","E","M","$","T","E","?","M","?","M","R","B",null,"M","?","M","?","M","R","M","R","T","$","M","M","M","M","R","B",null,"M","M","M","$","M","R","M","M","T","M","R","?","?","M","R","B"],"character_chosen":"WATCHER","items_purchased":["FlurryOfBlows","Panache","Bottled Tornado","FearNoEvil","LikeWater+1"],"campfire_rested":4,"item_purchase_floors":[8,8,27,38,38],"current_hp_per_floor":[72,65,65,58,58,32,32,32,32,15,15,15,33,26,47,25,72,65,65,62,62,56,56,33,33,33,33,19,19,19,24,47,13,77,66,54,37,37,35,35,9,5,5,5,28,28,28,6,29,0,0],"gold":198,"neow_bonus":"BOSS_RELIC","is_daily":false,"chose_seed":false,"campfire_upgraded":3,"win_rate":0.0,"timestamp":1612205745,"path_taken":["M","?","?","?","?","E","M","$","T","E","?","?","?","M","R","BOSS","M","?","M","?","M","R","M","R","T","$","M","M","M","M","R","BOSS","M","M","M","$","M","R","M","M","T","M","R","?","?","?","R","BOSS"],"items_purchased_type":["Card","Card","Relic","Card","Card"],"build_version":"2020-12-22","purchased_purges":1,"victory":false,"max_hp_per_floor":[72,72,72,72,72,72,72,72,72,72,72,72,72,72,72,72,72,72,72,72,72,72,72,72,72,72,72,72,72,72,77,77,77,77,77,77,77,77,77,77,77,77,77,77,77,77,77,77,77,77,77],"card_choices":[{"not_picked":["Pray","WreathOfFlame"],"picked":"FlurryOfBlows","floor":1},{"not_picked":["CarveReality","WheelKick"],"picked":"ClearTheMind","floor":5},{"not_picked":["Fasting2","WaveOfTheHand"],"picked":"Halt","floor":6},{"not_picked":["Wish","WaveOfTheHand"],"picked":"Consecrate","floor":7},{"not_picked":["Crescendo","Prostrate"],"picked":"SignatureMove","floor":10},{"not_picked":["Consecrate","SashWhip"],"picked":"EmptyBody","floor":12},{"not_picked":["FlyingSleeves","Conclude"],"picked":"Wireheading+1","floor":14},{"not_picked":["CutThroughFate","Meditate"],"picked":"FlurryOfBlows","floor":15},{"not_picked":["Alpha","ConjureBlade"],"picked":"Vault","floor":16},{"not_picked":["CrushJoints","WindmillStrike+1"],"picked":"FlurryOfBlows+1","floor":18},{"not_picked":["SandsOfTime","BowlingBash"],"picked":"Sanctity","floor":20},{"not_picked":["Crescendo+1","EmptyFist+1"],"picked":"Evaluate+1","floor":22},{"not_picked":["Wireheading+1","FlurryOfBlows"],"picked":"Evaluate","floor":24},{"not_picked":["WindmillStrike","EmptyMind","Collect"],"picked":"SKIP","floor":28},{"not_picked":["FlyingSleeves","Prostrate+1"],"picked":"CutThroughFate","floor":29},{"not_picked":["Weave","CrushJoints","Evaluate+1"],"picked":"SKIP","floor":30},{"not_picked":["Alpha","FearNoEvil"],"picked":"ThirdEye+1","floor":31},{"not_picked":["Protect+1","Halt"],"picked":"Indignation+1","floor":32},{"not_picked":["EmptyFist+1","CrushJoints"],"picked":"MentalFortress+1","floor":35},{"not_picked":["FlyingSleeves","CutThroughFate","Study+1"],"picked":"SKIP","floor":36},{"not_picked":["Protect","Conclude+1","SandsOfTime"],"picked":"SKIP","floor":37},{"not_picked":["MentalFortress+1","Wireheading+1"],"picked":"Crescendo+1","floor":39},{"not_picked":["FlyingSleeves+1","Meditate"],"picked":"InnerPeace+1","floor":41},{"not_picked":["SignatureMove+1","Fasting2+1","ThirdEye+1"],"picked":"SKIP","floor":42},{"not_picked":["SashWhip+1","Consecrate"],"picked":"ForeignInfluence+1","floor":44},{"not_picked":["WreathOfFlame+1","CutThroughFate"],"picked":"Halt+1","floor":48}],"player_experience":385876,"relics_obtained":[{"floor":3,"key":"Bottled Flame"},{"floor":6,"key":"Bottled Lightning"},{"floor":9,"key":"Mummified Hand"},{"floor":10,"key":"Frozen Egg 2"},{"floor":26,"key":"Happy Flower"},{"floor":43,"key":"Ornamental Fan"}],"event_choices":[{"damage_healed":0,"gold_gain":0,"player_choice":"Success","damage_taken":7,"relics_obtained":["Dream Catcher"],"max_hp_gain":0,"max_hp_loss":0,"event_name":"Scrap Ooze","floor":2,"gold_loss":0},{"damage_healed":0,"gold_gain":75,"player_choice":"Touch","damage_taken":7,"max_hp_gain":0,"max_hp_loss":0,"event_name":"FaceTrader","floor":4,"gold_loss":0},{"damage_healed":0,"gold_gain":0,"player_choice":"1 cards matched","damage_taken":0,"max_hp_gain":0,"max_hp_loss":0,"event_name":"Match and Keep!","floor":11,"gold_loss":0,"cards_obtained":["PathToVictory"]},{"damage_healed":18,"gold_gain":0,"player_choice":"Healed","damage_taken":0,"max_hp_gain":0,"max_hp_loss":0,"event_name":"The Cleric","floor":13,"gold_loss":35},{"cards_removed":["Strike_P"],"damage_healed":0,"gold_gain":0,"player_choice":"Elegance","damage_taken":0,"max_hp_gain":0,"max_hp_loss":0,"event_name":"Back to Basics","floor":19,"gold_loss":0},{"damage_healed":0,"gold_gain":0,"player_choice":"Ignored","damage_taken":0,"max_hp_gain":0,"max_hp_loss":0,"event_name":"NoteForYourself","floor":21,"gold_loss":0},{"damage_healed":0,"gold_gain":0,"player_choice":"Ignored","damage_taken":0,"max_hp_gain":0,"max_hp_loss":0,"event_name":"Mysterious Sphere","floor":46,"gold_loss":0},{"damage_healed":0,"gold_gain":100,"player_choice":"Pray","damage_taken":0,"max_hp_gain":0,"max_hp_loss":0,"event_name":"Golden Shrine","floor":47,"gold_loss":0}],"is_beta":false,"boss_relics":[{"not_picked":["Astrolabe","Pandora\u0027s Box"],"picked":"Empty Cage"},{"not_picked":["SlaversCollar","Snecko Eye"],"picked":"Cursed Key"}],"items_purged_floors":[38],"is_endless":false,"potions_floor_spawned":[1,6,14,16,20,22,31,36,41,44,48],"killed_by":"Donu and Deca","ascension_level":0}}