{"host":"bxn2em57qlx5u4i0","time":1612155426,"event":{"mods":["BaseMod","Colored Map","Colored Powertips","Highlight Path","Minty Spire (QoL Compilation)","Random Character Button","Relic Sorter","Relic Stats","StSLib","SuperFastMode"],"gold_per_floor":[114,114,132,132,132,132,162,162,162,87,110,144,163,19,19,19,19],"floor_reached":16,"language":"ENG","playtime":279,"items_purged":["Regret","Strike_G"],"score":262,"play_id":"994ec092-2b06-4901-b185-4c19af10da34","local_time":"20210131235706","is_ascension_mode":true,"campfire_choices":[{"data":"Neutralize","floor":6,"key":"SMITH"},{"data":"Quick Slash","floor":8,"key":"SMITH"},{"data":"All Out Attack","floor":15,"key":"SMITH"}],"circlet_count":0,"master_deck":["AscendersBane","Strike_G","Strike_G","Strike_G","Defend_G","Defend_G","Defend_G","Defend_G","Defend_G","Survivor","Neutralize+1","Quick Slash+1","Dodge and Roll","Crippling Poison+1","Escape Plan","After Image","Leg Sweep","All Out Attack+1"],"relics":["Ring of the Snake","NeowsBlessing","Juzu Bracelet","Regal Pillow","Turnip","Odd Mushroom","Ornamental Fan"],"acts_visited":["Exordium"],"potions_floor_usage":[12,16],"damage_taken":[{"damage":0,"enemies":"2 Louse","floor":1,"turns":1},{"damage":0,"enemies":"Cultist","floor":3,"turns":1},{"damage":0,"enemies":"Gremlin Nob","floor":7,"turns":1},{"damage":12,"enemies":"The Mushroom Lair","floor":11,"turns":3},{"damage":18,"enemies":"3 Sentries","floor":12,"turns":12},{"damage":0,"enemies":"Small Slimes","floor":13,"turns":3},{"damage":33,"enemies":"Hexaghost","floor":16,"turns":11}],"seed_played":"-8537087020280331609","potions_obtained":[{"floor":7,"key":"Ancient Potion"},{"floor":11,"key":"Energy Potion"},{"floor":13,"key":"Weak Potion"}],"is_trial":false,"path_per_floor":["M","?","M","?","?","R","E","R","T","$","?","E","M","$","R","B"],"character_chosen":"THE_SILENT","items_purchased":["All Out Attack"],"campfire_rested":0,"item_purchase_floors":[14],"current_hp_per_floor":[59,59,59,59,59,59,59,59,59,59,47,29,29,29,29,0,0],"gold":19,"neow_bonus":"THREE_ENEMY_KILL","is_daily":false,"chose_seed":false,"campfire_upgraded":3,"win_rate":0.0,"timestamp":1612155426,"path_taken":["M","?","?","?","?","R","E","R","T","$","?","E","M","$","R","BOSS"],"items_purchased_type":["Card"],"build_version":"2020-12-22","purchased_purges":2,"victory":false,"max_hp_per_floor":[66,66,66,66,66,66,66,66,66,66,66,66,66,66,66,66,66],"relic_stats":{"Regal Pillow":0,"counters":[7,32],"Ornamental Fan":[8],"Turnip":[1],"Juzu Bracelet":0,"obtain_stats":[{"Regal Pillow":7,"NeowsBlessing":0,"Ornamental Fan":12,"Turnip":9,"Juzu Bracelet":5,"Odd Mushroom":11,"Ring of the Snake":0},{"Regal Pillow":3,"NeowsBlessing":0,"Ornamental Fan":5,"Turnip":3,"Juzu Bracelet":2,"Odd Mushroom":4,"Ring of the Snake":0},{"Regal Pillow":3,"NeowsBlessing":0,"Ornamental Fan":18,"Turnip":3,"Juzu Bracelet":2,"Odd Mushroom":6,"Ring of the Snake":0}],"Ring of the Snake":[14]},"card_choices":[{"not_picked":["Sucker Punch","Bane"],"picked":"Quick Slash","floor":1},{"not_picked":["Leg Sweep","Dagger Throw"],"picked":"Crippling Poison","floor":3},{"not_picked":["Riddle With Holes","Phantasmal Killer","Underhanded Strike"],"picked":"SKIP","floor":7},{"not_picked":["Acrobatics","Bane"],"picked":"Escape Plan","floor":11},{"not_picked":["Storm of Steel","Backflip"],"picked":"After Image","floor":12},{"not_picked":["Underhanded Strike","Deflect"],"picked":"Leg Sweep","floor":13}],"player_experience":2984335,"relics_obtained":[{"floor":7,"key":"Regal Pillow"},{"floor":9,"key":"Turnip"},{"floor":11,"key":"Odd Mushroom"},{"floor":12,"key":"Ornamental Fan"}],"event_choices":[{"damage_healed":0,"gold_gain":0,"cards_transformed":["Strike_G"],"player_choice":"Transformed","damage_taken":0,"max_hp_gain":0,"max_hp_loss":0,"event_name":"Transmorgrifier","floor":2,"gold_loss":0,"cards_obtained":["Dodge and Roll"]},{"damage_healed":0,"gold_gain":0,"player_choice":"Grow","damage_taken":0,"max_hp_gain":0,"max_hp_loss":0,"event_name":"Living Wall","floor":4,"gold_loss":0,"cards_upgraded":["Crippling Poison"]},{"damage_healed":0,"gold_gain":0,"player_choice":"Box","damage_taken":0,"relics_obtained":["Juzu Bracelet"],"max_hp_gain":0,"max_hp_loss":0,"event_name":"Big Fish","floor":5,"gold_loss":0,"cards_obtained":["Regret"]},{"damage_healed":0,"gold_gain":0,"player_choice":"Fought Mushrooms","damage_taken":0,"max_hp_gain":0,"max_hp_loss":0,"event_name":"Mushrooms","floor":11,"gold_loss":0}],"is_beta":false,"boss_relics":[],"items_purged_floors":[10,14],"is_endless":false,"potions_floor_spawned":[7,11,13],"killed_by":"Hexaghost","ascension_level":20}}