{"host":"ki5kvxn974a96omm","time":1612209640,"event":{"mods":["BaseMod","Colored Map","Colored Powertips","Downfall","Highlight Path","Minty Spire (QoL Compilation)","Relic Sorter","Relic Stats","StSLib"],"gold_per_floor":[99,99,99,99,113,213,213,238,32,32,48,198,212,312,329,329,329,329],"floor_reached":16,"language":"ENG","playtime":1286,"items_purged":["Guardian:Strike_Guardian"],"score":142,"play_id":"2f1cb97f-777e-4b6d-aafc-c91576a45b74","local_time":"20210201150040","is_ascension_mode":true,"campfire_choices":[{"floor":1,"key":"RECALL"},{"data":"Guardian:Recover","floor":10,"key":"SMITH"}],"circlet_count":0,"master_deck":["Guardian:Strike_Guardian","Guardian:Strike_Guardian","Guardian:Strike_Guardian","Guardian:Defend_Guardian","Guardian:Defend_Guardian","Guardian:Defend_Guardian","Guardian:Defend_Guardian","Guardian:CurlUp","Guardian:TwinSlam","Guardian:Recover+1","Guardian:ChargeCore","Guardian:RollAttack","Guardian:Incinerate","Guardian:FloatingOrbs","Guardian:VentSteam","Guardian:GemFinder","downfall:Icky","Guardian:Gem_Lightblue","Guardian:TemporalShield","Guardian:Gem_Red"],"relics":["Guardian:ModeShifter","downfall:HeartsMalice","Sundial","Anchor"],"acts_visited":["Exordium"],"potions_floor_usage":[16,16,16],"damage_taken":[{"damage":0,"enemies":"2 Louse","floor":2,"turns":1},{"damage":0,"enemies":"Cultist","floor":3,"turns":1},{"damage":0,"enemies":"Jaw Worm","floor":4,"turns":1},{"damage":7,"enemies":"Lots of Slimes","floor":5,"turns":4},{"damage":19,"enemies":"Lagavulin","floor":8,"turns":8},{"damage":0,"enemies":"downfall:FleeingMerchant","floor":9,"turns":4},{"damage":0,"enemies":"3 Louse","floor":11,"turns":2},{"damage":9,"enemies":"Gremlin Gang","floor":13,"turns":6},{"damage":12,"enemies":"Lots of Slimes","floor":15,"turns":3},{"damage":25,"enemies":"DF_ARCHETYPE_STREAMLINE","floor":16,"turns":11}],"seed_played":"-624103415610854990","potions_obtained":[{"floor":5,"key":"Energy Potion"},{"floor":8,"key":"SpeedPotion"},{"floor":11,"key":"Guardian:DefensiveModePotion"}],"is_trial":false,"path_per_floor":["R","M","M","M","M","?","T","E","$","R","M","?","M","?","M","B"],"character_chosen":"GUARDIAN","items_purchased":["Guardian:FloatingOrbs","Guardian:VentSteam"],"campfire_rested":0,"item_purchase_floors":[9,9],"current_hp_per_floor":[72,72,72,72,65,65,65,46,46,46,46,46,37,37,25,0,0,0],"gold":329,"neow_bonus":"THREE_ENEMY_KILL","is_daily":false,"chose_seed":false,"campfire_upgraded":1,"win_rate":0.0,"timestamp":1612209640,"path_taken":["R","M","M","M","M","?","T","E","$","R","M","?","M","?","M","BOSS"],"items_purchased_type":["Card","Card"],"build_version":"2020-12-22","purchased_purges":1,"victory":false,"max_hp_per_floor":[80,80,80,80,80,80,80,80,80,80,80,80,80,80,80,80,80,80],"relic_stats":{"counters":[10,38],"Sundial":[6],"obtain_stats":[{"Anchor":8,"Sundial":7,"Guardian:ModeShifter":0,"downfall:HeartsMalice":0},{"Anchor":5,"Sundial":4,"Guardian:ModeShifter":0,"downfall:HeartsMalice":0},{"Anchor":12,"Sundial":4,"Guardian:ModeShifter":0,"downfall:HeartsMalice":0}]},"card_choices":[{"not_picked":["Guardian:PrismaticBeam","Guardian:DecasProtection"],"picked":"Guardian:Recover","floor":2},{"not_picked":["Guardian:GuardianWhirl","Guardian:Reroute"],"picked":"Guardian:ChargeCore","floor":3},{"not_picked":["Guardian:Suspension","Guardian:TemporalShield"],"picked":"Guardian:RollAttack","floor":4},{"not_picked":["Guardian:RollAttack","Guardian:Clone"],"picked":"Guardian:Gem_Red","floor":5},{"not_picked":["Guardian:Recover","Guardian:Gem_Lightblue"],"picked":"Guardian:Incinerate","floor":8},{"not_picked":["Guardian:Clone","Guardian:Incinerate"],"picked":"Guardian:Gem_Cyan","floor":9},{"not_picked":["Guardian:BronzeOrb","Guardian:ChargeCore"],"picked":"Guardian:GemFinder","floor":11},{"not_picked":["Guardian:Gem_Cyan","Guardian:Gem_Green"],"picked":"Guardian:Gem_Lightblue","floor":13},{"not_picked":["Guardian:ChargeCore","Guardian:Gem_Cyan","Guardian:RollAttack"],"picked":"SKIP","floor":13},{"not_picked":["Guardian:Gem_Red","Guardian:RefractedBeam"],"picked":"Guardian:TemporalShield","floor":15},{"not_picked":["Guardian:Gem_Green","Guardian:Gem_Lightblue"],"picked":"Guardian:Gem_Red","floor":15}],"player_experience":1929028,"relics_obtained":[{"floor":7,"key":"Sundial"},{"floor":8,"key":"Anchor"}],"event_choices":[],"is_beta":false,"boss_relics":[],"items_purged_floors":[9],"is_endless":false,"potions_floor_spawned":[5,8,11,15],"killed_by":"DF_ARCHETYPE_STREAMLINE","ascension_level":9}}