{"host":"8ps3pfk2b2drr3ex","time":1612206983,"event":{"mods":["2.2 Compatiblity","AchievementEnabler","Act Like it!","BaseMod","Bestiary","Better Match","BetterRewards","Colored Map","Colored Powertips","Conspire","Downfall","Evolution","GifTheSpireLib","Gold Saver","Hallownest","Hubris","Minty Spire (QoL Compilation)","Permanent Neow","Relic Filter","Replay The Spire","Shop Mod","StSLib","Stuff the Spire"],"gold_per_floor":[1269,1283,1303,1323,386,661,661,88,88,118,118,148,148,60,70,170,170,170,181,192,192,467,495,495,522,522,550,450,470,500,297,308,405,405,405,423,433,277,291,310,310,310,329,329,359,359,159,186,206,206,206,233,40,40,40,40],"floor_reached":57,"language":"ENG","playtime":8852,"items_purged":["sneckomod:MorePower+1","Regret","Regret"],"score":1561,"play_id":"7a1ce6c4-d253-4503-960a-db641aaf20f4","local_time":"20210201141623","is_ascension_mode":true,"campfire_choices":[{"data":"sneckomod:MorePower","floor":1.0,"key":"SMITH"},{"data":"Guardian:FuturePlans","floor":9.0,"key":"SMITH"},{"data":"Guardian:Harden","floor":11.0,"key":"SMITH"},{"data":"Guardian:CompilePackage","floor":13.0,"key":"SMITH"},{"data":"Guardian:Orbwalk","floor":18.0,"key":"SMITH"},{"floor":26.0,"key":"REST"},{"floor":28.0,"key":"REST"},{"floor":35.0,"key":"RECALL"},{"data":"Guardian:SphericShield","floor":47.0,"key":"SMITH"},{"data":"Guardian:ArmoredProtocol","floor":54,"key":"SMITH"},{"data":"Guardian:TimeCapacitor","floor":54,"key":"SMITH"}],"circlet_count":0,"master_deck":["Guardian:Strike_Guardian","Guardian:Strike_Guardian","Guardian:Strike_Guardian","Guardian:Strike_Guardian","Guardian:Defend_Guardian","Guardian:Defend_Guardian","Guardian:Defend_Guardian","Guardian:Defend_Guardian","Guardian:CurlUp","Guardian:TwinSlam","Guardian:VentSteam","Guardian:Recover","Guardian:GatlingBeam","Guardian:MultiBeam+1","Guardian:Harden+1","Guardian:FuturePlans+1","Guardian:CompilePackage+1","Guardian:Orbwalk+1","Guardian:SphericShield+1","Guardian:Emergency+1","Guardian:TimeCapacitor+1","Guardian:SentryBeam","Guardian:ArmoredProtocol+1","Guardian:ArmoredProtocol+1","Guardian:ArmoredProtocol+1","Guardian:VentSteam+1","Guardian:PrismaticBarrier+1"],"relics":["EVO:Axolotl","Chemical X","hubris:BottledRain","conspire:GlowingRock","Happy Flower","StuffTheSpire:BottledEssence","Calipers","Pen Nib","StuffTheSpire:Experiment12","Guardian:BottledStasis","conspire:Dentures","MealTicket","StuffTheSpire:RubySignet","Centennial Puzzle","downfall:HeartBlessingGreen","Black Star","Guardian:StasisUpgradeRelic","Guardian:PocketSentry","Toxic Egg 2","downfall:HeartBlessingRed","downfall:HeartBlessingBlue","Mummified Hand","Replay:Arrowhead","hubris:Potato","MerchantsRug","Lee\u0027s Waffle","Bottled Lightning"],"acts_visited":["Exordium","TheCity","TheBeyond","TheEnding"],"potions_floor_usage":[56,56],"damage_taken":[{"damage":2.0,"enemies":"Jaw Worm","floor":2.0,"turns":3.0},{"damage":8.0,"enemies":"2 Louse","floor":3.0,"turns":2.0},{"damage":0.0,"enemies":"Small Slimes","floor":4.0,"turns":3.0},{"damage":0.0,"enemies":"downfall:FleeingMerchant","floor":5.0,"turns":4.0},{"damage":5.0,"enemies":"downfall:FleeingMerchant","floor":8.0,"turns":4.0},{"damage":13.0,"enemies":"Gremlin Nob","floor":10.0,"turns":3.0},{"damage":10.0,"enemies":"3 Sentries","floor":12.0,"turns":4.0},{"damage":13.0,"enemies":"downfall:FleeingMerchant","floor":14.0,"turns":4.0},{"damage":11.0,"enemies":"Blue Slaver","floor":15.0,"turns":2.0},{"damage":0.0,"enemies":"WA_ARCHETYPE_RETAIN","floor":16.0,"turns":4.0},{"damage":4.0,"enemies":"Spheric Guardian","floor":19.0,"turns":3.0},{"damage":16.0,"enemies":"Centurion and Healer","floor":20.0,"turns":3.0},{"damage":0.0,"enemies":"downfall:FleeingMerchant","floor":23.0,"turns":2.0},{"damage":18.0,"enemies":"Replay:Snechameleon","floor":25.0,"turns":4.0},{"damage":21.0,"enemies":"Gremlin Leader","floor":27.0,"turns":6.0},{"damage":4.0,"enemies":"Cultist and Chosen","floor":29.0,"turns":3.0},{"damage":32.0,"enemies":"Slavers","floor":30.0,"turns":2.0},{"damage":0.0,"enemies":"Sentry and Sphere","floor":32.0,"turns":1.0},{"damage":24.0,"enemies":"SI_MIRROR_ARCHETYPE","floor":33.0,"turns":9.0},{"damage":24.0,"enemies":"3 Shapes","floor":36.0,"turns":3.0},{"damage":0.0,"enemies":"3 Darklings","floor":37.0,"turns":2.0},{"damage":0.0,"enemies":"Maw","floor":39.0,"turns":7.0},{"damage":29.0,"enemies":"Spire Growth","floor":40.0,"turns":3.0},{"damage":9.0,"enemies":"Jaw Worm Horde","floor":43.0,"turns":2.0},{"damage":21.0,"enemies":"Nemesis","floor":45.0,"turns":6.0},{"damage":3.0,"enemies":"Giant Head","floor":48.0,"turns":6.0},{"damage":7.0,"enemies":"4 Shapes","floor":49.0,"turns":3.0},{"damage":16.0,"enemies":"IC_BLOCK_ARCHETYPE","floor":50.0,"turns":14.0},{"damage":66.0,"enemies":"downfall:CharBossMerchant","floor":52.0,"turns":9.0},{"damage":17,"enemies":"downfall:NeowBoss","floor":55,"turns":18},{"damage":0,"enemies":"downfall:NeowBossFinal","floor":56,"turns":12}],"seed_played":"-8377117716879280630","potions_obtained":[{"floor":3.0,"key":"Swift Potion"},{"floor":10.0,"key":"Weak Potion"},{"floor":12.0,"key":"Block Potion"},{"floor":19.0,"key":"Flashbang"},{"floor":25.0,"key":"Block Potion"},{"floor":27.0,"key":"Regen Potion"},{"floor":29.0,"key":"SmokeBomb"},{"floor":30.0,"key":"Explosive Potion"},{"floor":39.0,"key":"Elixir"},{"floor":45.0,"key":"PowerPotion"}],"is_trial":false,"path_per_floor":["R","M","M","M","$","?","T","$","R","E","R","E","R","$","M","B",null,"R","M","M","?","?","$","T","E","R","E","R","M","E","$","M","B",null,"R","M","M","$","M","M","T","$","M","?","E","$","R","E","M","B",null,"E","$","R","B","B",null],"character_chosen":"GUARDIAN","items_purchased":["Chemical X","Guardian:MultiBeam+1","Guardian:Harden","hubris:BottledRain","conspire:GlowingRock","StuffTheSpire:BottledEssence","Calipers","Guardian:Orbwalk","conspire:Dentures","Guardian:TimeCapacitor","Guardian:SentryBeam","Guardian:StasisUpgradeRelic","MerchantsRug","Lee\u0027s Waffle","Bottled Lightning","Block Potion"],"campfire_rested":2,"item_purchase_floors":[5,5,5,5,5,8,8,14,23,23,31,38,53,53,53,53],"current_hp_per_floor":[80,78,70,70,70,70,70,65,65,52,52,42,42,29,18,18,80,80,76,60,60,60,60,60,42,66,45,69,65,38,53,53,31,80,80,56,56,71,71,42,42,57,48,48,27,42,52,49,42,26,90,26,97,97,97,97],"gold":40,"neow_bonus":"BOSS_RELIC","is_daily":false,"chose_seed":false,"campfire_upgraded":8,"win_rate":0.0,"timestamp":1612206983,"path_taken":["R","M","M","M","$","?","T","?","R","E","R","E","R","$","M","BOSS","R","M","M","?","?","$","T","E","R","E","R","M","E","$","M","BOSS","R","M","M","$","M","M","T","?","M","?","E","$","R","E","M","BOSS","E","$","R","BOSS","BOSS"],"items_purchased_type":["Relic","Card","Card","Relic","Relic","Relic","Relic","Card","Relic","Card","Card","Relic","Relic","Relic","Relic","Potion"],"build_version":"2020-12-22","purchased_purges":3,"victory":true,"max_hp_per_floor":[80,80,80,80,80,80,80,80,80,80,80,80,80,80,80,80,80,80,80,80,80,80,80,80,80,80,80,80,80,80,80,80,80,80,80,80,80,80,80,80,80,80,80,80,80,80,90,90,90,90,90,90,97,97,97,97],"card_choices":[{"not_picked":["Guardian:Reroute","Guardian:Gem_Cyan"],"picked":"Guardian:VentSteam","floor":2.0},{"not_picked":["Guardian:Planning","Guardian:RefractedBeam"],"picked":"Guardian:Recover","floor":3.0},{"not_picked":["Guardian:PiercingHide","Guardian:TemporalShield"],"picked":"Guardian:Gem_White","floor":4.0},{"not_picked":["Guardian:Gem_Lightblue","Guardian:Incinerate"],"picked":"Guardian:GatlingBeam","floor":5.0},{"not_picked":["Guardian:Gem_Purple","Guardian:ShieldSpikes"],"picked":"Guardian:FuturePlans","floor":8.0},{"not_picked":["Guardian:GuardianWhirl","Guardian:VentSteam","Guardian:Gem_Blue"],"picked":"SKIP","floor":10.0},{"not_picked":["Guardian:CrystalBeam","Guardian:Suspension"],"picked":"Guardian:CompilePackage","floor":12.0},{"not_picked":["Guardian:Reroute","Guardian:VentSteam"],"picked":"Guardian:Gem_Fragmented","floor":14.0},{"not_picked":["Guardian:Suspension","Guardian:TemporalShield"],"picked":"Guardian:Gem_Yellow","floor":15.0},{"not_picked":["Guardian:RevengeProtocol","Guardian:ExploitGems"],"picked":"Guardian:SphericShield","floor":16.0},{"not_picked":["Guardian:Gem_Green","Guardian:Gem_Red"],"picked":"Guardian:Emergency+1","floor":19.0},{"not_picked":["Guardian:TemporalStrike","Guardian:EvasiveProtocol","Guardian:GuardianWhirl"],"picked":"SKIP","floor":20.0},{"not_picked":["Guardian:SpikerProtocol","Guardian:BaubleBeam"],"picked":"Guardian:Gem_Yellow","floor":23.0},{"not_picked":["Guardian:Suspension","Guardian:HyperBeam_Guardian","Guardian:Orbwalk"],"picked":"SKIP","floor":25.0},{"not_picked":["Guardian:TimeCapacitor+1","Guardian:PrimingBeam"],"picked":"Guardian:Gem_Fragmented","floor":27.0},{"not_picked":["Guardian:TemporalStrike","Guardian:Gem_Fragmented","Guardian:Recover"],"picked":"SKIP","floor":29.0},{"not_picked":["Guardian:Gem_White","Guardian:Gem_Green"],"picked":"Guardian:Gem_Orange","floor":30.0},{"not_picked":["Guardian:Emergency","Guardian:Gem_Crimson"],"picked":"Guardian:ArmoredProtocol+1","floor":32.0},{"not_picked":["Guardian:GemFire","Guardian:CompilePackage"],"picked":"Guardian:Gem_Orange","floor":33.0},{"not_picked":["Guardian:VentSteam+1","Guardian:Emergency+1","Guardian:CrystalBeam"],"picked":"SKIP","floor":36.0},{"not_picked":["Guardian:Recover+1","Guardian:Gem_Green","Guardian:Incinerate+1"],"picked":"SKIP","floor":37.0},{"not_picked":["Guardian:PrimingBeam","Guardian:SpikerProtocol","Guardian:ChargeCore+1"],"picked":"SKIP","floor":39.0},{"not_picked":["Guardian:Gem_Red","Guardian:Clone"],"picked":"Guardian:ArmoredProtocol","floor":40.0},{"not_picked":["Guardian:EvasiveProtocol+1","Guardian:BronzeOrb+1","Guardian:Reroute"],"picked":"SKIP","floor":43.0},{"not_picked":["Guardian:Gem_Orange","Guardian:WalkerClaw"],"picked":"Guardian:VentSteam+1","floor":45.0},{"not_picked":["Guardian:PrismaticBeam+1","Guardian:TemporalShield+1"],"picked":"Guardian:PrismaticBarrier+1","floor":48.0},{"not_picked":["Guardian:PrismaticBeam","Guardian:WalkerClaw","Guardian:Gem_Red"],"picked":"SKIP","floor":49.0},{"not_picked":["Guardian:FierceBash","Guardian:Incinerate","Guardian:TemporalStrike+1"],"picked":"SKIP","floor":52.0}],"player_experience":954870,"relics_obtained":[{"floor":7.0,"key":"Happy Flower"},{"floor":10.0,"key":"Pen Nib"},{"floor":12.0,"key":"StuffTheSpire:Experiment12"},{"floor":24.0,"key":"MealTicket"},{"floor":25.0,"key":"StuffTheSpire:RubySignet"},{"floor":27.0,"key":"Centennial Puzzle"},{"floor":30.0,"key":"StrikeDummy"},{"floor":45.0,"key":"Guardian:PocketSentry"},{"floor":45.0,"key":"Toxic Egg 2"},{"floor":48.0,"key":"Mummified Hand"},{"floor":48.0,"key":"Replay:Arrowhead"},{"floor":52.0,"key":"hubris:Potato"},{"floor":52.0,"key":"hubris:Teleporter"}],"event_choices":[],"is_beta":false,"boss_relics":[{"not_picked":["Ectoplasm","Snecko Eye"],"picked":"hubris:Backtick"},{"not_picked":["Fusion Hammer","Sozu"],"picked":"Black Star"}],"items_purged_floors":[5,8,31],"is_endless":false,"potions_floor_spawned":[3,10,12,15,19,25,27,29,30,39,45,48,49,52],"ascension_level":3}}