{"host":"vm8b3ptwl81uq21f","time":1612209627,"event":{"mods":["Act Like it!","Aspiration","BaseMod","BetterRewards","Colored Map","Colored Powertips","GifTheSpireLib","Googly Eyes","GungeonMod","Halation","Hallownest","Hubris","Infinite Spire","Minty Spire (QoL Compilation)","Quick Restart","Rare Cards Sparkle","Replay The Spire","Shop Mod","Spicy Shops","StSLib","Stuff the Spire","The IronCluck","[IsaacMod]????"],"gold_per_floor":[109,125,141,16,16,46,46,57,81,14,14,14,46,58,58,163,163,183,194,205,205,216,244,244,275,326,358,422,422,193,209,209,309,309,323,340,340,160,210,210,110,129,182,196,228,228,128,143,143,143,143,143,1,28,28],"floor_reached":56,"language":"ENG","playtime":2923,"items_purged":["Strike_G","Strike_G","Defend_G","Strike_G","Strike_G","Defend_G","Defend_G","Defend_G+2","Strike_G+2","Pride"],"score":2317,"play_id":"4216d5ea-839b-426a-bd0d-64d6299f600c","local_time":"20210201150027","is_ascension_mode":true,"campfire_choices":[{"data":"ReplayTheSpireMod:Scrap Shanks","floor":7,"key":"SMITH"},{"data":"infinitespire:Starlight","floor":15,"key":"SMITH"},{"data":"Acrobatics","floor":24,"key":"SMITH"},{"data":"Defend_G","floor":32,"key":"PURGE"},{"floor":46,"key":"RECALL"},{"data":"Tactician","floor":49,"key":"SMITH"},{"data":"Master of Strategy","floor":52,"key":"SMITH"}],"circlet_count":0,"master_deck":["Survivor","Neutralize","Backflip","ReplayTheSpireMod:Scrap Shanks+1","Master of Strategy","StuffTheSpire:DoubleShiv","Acrobatics","Blade Dance","Tactician+1","Prepared","ReplayTheSpireMod:Scrap Shanks+1","infinitespire:Starlight+1","Blade Dance","Malaise+1","Endless Agony","Acrobatics+1","Masterful Stab","Cloak And Dagger+1","ReplayTheSpireMod:The Works+1","A Thousand Cuts+1","Storm of Steel","Prepared+1","Concentrate","Master of Strategy+1","Hidden Blade+1"],"relics":["Ring of the Snake","HushsDoor","BelialBook","MerchantsRug","Frozen Eye","SteamSale","halation:Sosunser","DemoMod:GlassGuonStoneRelic","hubris:MysteriousPyramids","NlothsMask","Iron Hammer","DemoMod:WaxWing","EdensBlessing","aspiration:FrozenJewel","StuffTheSpire:Wildfire","Hallownest:StagBellRelic1","Replay:Baseball","DemoMod:MeatBun","Vajra","aspiration:FetidBarrel","hubris:Backtick","Pondfish Scales"],"acts_visited":["Exordium","Exordium","Hallownest:CityofTears","TheEnding"],"potions_floor_usage":[55,55,55],"damage_taken":[{"damage":0,"enemies":"Cultist","floor":1,"turns":4},{"damage":0,"enemies":"Small Slimes","floor":2,"turns":4},{"damage":0,"enemies":"Jaw Worm","floor":3,"turns":4},{"damage":0,"enemies":"Gremlin Nob","floor":6,"turns":1},{"damage":0,"enemies":"Looter","floor":8,"turns":2},{"damage":0,"enemies":"Lagavulin","floor":13,"turns":3},{"damage":0,"enemies":"2 Fungi Beasts","floor":14,"turns":1},{"damage":0,"enemies":"Hexaghost","floor":16,"turns":2},{"damage":0,"enemies":"Hallownest:Flukemon_and_Top","floor":18,"turns":4},{"damage":0,"enemies":"Hallownest:Guard_and_Sentry","floor":19,"turns":3},{"damage":0,"enemies":"Hallownest:3_Mistakes","floor":20,"turns":2},{"damage":0,"enemies":"Hallownest:2_Husk_Sentries","floor":22,"turns":1},{"damage":0,"enemies":"Hallownest:Nosk","floor":23,"turns":3},{"damage":0,"enemies":"Hallownest:eliteSoulWarrior","floor":25,"turns":3},{"damage":0,"enemies":"Hallownest:Nosk","floor":27,"turns":4},{"damage":0,"enemies":"Hallownest:Glutton_and_Coward","floor":28,"turns":1},{"damage":0,"enemies":"Hallownest:monsterShrumalOgre","floor":31,"turns":1},{"damage":0,"enemies":"Hallownest:BossMantisLord","floor":33,"turns":1},{"damage":0,"enemies":"Hallownest:Shield_Heavy","floor":35,"turns":1},{"damage":0,"enemies":"Hallownest:3_Siblings","floor":36,"turns":1},{"damage":0,"enemies":"Hiden Room Battle","floor":39,"turns":1},{"damage":0,"enemies":"Hallownest:2_Great","floor":42,"turns":1},{"damage":12,"enemies":"Hallownest:2_Wing_and_1_Kings","floor":44,"turns":1},{"damage":0,"enemies":"Hallownest:eliteCollector","floor":45,"turns":1},{"damage":0,"enemies":"Hallownest:2_Soldiers_and_1_Guardian","floor":48,"turns":1},{"damage":0,"enemies":"Hallownest:Radiance","floor":50,"turns":1},{"damage":0,"enemies":"Shield and Spear","floor":54,"turns":1},{"damage":5,"enemies":"The Heart","floor":55,"turns":3}],"seed_played":"-6074262157406389228","potions_obtained":[{"floor":6,"key":"CunningPotion"},{"floor":13,"key":"ColorlessPotion"},{"floor":14,"key":"ColorlessPotion"},{"floor":18,"key":"Adrenaline Potion"},{"floor":22,"key":"Adrenaline Potion"},{"floor":27,"key":"CunningPotion"},{"floor":45,"key":"SteroidPotion"}],"is_trial":false,"path_per_floor":["M","M","M","$","?","E","R","M","T","$","?","?","E","M","R","B",null,"M","M","M","?","M","E","R","E","T","E","M","?","$","M","R_BF","B",null,"M","M","AVR","?","?","E","$","M","T","M","E","R","$","M","R","B",null,"R","$","E","B",null],"character_chosen":"THE_SILENT","items_purchased":["BargainBundle","MerchantsRug","Gremlin Horn","Strength Potion","Block Potion","Venom Potion","Backflip","ReplayTheSpireMod:Scrap Shanks","Master of Strategy","Frozen Eye","Simple Rune","SteamSale","Chaos","MealTicket","halation:Sosunser","hubris:MysteriousPyramids","PreservedInsect","Blade Dance","Tactician","Iron Hammer","ReplayTheSpireMod:Scrap Shanks","Endless Agony","StuffTheSpire:Wildfire","Storm of Steel","Replay:Baseball","Guide Book","Concentrate","Master of Strategy","DemoMod:MeatBun","Vajra","aspiration:FetidBarrel"],"campfire_rested":0,"item_purchase_floors":[0,0,0,0,0,0,0,0,0,0,0,0,0,0,0,4,4,4,4,10,10,17,30,34,41,41,41,41,53,53,53],"current_hp_per_floor":[21,21,21,36,22,22,22,22,22,37,20,8,23,38,38,53,60,60,60,60,60,60,62,62,62,62,62,62,62,62,62,62,62,58,58,58,58,58,58,58,58,58,58,58,58,58,58,58,58,58,58,58,58,58,56],"gold":28,"neow_bonus":"","is_daily":false,"chose_seed":false,"campfire_upgraded":5,"win_rate":0.0,"timestamp":1612209627,"path_taken":["M","M","M","$","?","E","R","M","T","$","?","?","E","M","R","BOSS","M","M","M","?","M","E","R","E","T","E","M","?","?","?","R_BF","BOSS","M","M","AVR","?","?","E","$","M","T","M","E","R","$","M","R","BOSS","R","$","E","BOSS"],"items_purchased_type":["Relic","Relic","Relic","Potion","Potion","Potion","Card","Card","Card","Relic","Relic","Relic","Card","Relic","Relic","Relic","Relic","Card","Card","Relic","Card","Card","Relic","Card","Relic","Relic","Card","Card","Relic","Relic","Relic"],"build_version":"2020-12-22","purchased_purges":10,"victory":true,"max_hp_per_floor":[70,70,70,70,70,70,70,70,70,70,70,70,70,70,70,70,62,62,62,62,62,62,62,62,62,62,62,62,62,62,62,62,62,58,58,58,58,58,58,58,58,58,58,58,58,58,58,58,58,58,58,58,58,58,58],"card_choices":[{"not_picked":["StuffTheSpire:BumpUp","hubris:Sniper"],"picked":"StuffTheSpire:DoubleShiv","floor":1},{"not_picked":["Outmaneuver","StuffTheSpire:MirrorStance"],"picked":"Bomb","floor":2},{"not_picked":["Tactician","StuffTheSpire:Incursion"],"picked":"Acrobatics","floor":3},{"not_picked":["Concentrate","Doppelganger"],"picked":"Prepared","floor":6},{"not_picked":["Caltrops","Blur","Escape Plan"],"picked":"SKIP","floor":8},{"not_picked":["infinitespire:Oblivion","infinitespire:SealOfDarkness+"],"picked":"infinitespire:Starlight","floor":11},{"not_picked":["Reflex","Eviscerate"],"picked":"Blade Dance","floor":13},{"not_picked":["ReplayTheSpireMod:Shiv Toss","Outmaneuver"],"picked":"Bomb","floor":14},{"not_picked":["Atom Bomb","Envenom"],"picked":"Malaise","floor":16},{"not_picked":["Bane","Well Laid Plans+1"],"picked":"Acrobatics","floor":18},{"not_picked":["StuffTheSpire:BumpUp+1","Fluid Movement+1","Expertise"],"picked":"SKIP","floor":19},{"not_picked":["Skewer+1","hubris:Counter","Infinite Blades"],"picked":"SKIP","floor":20},{"not_picked":["Outmaneuver","Underhanded Strike","Dagger Spray"],"picked":"SKIP","floor":22},{"not_picked":["Deflect","Dagger Throw"],"picked":"Masterful Stab","floor":23},{"not_picked":["ReplayTheSpireMod:The Works+1","Doppelganger"],"picked":"Cloak And Dagger+1","floor":25},{"not_picked":["Cloak And Dagger","Outmaneuver","PiercingWail"],"picked":"SKIP","floor":27},{"not_picked":["Hidden Blade","Sucker Punch+1"],"picked":"ReplayTheSpireMod:The Works+1","floor":28},{"not_picked":["StuffTheSpire:Repulse+1","Quick Slash","Wraith Form v2"],"picked":"SKIP","floor":31},{"not_picked":["ReplayTheSpireMod:Necrosis","Night Terror"],"picked":"A Thousand Cuts","floor":33},{"not_picked":["Sucker Punch+1","StuffTheSpire:Injection","Slice"],"picked":"SKIP","floor":35},{"not_picked":["Deflect","Noxious Fumes","Skewer"],"picked":"SKIP","floor":36},{"not_picked":["Skewer","Flying Knee"],"picked":"Prepared+1","floor":39},{"not_picked":["Dodge and Roll+1","Underhanded Strike+1","PiercingWail"],"picked":"SKIP","floor":42},{"not_picked":["StuffTheSpire:Python","Dagger Spray","StuffTheSpire:ClusterCrunch+1"],"picked":"SKIP","floor":44},{"not_picked":["Tools of the Trade","Terror+1"],"picked":"Hidden Blade+1","floor":45},{"not_picked":["Hidden Blade","Flechettes","Dodge and Roll+1"],"picked":"SKIP","floor":48},{"not_picked":["Slice+1","Acrobatics","Predator+1"],"picked":"SKIP","floor":54}],"player_experience":377112,"relics_obtained":[{"floor":6,"key":"aspiration:SeaSaltIceCream"},{"floor":13,"key":"StuffTheSpire:HeavyRock"},{"floor":23,"key":"EdensBlessing"},{"floor":25,"key":"aspiration:FrozenJewel"},{"floor":26,"key":"DemoMod:NanoMachines"},{"floor":27,"key":"ReplayTheSpireMod:TigerMarble"},{"floor":39,"key":"ReplayTheSpireMod:ShopPack"},{"floor":39,"key":"Dream Catcher"},{"floor":45,"key":"Chameleon Ring"},{"floor":54,"key":"hubris:Backtick"}],"event_choices":[{"damage_healed":0,"gold_gain":0,"player_choice":"Entered Light","damage_taken":14,"max_hp_gain":0,"max_hp_loss":0,"event_name":"Shining Light","floor":5,"gold_loss":0,"cards_upgraded":["Defend_G","Strike_G"]},{"damage_healed":0,"gold_gain":0,"player_choice":"Fled","damage_taken":12,"max_hp_gain":0,"max_hp_loss":0,"event_name":"Scrap Ooze","floor":12,"gold_loss":0},{"damage_healed":0,"gold_gain":0,"player_choice":"Fight","damage_taken":0,"max_hp_gain":0,"max_hp_loss":0,"event_name":"HidenRoomEvent","floor":39,"gold_loss":0}],"is_beta":false,"boss_relics":[{"not_picked":["StuffTheSpire:BottledHeartBeat","infinitespire:PuzzleCube"],"picked":"DemoMod:WaxWing"},{"not_picked":[]},{"not_picked":["hubris:Spice","DemoMod:Relodestone"],"picked":"DemoMod:PinkGuonStone"},{"not_picked":[]}],"items_purged_floors":[0,0,0,17,30,34,37,41,47,53],"is_endless":false,"potions_floor_spawned":[2,6,13,14,18,22,27,31,35,44,45,48,54],"ascension_level":6}}