{"host":"2fcuechlb8c23yrb","time":1612212246,"event":{"mods":["2.2 Compatiblity","AchievementEnabler","BaseMod","Bestiary","Better Match","Block Reminder","Colored Map","Colored Powertips","DeckTracker","Displayed Cursed Tome","GifTheSpireLib","Highlight Path","Minty Spire (QoL Compilation)","Quick Restart","Rare Cards Sparkle","Relic Sorter","Relic Stats","StSLib"],"gold_per_floor":[117,117,129,216,228,265,277,289,301,327,339,369,397,426,438,554,566,596,634,718,730,742,754,782,794,806,838,850,862,88,98,98,195,195,211,211,40,40,40,40,40,55,129,205,205,233,252,252,252,252,252],"floor_reached":50,"language":"ENG","playtime":5465,"items_purged":["Writhe"],"score":539,"play_id":"064675f3-6060-4117-b57a-91fb0e3c7dfa","local_time":"20210201154406","is_ascension_mode":false,"campfire_choices":[{"floor":7.0,"key":"REST"},{"floor":11.0,"key":"REST"},{"data":"Poisoned Stab","floor":15.0,"key":"SMITH"},{"data":"1","floor":23.0,"key":"LIFT"},{"data":"2","floor":25.0,"key":"LIFT"},{"data":"3","floor":28.0,"key":"LIFT"},{"floor":29.0,"key":"REST"},{"floor":32.0,"key":"REST"},{"data":"Venomology","floor":40.0,"key":"SMITH"},{"data":"Venomology","floor":45.0,"key":"SMITH"},{"data":"Crippling Poison","floor":49,"key":"SMITH"}],"circlet_count":0,"master_deck":["Strike_G+1","Strike_G","Strike_G","Strike_G","Strike_G","Defend_G+1","Defend_G","Defend_G","Defend_G","Survivor","Neutralize","Deadly Poison","Terror","Dagger Throw","Predator","Poisoned Stab+1","Flying Knee","Venomology+1","CurseOfTheBell","Poisoned Stab","Flying Knee","Poisoned Stab","Venomology+1","Die Die Die","Noxious Fumes+1","Backstab","A Thousand Cuts+1","Footwork+1","Bane+1","Crippling Poison+1"],"relics":["Ring of the Snake","NeowsBlessing","MawBank","Frozen Egg 2","Du-Vu Doll","Calling Bell","Centennial Puzzle","Shuriken","Girya","Red Mask","InkBottle","WingedGreaves","Ice Cream","SacredBark","Mummified Hand","Eternal Feather","Smiling Mask"],"acts_visited":["Exordium","TheCity","TheBeyond"],"potions_floor_usage":[46,46,46,46,47,47,50,50,50,50],"damage_taken":[{"damage":0.0,"enemies":"Jaw Worm","floor":1.0,"turns":1.0},{"damage":0.0,"enemies":"Lagavulin","floor":6.0,"turns":1.0},{"damage":0.0,"enemies":"2 Louse","floor":10.0,"turns":1.0},{"damage":0.0,"enemies":"Small Slimes","floor":12.0,"turns":3.0},{"damage":14.0,"enemies":"3 Louse","floor":13.0,"turns":4.0},{"damage":0.0,"enemies":"Exordium Wildlife","floor":14.0,"turns":3.0},{"damage":58.0,"enemies":"The Guardian","floor":16.0,"turns":12.0},{"damage":9.0,"enemies":"3 Byrds","floor":18.0,"turns":6.0},{"damage":30.0,"enemies":"Masked Bandits","floor":19.0,"turns":5.0},{"damage":7.0,"enemies":"Spheric Guardian","floor":24.0,"turns":4.0},{"damage":6.0,"enemies":"Snecko","floor":27.0,"turns":3.0},{"damage":3.0,"enemies":"Snake Plant","floor":31.0,"turns":3.0},{"damage":77.0,"enemies":"Automaton","floor":33.0,"turns":8.0},{"damage":14.0,"enemies":"3 Darklings","floor":35.0,"turns":2.0},{"damage":0.0,"enemies":"Orb Walker","floor":42.0,"turns":3.0},{"damage":54,"enemies":"Reptomancer","floor":46,"turns":3},{"damage":7,"enemies":"Jaw Worm Horde","floor":47,"turns":2},{"damage":113,"enemies":"Awakened One","floor":50,"turns":7}],"seed_played":"-268758797578917067","potions_obtained":[{"floor":10.0,"key":"Fruit Juice"},{"floor":14.0,"key":"SpeedPotion"},{"floor":16.0,"key":"DistilledChaos"},{"floor":18.0,"key":"Block Potion"},{"floor":27.0,"key":"Dexterity Potion"},{"floor":33.0,"key":"CunningPotion"},{"floor":35.0,"key":"Explosive Potion"},{"floor":42.0,"key":"PowerPotion"},{"floor":46,"key":"Poison Potion"}],"is_trial":false,"path_per_floor":["M","?","?","?","$","E","R","?","T","M","R","M","M","M","R","B",null,"M","?","T","?","?","R","M","R","T","M","R","R","$","M","R","B",null,"M","?","$","?","?","R","$","M","T","T","R","E","M","?","R","B"],"character_chosen":"THE_SILENT","items_purchased":["Ice Cream","Venomology","Die Die Die","Noxious Fumes+1","PowerPotion","Explosive Potion","Fruit Juice"],"campfire_rested":4,"item_purchase_floors":[30,30,30,30,30,30,37],"current_hp_per_floor":[70,52,52,41,41,41,62,48,48,53,75,75,61,61,61,3,75,66,36,36,61,55,55,48,48,48,42,42,64,64,66,75,22,75,61,75,85,85,85,85,85,85,85,85,85,31,24,74,74,0,0],"gold":252,"neow_bonus":"THREE_ENEMY_KILL","is_daily":false,"chose_seed":false,"campfire_upgraded":4,"win_rate":0.0,"timestamp":1612212246,"path_taken":["M","?","?","?","$","E","R","?","T","M","R","M","M","M","R","BOSS","M","?","?","?","?","R","?","R","T","?","R","R","$","M","R","BOSS","M","?","$","?","?","R","?","M","T","?","R","E","M","?","R","BOSS"],"items_purchased_type":["Relic","Card","Card","Card","Potion","Potion","Potion"],"build_version":"2020-12-22","purchased_purges":1,"victory":false,"max_hp_per_floor":[70,70,70,70,70,70,70,70,70,75,75,75,75,75,75,75,75,75,75,75,75,75,75,75,75,75,75,75,75,75,75,75,75,75,75,75,85,85,85,85,85,85,85,85,85,85,85,74,74,74,74],"relic_stats":{"Centennial Puzzle":[30],"counters":[18,71],"Shuriken":[17],"Mummified Hand":[7],"Eternal Feather":0,"MawBank":336,"Smiling Mask":0,"obtain_stats":[{"Ice Cream":30,"Girya":17,"NeowsBlessing":0,"SacredBark":34,"Eternal Feather":44,"Frozen Egg 2":6,"MawBank":2,"Smiling Mask":46,"Du-Vu Doll":9,"Calling Bell":17,"Centennial Puzzle":17,"Shuriken":17,"Mummified Hand":43,"WingedGreaves":26,"Red Mask":19,"InkBottle":20,"Ring of the Snake":0},{"Ice Cream":11,"Girya":7,"NeowsBlessing":0,"SacredBark":13,"Eternal Feather":15,"Frozen Egg 2":2,"MawBank":1,"Smiling Mask":16,"Du-Vu Doll":2,"Calling Bell":7,"Centennial Puzzle":7,"Shuriken":7,"Mummified Hand":15,"WingedGreaves":10,"Red Mask":9,"InkBottle":9,"Ring of the Snake":0},{"Ice Cream":43,"Girya":25,"NeowsBlessing":0,"SacredBark":54,"Eternal Feather":59,"Frozen Egg 2":2,"MawBank":1,"Smiling Mask":62,"Du-Vu Doll":2,"Calling Bell":25,"Centennial Puzzle":25,"Shuriken":25,"Mummified Hand":59,"WingedGreaves":40,"Red Mask":36,"InkBottle":36,"Ring of the Snake":0}],"InkBottle":[15],"Ring of the Snake":[36]},"card_choices":[{"not_picked":["Dagger Spray","Cloak And Dagger"],"picked":"Deadly Poison","floor":1.0},{"not_picked":["Skewer","Cloak And Dagger"],"picked":"Terror","floor":6.0},{"not_picked":["Skewer","Deflect"],"picked":"Dagger Throw","floor":10.0},{"not_picked":["Dagger Spray","Backflip"],"picked":"Predator","floor":12.0},{"not_picked":["Blade Dance","Heel Hook"],"picked":"Poisoned Stab","floor":13.0},{"not_picked":["Well Laid Plans+1","Underhanded Strike"],"picked":"Flying Knee","floor":14.0},{"not_picked":["Glass Knife","Unload"],"picked":"Venomology","floor":16.0},{"not_picked":["Acrobatics","Underhanded Strike"],"picked":"Poisoned Stab","floor":18.0},{"not_picked":["Prepared","Dodge and Roll"],"picked":"Flying Knee","floor":19.0},{"not_picked":["Blade Dance+1","Dagger Spray"],"picked":"Poisoned Stab","floor":24.0},{"not_picked":["Expertise+1","Prepared","Dagger Throw"],"picked":"SKIP","floor":27.0},{"not_picked":["Bane","Deflect"],"picked":"Backstab","floor":31.0},{"not_picked":["Storm of Steel","Corpse Explosion"],"picked":"A Thousand Cuts+1","floor":33.0},{"not_picked":["Underhanded Strike","Flying Knee","Heel Hook+1"],"picked":"SKIP","floor":35.0},{"not_picked":["Backstab","Quick Slash+1"],"picked":"Footwork+1","floor":42.0},{"not_picked":["Poisoned Stab+1","Dagger Spray+1"],"picked":"Bane+1","floor":46},{"not_picked":["Flying Knee","Prepared"],"picked":"Crippling Poison","floor":47}],"player_experience":73032,"relics_obtained":[{"floor":6.0,"key":"Frozen Egg 2"},{"floor":9.0,"key":"Du-Vu Doll"},{"floor":17.0,"key":"Centennial Puzzle"},{"floor":17.0,"key":"Shuriken"},{"floor":17.0,"key":"Girya"},{"floor":19.0,"key":"Red Mask"},{"floor":20.0,"key":"InkBottle"},{"floor":26.0,"key":"WingedGreaves"},{"floor":43.0,"key":"Mummified Hand"},{"floor":44.0,"key":"Eternal Feather"},{"floor":46,"key":"Smiling Mask"}],"event_choices":[{"damage_healed":0.0,"max_hp_gain":0.0,"max_hp_loss":0.0,"gold_gain":0.0,"event_name":"Scrap Ooze","player_choice":"Success","floor":2.0,"gold_loss":0.0,"damage_taken":18.0,"relics_obtained":["MawBank"]},{"damage_healed":0.0,"max_hp_gain":0.0,"max_hp_loss":0.0,"gold_gain":0.0,"event_name":"Liars Game","player_choice":"Ignored","floor":3.0,"gold_loss":0.0,"damage_taken":0.0},{"damage_healed":0.0,"max_hp_gain":0.0,"max_hp_loss":0.0,"gold_gain":75.0,"event_name":"World of Goop","player_choice":"Gather Gold","floor":4.0,"gold_loss":0.0,"damage_taken":11.0},{"damage_healed":0.0,"max_hp_gain":0.0,"max_hp_loss":0.0,"gold_gain":0.0,"event_name":"Shining Light","player_choice":"Entered Light","floor":8.0,"gold_loss":0.0,"damage_taken":14.0,"cards_upgraded":["Strike_G","Defend_G"]},{"damage_healed":0.0,"max_hp_gain":0.0,"max_hp_loss":0.0,"gold_gain":0.0,"event_name":"Masked Bandits","player_choice":"Fought Bandits","floor":19.0,"gold_loss":0.0,"damage_taken":0.0},{"damage_healed":25.0,"max_hp_gain":0.0,"max_hp_loss":0.0,"gold_gain":0.0,"event_name":"The Library","player_choice":"Heal","floor":21.0,"gold_loss":0.0,"damage_taken":0.0},{"damage_healed":0.0,"max_hp_gain":0.0,"max_hp_loss":0.0,"gold_gain":0.0,"event_name":"Knowing Skull","player_choice":"","floor":22.0,"potions_obtained":[],"gold_loss":0.0,"damage_taken":6.0,"cards_obtained":[]},{"damage_healed":19.0,"max_hp_gain":0.0,"max_hp_loss":0.0,"gold_gain":0.0,"event_name":"Winding Halls","player_choice":"Writhe","floor":36.0,"gold_loss":0.0,"damage_taken":0.0,"cards_obtained":["Writhe"]},{"cards_removed":["Defend_G"],"damage_healed":0.0,"max_hp_gain":0.0,"max_hp_loss":0.0,"gold_gain":0.0,"event_name":"Falling","player_choice":"Removed Skill","floor":38.0,"gold_loss":0.0,"damage_taken":0.0},{"damage_healed":0.0,"max_hp_gain":0.0,"max_hp_loss":0.0,"gold_gain":0.0,"event_name":"SensoryStone","player_choice":"Memory 1","floor":39.0,"gold_loss":0.0,"damage_taken":0.0},{"damage_healed":74,"gold_gain":0,"player_choice":"Heal","damage_taken":0,"max_hp_gain":0,"max_hp_loss":11,"event_name":"The Moai Head","floor":48,"gold_loss":0}],"is_beta":false,"boss_relics":[{"not_picked":["Ring of the Serpent","HoveringKite"],"picked":"Calling Bell"},{"not_picked":["Astrolabe","Runic Pyramid"],"picked":"SacredBark"}],"items_purged_floors":[37],"is_endless":false,"potions_floor_spawned":[10,14,16,18,27,33,35,42,46],"killed_by":"Awakened One","ascension_level":0}}