{"host":"farxtl2u8hmkbdo2","time":1612220527,"event":{"mods":["A Magickal Journey","BaseMod","Better Altar","Better Note","Better Sensory Stone","Better Skull","Better Third Choice","Challenge The Spire","Colored Map","Colored Powertips","Current Relic Mod","Energized Spire","Fox Events","Gremlin Mod","Hermit","Hubris","Mimic Mod","Minty Spire (QoL Compilation)","Quick Restart","READ ME - Guardian Mod","READ ME - Snecko Mod","Rare Cards Sparkle","StSLib","The Bladedancer","The Bug Knight","The Cursed","The Disciple","The Hierophant","The Marked","The Necromancer","The Runesmith","Transform Curses"],"gold_per_floor":[109,2,44,44,0,46,46,82,82,119,150,116,98,123,123,103,103],"floor_reached":16,"language":"SPA","playtime":1020,"items_purged":[],"score":167,"play_id":"1c18c25f-1db2-4b67-a922-3c5a8868fd1d","local_time":"20210201200207","is_ascension_mode":true,"campfire_choices":[{"data":"hierophant:ChurchCoffers","floor":7.0,"key":"SMITH"},{"floor":15,"key":"REST"}],"circlet_count":0,"master_deck":["hierophant:Strike_Hierophant","hierophant:Strike_Hierophant","hierophant:Strike_Hierophant","hierophant:Strike_Hierophant","hierophant:Punish","hierophant:Defend_Hierophant","hierophant:Defend_Hierophant","hierophant:Defend_Hierophant","hierophant:Defend_Hierophant","hierophant:ChurchCoffers+1","hierophant:DivineIntervention","hierophant:Endure","hierophant:HolyVerse","hierophant:RustyCrate","hierophant:Doubloon","hierophant:Doubloon","hierophant:AuricShield","Enlightenment","hierophant:Zeal","hierophant:AuricShield","hierophant:AuricBeam","hierophant:HolyVerse","hierophant:Doubloon","hierophant:Remorse"],"relics":["hierophant:PropheticMaskRelic","Centennial Puzzle","Nunchaku","Odd Mushroom","hubris:CrystalStatue","Ginger"],"acts_visited":["Exordium"],"potions_floor_usage":[12,12,12,13],"damage_taken":[{"damage":0.0,"enemies":"Small Slimes","floor":1.0,"turns":2.0},{"damage":4.0,"enemies":"Jaw Worm","floor":3.0,"turns":2.0},{"damage":56.0,"enemies":"Gremlin Nob","floor":6.0,"turns":5.0},{"damage":1.0,"enemies":"Cultist","floor":8.0,"turns":3.0},{"damage":1.0,"enemies":"The Mushroom Lair","floor":10.0,"turns":2.0},{"damage":0.0,"enemies":"3 Louse","floor":11.0,"turns":1.0},{"damage":12,"enemies":"Lagavulin","floor":12,"turns":8},{"damage":0,"enemies":"Large Slime","floor":13,"turns":2},{"damage":0,"enemies":"3 Sentries","floor":14,"turns":2},{"damage":30,"enemies":"Slime Boss","floor":16,"turns":3}],"seed_played":"2874249735596722250","potions_obtained":[{"floor":8.0,"key":"EntropicBrew"},{"floor":11.0,"key":"Dexterity Potion"},{"floor":12,"key":"SmokeBomb"}],"is_trial":false,"path_per_floor":["M","$","M","?","?","E","R","M","T","?","M","E","M","E","R","B"],"character_chosen":"HIEROPHANT","items_purchased":["hierophant:HolyVerse","hierophant:RustyCrate"],"campfire_rested":1,"item_purchase_floors":[2,2],"current_hp_per_floor":[68,68,64,69,75,19,19,18,18,17,17,5,5,5,28,0,0],"gold":103,"neow_bonus":"THREE_RARE_CARDS","is_daily":false,"chose_seed":false,"campfire_upgraded":1,"win_rate":0.0,"timestamp":1612220527,"path_taken":["M","$","M","?","?","E","R","M","T","?","M","E","M","E","R","BOSS"],"items_purchased_type":["Card","Card"],"build_version":"2020-12-22","purchased_purges":0,"victory":false,"max_hp_per_floor":[68,68,68,73,79,79,79,79,79,79,79,79,79,79,79,79,79],"card_choices":[{"not_picked":["hierophant:LocustPlague","hierophant:Generosity"],"picked":"hierophant:DivineIntervention","floor":0.0},{"not_picked":["hierophant:ThreeLashes","hierophant:Zeal"],"picked":"hierophant:Endure","floor":1.0},{"not_picked":["hierophant:SealAway","hierophant:Purify"],"picked":"hierophant:AuricShield","floor":3.0},{"not_picked":["hierophant:Martyrdom","hierophant:DisplayOfPower","hierophant:FlamingChariot"],"picked":"SKIP","floor":6.0},{"not_picked":["hierophant:Mercenaries","hierophant:OrnateBuckler"],"picked":"hierophant:Zeal","floor":8.0},{"not_picked":["hierophant:Encroach","hierophant:Sermon"],"picked":"hierophant:AuricShield","floor":10.0},{"not_picked":["hierophant:Purify","hierophant:Exaltation"],"picked":"hierophant:AuricBeam","floor":11.0},{"not_picked":["hierophant:ArchangelShield","hierophant:Upheaval"],"picked":"hierophant:HolyVerse","floor":12},{"not_picked":["hierophant:Chorus","hierophant:Doubloon"],"picked":"hierophant:Remorse","floor":14}],"player_experience":2002160,"relics_obtained":[{"floor":6.0,"key":"Centennial Puzzle"},{"floor":9.0,"key":"Nunchaku"},{"floor":10.0,"key":"Odd Mushroom"},{"floor":12,"key":"hubris:CrystalStatue"},{"floor":14,"key":"Ginger"}],"event_choices":[{"damage_healed":0.0,"max_hp_gain":5.0,"max_hp_loss":0.0,"gold_gain":0.0,"event_name":"Big Fish","player_choice":"Donut","floor":4.0,"gold_loss":0.0,"damage_taken":0.0},{"damage_healed":0.0,"max_hp_gain":0.0,"max_hp_loss":0.0,"gold_gain":0.0,"event_name":"betterThird:BetterSerpent","player_choice":"RENOUNCE","floor":5.0,"gold_loss":44.0,"damage_taken":44.0,"cards_obtained":["Enlightenment"]},{"damage_healed":0.0,"max_hp_gain":0.0,"max_hp_loss":0.0,"gold_gain":0.0,"event_name":"Mushrooms","player_choice":"Fought Mushrooms","floor":10.0,"gold_loss":0.0,"damage_taken":0.0}],"is_beta":false,"boss_relics":[],"items_purged_floors":[],"is_endless":false,"potions_floor_spawned":[8,11,12,13],"killed_by":"Slime Boss","ascension_level":3}}