{"host":"t1puqh5lxz8sp6fn","time":1612205957,"event":{"mods":["AchievementEnabler","BaseMod","Colored Powertips","Minty Spire (QoL Compilation)","Rare Cards Sparkle","Relic Stats","StSLib"],"gold_per_floor":[365,378,378,395,395,429,429,462,489,489,514,57,91,110,110,110,110],"floor_reached":16,"playtime":595,"items_purged":["Strike_R"],"score":195,"play_id":"30cccff1-734e-4a2e-9c3d-fdf2346362e4","local_time":"20210201155917","is_ascension_mode":true,"campfire_choices":[{"data":"Cleave","floor":7,"key":"SMITH"},{"data":"True Grit","floor":10,"key":"SMITH"},{"data":"Dark Embrace","floor":15,"key":"SMITH"}],"circlet_count":0,"master_deck":["AscendersBane","Strike_R","Strike_R","Strike_R","Defend_R","Defend_R","Defend_R","Defend_R","Bash","Twin Strike+1","Iron Wave+1","Cleave+1","Clothesline","Shrug It Off","True Grit+1","Offering","Reaper","Dark Embrace+1","Shrug It Off"],"relics":["Burning Blood","MealTicket","PreservedInsect","Odd Mushroom","Nunchaku"],"acts_visited":["Exordium"],"potions_floor_usage":[6,8,11],"damage_taken":[{"damage":3,"enemies":"Jaw Worm","floor":1,"turns":5},{"damage":12,"enemies":"2 Louse","floor":2,"turns":4},{"damage":0,"enemies":"Small Slimes","floor":4,"turns":3},{"damage":15,"enemies":"Gremlin Nob","floor":6,"turns":4},{"damage":18,"enemies":"Lagavulin","floor":8,"turns":5},{"damage":15,"enemies":"The Mushroom Lair","floor":11,"turns":3},{"damage":8,"enemies":"3 Sentries","floor":13,"turns":5},{"damage":12,"enemies":"Looter","floor":14,"turns":3},{"damage":53,"enemies":"Hexaghost","floor":16,"turns":9}],"seed_played":"943790951047149411","potions_obtained":[{"floor":2,"key":"Energy Potion"},{"floor":4,"key":"Swift Potion"},{"floor":6,"key":"AttackPotion"}],"is_trial":false,"path_per_floor":["M","M","?","M","?","E","R","E","T","R","?","$","E","M","R","B"],"character_chosen":"IRONCLAD","items_purchased":["Offering","Reaper","Dark Embrace"],"campfire_rested":0,"item_purchase_floors":[12,12,12],"current_hp_per_floor":[72,66,52,58,58,49,49,37,37,37,28,43,53,51,51,0,0],"gold":110,"neow_bonus":"TWO_FIFTY_GOLD","is_daily":false,"chose_seed":false,"campfire_upgraded":3,"win_rate":0.0,"timestamp":1612205957,"path_taken":["M","M","?","M","?","E","R","E","T","R","?","$","E","M","R","BOSS"],"items_purchased_type":["Card","Card","Card"],"build_version":"2020-12-13","purchased_purges":1,"victory":false,"max_hp_per_floor":[72,72,72,72,72,72,72,72,72,72,72,72,72,72,72,72,72],"relic_stats":{"Nunchaku":[2],"counters":[9,41],"MealTicket":15,"PreservedInsect":36,"obtain_stats":[{"Nunchaku":13,"MealTicket":6,"PreservedInsect":8,"Odd Mushroom":11,"Burning Blood":0},{"Nunchaku":7,"MealTicket":4,"PreservedInsect":5,"Odd Mushroom":6,"Burning Blood":0},{"Nunchaku":29,"MealTicket":16,"PreservedInsect":21,"Odd Mushroom":24,"Burning Blood":0}],"Burning Blood":45},"card_choices":[{"not_picked":["Warcry","Searing Blow"],"picked":"Twin Strike","floor":1},{"not_picked":["Warcry","Sword Boomerang"],"picked":"Iron Wave","floor":2},{"not_picked":["Headbutt","Warcry"],"picked":"Cleave","floor":4},{"not_picked":["Wild Strike","Second Wind"],"picked":"Shrug It Off","floor":6},{"not_picked":["Heavy Blade","Clothesline"],"picked":"True Grit","floor":8},{"not_picked":["Searing Blow","Anger","Dark Embrace"],"picked":"SKIP","floor":13},{"not_picked":["Warcry","Sword Boomerang"],"picked":"Shrug It Off","floor":14}],"player_experience":461619,"relics_obtained":[{"floor":6,"key":"MealTicket"},{"floor":8,"key":"PreservedInsect"},{"floor":11,"key":"Odd Mushroom"},{"floor":13,"key":"Nunchaku"}],"event_choices":[{"damage_healed":0,"gold_gain":0,"player_choice":"Entered Light","damage_taken":14,"max_hp_gain":0,"max_hp_loss":0,"event_name":"Shining Light","floor":3,"gold_loss":0,"cards_upgraded":["Iron Wave","Twin Strike"]},{"damage_healed":0,"gold_gain":0,"cards_transformed":["Strike_R"],"player_choice":"Change","damage_taken":0,"max_hp_gain":0,"max_hp_loss":0,"event_name":"Living Wall","floor":5,"gold_loss":0,"cards_obtained":["Clothesline"]},{"damage_healed":0,"gold_gain":0,"player_choice":"Fought Mushrooms","damage_taken":0,"max_hp_gain":0,"max_hp_loss":0,"event_name":"Mushrooms","floor":11,"gold_loss":0}],"is_beta":false,"boss_relics":[],"items_purged_floors":[12],"is_endless":false,"potions_floor_spawned":[2,4,6],"killed_by":"Hexaghost","ascension_level":13}}