{"host":"gf8hyl7jhl0is674","time":1612157099,"event":{"mods":["2.2 Compatiblity","Act Like it!","Aspiration","BaseMod","CapriCore","Chen","Colored Map","Gensokyo","Koishi","Marisa????????","Minty Spire (QoL Compilation)","Onozuka Komachi Mod","Permanent Neow","Reimu??????","StSLib","The Administrix","The Blue Laboratory","The Immortal","The Jungle","The Servant 0.9.4","Waifu the Spire","Yakumo Yukari mod"],"gold_per_floor":[110,110,110,60,75,75,109,109,155,168,201,211,239,249,249,347,347,367,6,24,24,37,37,56,56,56,56,56,56,74,89,89,188,188,199,209,109,457,474,474,491,491,516,516,527,527,540,540,540,540,540,540,44,74,74,74],"floor_reached":55,"language":"ENG","playtime":4606,"items_purged":["Strike_B","Defend_B","Strike_B"],"score":689,"play_id":"4f6756a0-eb61-4046-8bc0-c4aa988bdf7e","local_time":"20210131222459","is_ascension_mode":false,"campfire_choices":[{"floor":6,"key":"RECALL"},{"data":"Zap","floor":8,"key":"SMITH"},{"data":"Coolheaded","floor":15,"key":"SMITH"},{"floor":23,"key":"DIG"},{"floor":25,"key":"DIG"},{"floor":29,"key":"DIG"},{"floor":32,"key":"DIG"},{"floor":40,"key":"DIG"},{"floor":42,"key":"DIG"},{"floor":49,"key":"REST"},{"data":"Defragment","floor":52,"key":"SMITH"}],"circlet_count":0,"master_deck":["Strike_B","Defend_B+1","Defend_B","Zap+1","Dualcast+1","Go for the Eyes","Gash","Defragment+1","Coolheaded+1","Gash","Leap","BootSequence+1","Genetic Algorithm","Go for the Eyes+1","Genetic Algorithm","Hologram+1","Blizzard+1","Deep Breath","FTL","Dark Shackles","Chill+1"],"relics":["Cracked Core","Oddly Smooth Stone","Unceasing Top","Mastiff:ReiMu","Singing Bowl","Thread and Needle","Nuclear Battery","Shovel","Strawberry","aspiration:DSix","Frozen Egg 2","HornCleat","RuthlessExorcism:ReiMu","aspiration:BursterCore","Old Coin","Dream Catcher","Kunai","Centennial Puzzle","Shuriken","War Paint","Toy Ornithopter"],"acts_visited":["Exordium","TheCity","TheBeyond","TheEnding"],"potions_floor_usage":[12,14,16,16,33,33,33,38,38,50,55,55,55],"damage_taken":[{"damage":0,"enemies":"Cultist","floor":1,"turns":3},{"damage":0,"enemies":"Jaw Worm","floor":5,"turns":2},{"damage":14,"enemies":"Gremlin Nob","floor":7,"turns":4},{"damage":0,"enemies":"2 Louse","floor":10,"turns":2},{"damage":39,"enemies":"3 Sentries","floor":11,"turns":11},{"damage":7,"enemies":"Lots of Slimes","floor":12,"turns":4},{"damage":3,"enemies":"Lagavulin","floor":13,"turns":5},{"damage":6,"enemies":"Gremlin Gang","floor":14,"turns":5},{"damage":10,"enemies":"Hexaghost","floor":16,"turns":9},{"damage":0,"enemies":"Shell Parasite","floor":18,"turns":5},{"damage":0,"enemies":"2 Thieves","floor":20,"turns":4},{"damage":0,"enemies":"Centurion and Healer","floor":22,"turns":4},{"damage":0,"enemies":"Snake Plant","floor":24,"turns":4},{"damage":0,"enemies":"3 Cultists","floor":30,"turns":5},{"damage":0,"enemies":"Shelled Parasite and Fungi","floor":31,"turns":5},{"damage":13,"enemies":"Champ","floor":33,"turns":12},{"damage":0,"enemies":"3 Darklings","floor":35,"turns":5},{"damage":3,"enemies":"3 Shapes","floor":36,"turns":5},{"damage":56,"enemies":"2 Orb Walkers","floor":38,"turns":7},{"damage":0,"enemies":"Transient","floor":39,"turns":5},{"damage":0,"enemies":"3 Darklings","floor":41,"turns":6},{"damage":0,"enemies":"Writhing Mass","floor":45,"turns":5},{"damage":0,"enemies":"Transient","floor":47,"turns":5},{"damage":58,"enemies":"Donu and Deca","floor":50,"turns":12},{"damage":0,"enemies":"Shield and Spear","floor":54,"turns":8},{"damage":109,"enemies":"The Heart","floor":55,"turns":9}],"seed_played":"-654120700408074348","potions_obtained":[{"floor":5,"key":"LiquidBronze"},{"floor":10,"key":"blueLaboratory:ForbiddenFruitJuice"},{"floor":11,"key":"blueLaboratory:SystemWipe"},{"floor":12,"key":"blueLaboratory:ConsumingVoid"},{"floor":14,"key":"blueLaboratory:CoolantVial"},{"floor":18,"key":"ColorlessPotion"},{"floor":22,"key":"EntropicBrew"},{"floor":31,"key":"Energy Potion"},{"floor":39,"key":"Weak Potion"},{"floor":41,"key":"blueLaboratory:BubblePotion"}],"is_trial":false,"path_per_floor":["M","?","T","?","M","R","E","R","T","M","E","M","E","M","R","B",null,"M","$","M","?","M","R","M","R","T","$","?","R","M","M","R","B",null,"M","M","$","?","M","R","M","R","T","T","M","?","M","?","R","B",null,"R","$","E","B"],"character_chosen":"DEFECT","items_purchased":["Shovel","War Paint","FTL","blueLaboratory:PlasmaFuel","Dark Shackles"],"campfire_rested":1,"item_purchase_floors":[19,53,53,53,53],"current_hp_per_floor":[75,60,60,60,60,60,46,46,46,46,7,58,57,51,51,43,69,71,71,73,73,75,82,82,82,82,82,82,82,84,86,86,75,88,90,89,89,33,33,33,35,35,35,35,35,35,35,35,65,7,96,96,96,96,0,0],"gold":74,"neow_bonus":"RANDOM_COMMON_RELIC","is_daily":false,"chose_seed":false,"campfire_upgraded":3,"win_rate":0.0,"timestamp":1612157099,"path_taken":["M","?","?","?","M","R","E","R","T","M","E","M","E","M","R","BOSS","M","$","M","?","M","R","M","R","T","$","?","R","?","M","R","BOSS","M","?","?","?","M","R","M","R","T","?","M","?","?","?","R","BOSS","R","$","E","BOSS"],"items_purchased_type":["Relic","Relic","Card","Potion","Card"],"build_version":"2020-12-22","purchased_purges":3,"victory":false,"max_hp_per_floor":[75,75,75,75,75,75,75,75,75,75,75,65,67,67,67,69,69,71,71,73,73,75,82,82,82,82,82,82,82,84,86,86,88,88,90,92,92,92,92,92,94,94,94,94,94,94,94,94,96,96,96,96,96,96,96,96],"card_choices":[{"not_picked":["Streamline","Compile Driver"],"picked":"Go for the Eyes","floor":1},{"not_picked":["Cold Snap","Rip and Tear"],"picked":"Gash","floor":5},{"not_picked":["Capacitor","Rebound"],"picked":"Defragment","floor":7},{"not_picked":["Stack","Thunder Strike"],"picked":"Coolheaded","floor":10},{"not_picked":["Leap","Capacitor"],"picked":"Gash","floor":11},{"not_picked":["Streamline","Skim"],"picked":"Leap","floor":12},{"not_picked":["Reinforced Body","Streamline","Reprogram"],"picked":"Singing Bowl","floor":13},{"not_picked":["Cold Snap","Redo"],"picked":"BootSequence","floor":14},{"not_picked":["Echo Form","Electrodynamics","Rainbow"],"picked":"Singing Bowl","floor":16},{"not_picked":["Heatsinks","Go for the Eyes","Coolheaded"],"picked":"Singing Bowl","floor":18},{"not_picked":["Aggregate","Ball Lightning+1","Rip and Tear"],"picked":"Singing Bowl","floor":20},{"not_picked":["Static Discharge","Streamline","Skim"],"picked":"Singing Bowl","floor":22},{"not_picked":["aspiration:Polymerization+1","Steam"],"picked":"Genetic Algorithm","floor":24},{"not_picked":["Reinforced Body","Streamline","Fusion"],"picked":"Singing Bowl","floor":30},{"not_picked":["Hello World+1","Conserve Battery","Steam"],"picked":"Singing Bowl","floor":31},{"not_picked":["Amplify","Biased Cognition+1","Creative AI+1"],"picked":"Singing Bowl","floor":33},{"not_picked":["Coolheaded","Steam+1","Sweeping Beam"],"picked":"Singing Bowl","floor":35},{"not_picked":["Barrage","Loop+1","Coolheaded"],"picked":"Singing Bowl","floor":36},{"not_picked":["Stack","BootSequence"],"picked":"Go for the Eyes+1","floor":38},{"not_picked":["Compile Driver","Go for the Eyes"],"picked":"Genetic Algorithm","floor":39},{"not_picked":["Streamline","Self Repair+1","Barrage+1"],"picked":"Singing Bowl","floor":41},{"not_picked":["Streamline+1","Sweeping Beam+1"],"picked":"Hologram","floor":45},{"not_picked":["Sweeping Beam+1","Compile Driver"],"picked":"Blizzard+1","floor":47},{"not_picked":["The Bomb","Thinking Ahead"],"picked":"Deep Breath","floor":48},{"not_picked":["Cold Snap+1","Heatsinks+1","Steam+1"],"picked":"Singing Bowl","floor":49},{"not_picked":["Rebound+1","Go for the Eyes+1"],"picked":"Chill+1","floor":54}],"player_experience":375259,"relics_obtained":[{"floor":7,"key":"Unceasing Top"},{"floor":9,"key":"Mastiff:ReiMu"},{"floor":11,"key":"Singing Bowl"},{"floor":13,"key":"Thread and Needle"},{"floor":23,"key":"Strawberry"},{"floor":25,"key":"aspiration:DSix"},{"floor":26,"key":"Frozen Egg 2"},{"floor":29,"key":"HornCleat"},{"floor":32,"key":"RuthlessExorcism:ReiMu"},{"floor":38,"key":"Old Coin"},{"floor":40,"key":"Dream Catcher"},{"floor":42,"key":"Kunai"},{"floor":43,"key":"Centennial Puzzle"},{"floor":44,"key":"Shuriken"},{"floor":54,"key":"Toy Ornithopter"}],"event_choices":[{"damage_healed":0,"gold_gain":0,"player_choice":"Entered Light","damage_taken":15,"max_hp_gain":0,"max_hp_loss":0,"event_name":"Shining Light","floor":2,"gold_loss":0,"cards_upgraded":["Dualcast","Defend_B"]},{"cards_removed":["Strike_B"],"damage_healed":0,"gold_gain":0,"player_choice":"Card Removal","damage_taken":0,"max_hp_gain":0,"max_hp_loss":0,"event_name":"The Cleric","floor":4,"gold_loss":50},{"cards_removed":["Defend_B"],"damage_healed":0,"gold_gain":0,"player_choice":"Elegance","damage_taken":0,"max_hp_gain":0,"max_hp_loss":0,"event_name":"Back to Basics","floor":21,"gold_loss":0},{"damage_healed":0,"gold_gain":0,"player_choice":"Ignored","damage_taken":0,"max_hp_gain":0,"max_hp_loss":0,"event_name":"N\u0027loth","floor":28,"gold_loss":0},{"damage_healed":0,"gold_gain":0,"player_choice":"Fight","damage_taken":0,"max_hp_gain":0,"max_hp_loss":0,"event_name":"Mysterious Sphere","floor":38,"gold_loss":0},{"damage_healed":0,"gold_gain":0,"player_choice":"Ignored","damage_taken":0,"max_hp_gain":0,"max_hp_loss":0,"event_name":"SecretPortal","floor":46,"gold_loss":0},{"damage_healed":0,"gold_gain":0,"player_choice":"Memory 1","damage_taken":0,"max_hp_gain":0,"max_hp_loss":0,"event_name":"SensoryStone","floor":48,"gold_loss":0}],"is_beta":false,"boss_relics":[{"not_picked":["Velvet Choker","Runic Pyramid"],"picked":"Nuclear Battery"},{"not_picked":["aspiration:Stellarator","SlaversCollar"],"picked":"aspiration:BursterCore"}],"items_purged_floors":[19,37,53],"is_endless":false,"potions_floor_spawned":[5,10,11,12,14,18,22,31,36,39,41],"killed_by":"The Heart","ascension_level":0}}