{"host":"j1qceugmsvfpp1ru","time":1612166295,"event":{"mods":["2.2 Compatiblity","AchievementEnabler","Act Like it!","BaseMod","Bestiary","Better Altar","Better Third Choice","Block Reminder","Colored Map","Conspire","Downfall","Elementarium","Highlight Path","Hubris","Infinite Spire","Marked Mod","Menagerie","Minty Spire (QoL Compilation)","Replay The Spire","Retaliation","Shade Mod","Spicy Shops","StSLib","The Animator","Waifu the Spire"],"gold_per_floor":[124,54,84,309,21,59,106,130,154,154,202,225,248,285,285,391,391,421,443,477,477,530,530,567,591,591,601,601],"floor_reached":27,"language":"ENG","playtime":2705,"items_purged":["Normality"],"score":253,"play_id":"9670a4f2-b2bb-4a6a-9997-7339456911aa","local_time":"20210201165815","is_ascension_mode":false,"campfire_choices":[{"data":"Menagerie:SteelWall","floor":10,"key":"SMITH"},{"data":"Noxious Fumes","floor":15,"key":"SMITH"},{"floor":23,"key":"REST"}],"circlet_count":0,"master_deck":["Strike_G","Strike_G","Defend_G","Defend_G","Defend_G","Defend_G","Defend_G","Survivor","Neutralize","Acrobatics","Menagerie:LightningHelix","Menagerie:SteelWall+1","PiercingWail","Shame","conspire:PoisonWeapons","Caltrops","Slice","Dodge and Roll","Noxious Fumes+1","Poison Darts","Dagger Spray+1","conspire:DoublingDagger+1","Well Laid Plans+1","Caltrops","Poisoned Stab+1","hubris:Counter","Blade Dance+1","Terror"],"relics":["Ring of the Snake","Replay:Bandana","Sling","Happy Flower","conspire:Dentures","infinitespire:Lucky Rock","Pen Nib","Tiny Chest","The Courier","Astrolabe","MutagenicStrength","infinitespire:Satchel","Regal Pillow","Mercury Hourglass"],"acts_visited":["Menagerie:Menagerie","TheCity"],"potions_floor_usage":[6,7,11,16,24,24,24],"damage_taken":[{"damage":0,"enemies":"Menagerie:2_RABBITS","floor":1,"turns":5},{"damage":0,"enemies":"Menagerie:StygianBoar","floor":3,"turns":4},{"damage":8,"enemies":"Menagerie:Hydra","floor":6,"turns":6},{"damage":2,"enemies":"conspire:MimicChest","floor":7,"turns":5},{"damage":0,"enemies":"Menagerie:WhisperingWraith","floor":8,"turns":4},{"damage":6,"enemies":"Menagerie:VoidReaper","floor":11,"turns":4},{"damage":1,"enemies":"Menagerie:MENAGERIE_WILDLIFE","floor":12,"turns":5},{"damage":4,"enemies":"Menagerie:KEEPER_AND_YOUNG_SUNEATER","floor":13,"turns":5},{"damage":8,"enemies":"Menagerie:Hydra","floor":14,"turns":4},{"damage":9,"enemies":"Menagerie:Chimera","floor":16,"turns":6},{"damage":1,"enemies":"Chosen","floor":18,"turns":6},{"damage":24,"enemies":"2 Thieves","floor":19,"turns":5},{"damage":18,"enemies":"Centurion and Healer","floor":20,"turns":6},{"damage":44,"enemies":"Gremlin Leader","floor":24,"turns":6},{"damage":10,"enemies":"Snecko","floor":25,"turns":6},{"damage":6,"enemies":"Nightmare","floor":27,"turns":3}],"seed_played":"-3503291480138429324","potions_obtained":[{"floor":3,"key":"DuplicationPotion"},{"floor":6,"key":"Fire Potion"},{"floor":7,"key":"Block Potion"},{"floor":11,"key":"Adrenaline Potion"},{"floor":16,"key":"Venom Potion"},{"floor":19,"key":"sneckomod:MuddlingPotion"},{"floor":20,"key":"Weak Potion"}],"is_trial":false,"path_per_floor":["M","?","M","?","$","E","?","M","T","R","E","M","M","E","R","B",null,"M","M","M","?","T","R","E","M","T","NM"],"character_chosen":"THE_SILENT","items_purchased":["Sling","Happy Flower"],"campfire_rested":1,"item_purchase_floors":[5,5],"current_hp_per_floor":[70,70,70,70,70,65,66,69,69,69,64,66,65,60,60,54,70,69,48,33,33,33,54,13,6,6,0,0],"gold":601,"neow_bonus":"RANDOM_COMMON_RELIC","is_daily":false,"chose_seed":false,"campfire_upgraded":2,"win_rate":0.0,"timestamp":1612166295,"path_taken":["M","?","M","?","?","E","?","M","T","R","E","?","M","E","R","BOSS","M","?","M","?","?","R","E","M","T","NM"],"items_purchased_type":["Relic","Relic"],"build_version":"2020-12-22","purchased_purges":1,"victory":false,"max_hp_per_floor":[70,70,70,70,70,70,70,70,70,70,70,70,70,70,70,70,70,70,70,70,70,70,70,70,70,70,70,70],"card_choices":[{"not_picked":["hubris:SlightOfHand","PiercingWail"],"picked":"Acrobatics","floor":1},{"not_picked":["Menagerie:Skullclamp","Menagerie:RelicOfProgenitus"],"picked":"Menagerie:LightningHelix","floor":2},{"not_picked":["Menagerie:DarkRitual","Menagerie:CrumblingSanctuary"],"picked":"Menagerie:SteelWall","floor":2},{"not_picked":["Flechettes","hubris:SlightOfHand"],"picked":"PiercingWail","floor":3},{"not_picked":["Quick Slash","hubris:Sniper"],"picked":"conspire:PoisonWeapons","floor":6},{"not_picked":["Outmaneuver","Underhanded Strike","Sucker Punch"],"picked":"SKIP","floor":8},{"not_picked":["ReplayTheSpireMod:Exploit Weakness","Quick Slash"],"picked":"Caltrops","floor":11},{"not_picked":["PiercingWail","Endless Agony"],"picked":"Slice","floor":12},{"not_picked":["Wraith Form v2","Prepared"],"picked":"Dodge and Roll","floor":13},{"not_picked":["Endless Agony","Dash"],"picked":"Noxious Fumes","floor":14},{"not_picked":["Wraith Form v2","Phantasmal Killer"],"picked":"Poison Darts","floor":16},{"not_picked":["Acrobatics+1","ReplayTheSpireMod:Exploit Weakness+1"],"picked":"Caltrops","floor":18},{"not_picked":["Dagger Throw+1","conspire:PoisonWeapons"],"picked":"Poisoned Stab+1","floor":19},{"not_picked":["Tactician","Prepared"],"picked":"hubris:Counter","floor":20},{"not_picked":["Dagger Spray+1","ReplayTheSpireMod:Exploit Weakness"],"picked":"Blade Dance+1","floor":24},{"not_picked":["Dash","Blur+1"],"picked":"Terror","floor":25}],"player_experience":399610,"relics_obtained":[{"floor":6,"key":"conspire:Dentures"},{"floor":7,"key":"infinitespire:Lucky Rock"},{"floor":9,"key":"Pen Nib"},{"floor":11,"key":"Tiny Chest"},{"floor":14,"key":"The Courier"},{"floor":22,"key":"infinitespire:Satchel"},{"floor":24,"key":"Regal Pillow"},{"floor":26,"key":"Mercury Hourglass"}],"event_choices":[{"damage_healed":0,"gold_gain":0,"player_choice":"Spells","damage_taken":0,"max_hp_gain":0,"max_hp_loss":0,"event_name":"Menagerie:MagicPeddler","floor":2,"gold_loss":70},{"damage_healed":0,"gold_gain":225,"player_choice":"Raid","damage_taken":0,"max_hp_gain":0,"max_hp_loss":0,"event_name":"Menagerie:SpiderNest","floor":4,"gold_loss":0,"cards_obtained":["Shame"]},{"damage_healed":0,"gold_gain":0,"player_choice":"Inject Mutagens","damage_taken":0,"relics_obtained":["MutagenicStrength"],"max_hp_gain":0,"max_hp_loss":0,"event_name":"Drug Dealer","floor":21,"gold_loss":0}],"is_beta":false,"boss_relics":[{"not_picked":["ChewingGum","Replay:Bronze Core"],"picked":"Astrolabe"}],"items_purged_floors":[5],"is_endless":false,"potions_floor_spawned":[3,6,7,11,16,19,20],"killed_by":"Nightmare","ascension_level":0}}