{"host":"j7koecyuyeg298fi","time":1612222548,"event":{"mods":["BaseMod","Minty Spire (QoL Compilation)"],"gold_per_floor":[110,60,80,96,106,106,181,181,181,193,193,206,206,218,218,218,218],"floor_reached":16,"language":"ENG","playtime":1911,"items_purged":[],"score":94,"play_id":"9e7fa5af-659d-460b-8b3c-8f1592cd8807","local_time":"20210202013548","is_ascension_mode":false,"campfire_choices":[{"data":"Acrobatics","floor":6,"key":"SMITH"},{"floor":8,"key":"REST"},{"data":"Crippling Poison","floor":11,"key":"SMITH"},{"data":"Survivor","floor":15,"key":"SMITH"}],"circlet_count":0,"master_deck":["Strike_G","Strike_G","Strike_G","Defend_G","Defend_G","Defend_G","Defend_G","Defend_G","Survivor+1","Neutralize","Acrobatics+1","Cloak And Dagger","Tactician","Crippling Poison+1","Quick Slash","Escape Plan"],"relics":["Ring of the Snake","Blue Candle"],"acts_visited":["Exordium"],"potions_floor_usage":[14,16,16,16],"damage_taken":[{"damage":2,"enemies":"Small Slimes","floor":1,"turns":6},{"damage":11,"enemies":"Jaw Worm","floor":3,"turns":11},{"damage":2,"enemies":"2 Louse","floor":4,"turns":3},{"damage":9,"enemies":"Red Slaver","floor":5,"turns":5},{"damage":4,"enemies":"Exordium Wildlife","floor":10,"turns":7},{"damage":0,"enemies":"Exordium Thugs","floor":12,"turns":5},{"damage":0,"enemies":"2 Fungi Beasts","floor":14,"turns":3},{"damage":53,"enemies":"The Guardian","floor":16,"turns":26}],"seed_played":"-8292244252602752375","potions_obtained":[{"floor":1,"key":"ColorlessPotion"},{"floor":4,"key":"SkillPotion"},{"floor":5,"key":"Energy Potion"},{"floor":14,"key":"Dexterity Potion"}],"is_trial":false,"path_per_floor":["M","?","M","M","M","R","?","R","T","M","R","M","?","M","R","B"],"character_chosen":"THE_SILENT","items_purchased":[],"campfire_rested":1,"item_purchase_floors":[],"current_hp_per_floor":[68,68,57,55,46,46,35,56,56,52,52,52,52,52,52,0,0],"gold":218,"neow_bonus":"REMOVE_CARD","is_daily":false,"chose_seed":false,"campfire_upgraded":3,"win_rate":0.0,"timestamp":1612222548,"path_taken":["M","?","M","M","M","R","?","R","T","M","R","M","?","M","R","BOSS"],"items_purchased_type":[],"build_version":"2020-12-22","purchased_purges":0,"victory":false,"max_hp_per_floor":[70,70,70,70,70,70,70,70,70,70,70,70,70,70,70,70,70],"card_choices":[{"not_picked":["Expertise","Endless Agony"],"picked":"Acrobatics","floor":1},{"not_picked":["Choke","Acrobatics"],"picked":"Cloak And Dagger","floor":3},{"not_picked":["Acrobatics","Prepared"],"picked":"Tactician","floor":4},{"not_picked":["Skewer","Catalyst"],"picked":"Crippling Poison","floor":5},{"not_picked":["Underhanded Strike","Caltrops"],"picked":"Quick Slash","floor":10},{"not_picked":["Acrobatics","Slice"],"picked":"Escape Plan","floor":12},{"not_picked":["Caltrops","Underhanded Strike","Blur"],"picked":"SKIP","floor":14}],"player_experience":186182,"relics_obtained":[{"floor":9,"key":"Blue Candle"}],"event_choices":[{"cards_removed":["Strike_G"],"damage_healed":0,"gold_gain":0,"player_choice":"Card Removal","damage_taken":0,"max_hp_gain":0,"max_hp_loss":0,"event_name":"The Cleric","floor":2,"gold_loss":50},{"damage_healed":0,"gold_gain":75,"player_choice":"Gather Gold","damage_taken":11,"max_hp_gain":0,"max_hp_loss":0,"event_name":"World of Goop","floor":7,"gold_loss":0},{"damage_healed":0,"gold_gain":0,"player_choice":"Bought 0 Potions","damage_taken":0,"max_hp_gain":0,"max_hp_loss":0,"event_name":"The Woman in Blue","floor":13,"gold_loss":0}],"is_beta":false,"boss_relics":[],"items_purged_floors":[],"is_endless":false,"potions_floor_spawned":[1,4,5,14],"killed_by":"The Guardian","ascension_level":0}}