{"host":"hka8b3f4pkvnp4ei","time":1612180851,"event":{"mods":["BaseMod","Minty Spire (QoL Compilation)","Quick Restart","Replay The Spire","StSLib"],"gold_per_floor":[111,111,131,131,10,36,68,80,166,178,178],"floor_reached":10,"language":"ZHS","playtime":207,"items_purged":[],"score":109,"play_id":"209bfc6a-2034-4ab8-b322-0d8681dcf21d","local_time":"20210201200051","is_ascension_mode":true,"campfire_choices":[{"data":"Creative AI","floor":8,"key":"SMITH"}],"circlet_count":0,"master_deck":["Strike_B","Strike_B","Strike_B","Defend_B","Defend_B","Defend_B","Defend_B","Zap","Dualcast","Coolheaded","Glacier","Creative AI+1","Panic Button"],"relics":["Cracked Core","NeowsBlessing","MawBank","Prayer Wheel","Snack Pack"],"acts_visited":["Exordium"],"potions_floor_usage":[10],"damage_taken":[{"damage":0,"enemies":"Small Slimes","floor":1,"turns":1},{"damage":0,"enemies":"Cultist","floor":3,"turns":1},{"damage":0,"enemies":"3 Sentries","floor":6,"turns":1},{"damage":6,"enemies":"2 Louse","floor":7,"turns":5},{"damage":5,"enemies":"Lagavulin","floor":10,"turns":5}],"seed_played":"-9150610571757236632","potions_obtained":[{"floor":6,"key":"Swift Potion"}],"is_trial":false,"path_per_floor":["M","$","M","?","$","E","M","R","T","E"],"character_chosen":"DEFECT","items_purchased":["ReplayTheSpireMod:Fabricate Wheel+1"],"campfire_rested":0,"item_purchase_floors":[5],"current_hp_per_floor":[75,75,75,75,75,75,69,69,69,64,64],"gold":178,"neow_bonus":"THREE_ENEMY_KILL","is_daily":false,"chose_seed":false,"campfire_upgraded":1,"win_rate":0.0,"timestamp":1612180851,"path_taken":["M","$","M","?","?","E","?","R","T","E"],"items_purchased_type":["Card"],"build_version":"2020-12-22","purchased_purges":0,"victory":false,"max_hp_per_floor":[75,75,75,75,75,75,75,75,75,75,75],"card_choices":[{"not_picked":["Ball Lightning","Fusion"],"picked":"Coolheaded","floor":1},{"not_picked":["Cold Snap","Redo","Rip and Tear"],"picked":"SKIP","floor":3},{"not_picked":["Doom and Gloom","Loop"],"picked":"Glacier","floor":6},{"not_picked":["BasicCrystalCard","Barrage"],"picked":"Panic Button","floor":7},{"not_picked":["Gash","Static Discharge","Rebound"],"picked":"SKIP","floor":7}],"player_experience":1076717,"relics_obtained":[{"floor":6,"key":"MawBank"},{"floor":9,"key":"Snack Pack"}],"event_choices":[{"cards_removed":["Strike_B"],"damage_healed":0,"gold_gain":0,"player_choice":"Purged","damage_taken":0,"max_hp_gain":0,"max_hp_loss":0,"event_name":"Purifier","floor":4,"gold_loss":0}],"is_beta":false,"boss_relics":[],"items_purged_floors":[],"is_endless":false,"potions_floor_spawned":[6],"killed_by":"Lagavulin","ascension_level":4}}