{"host":"flash","time":1612180706,"event":{"mods":["ATMod(°¢èªMod)","Act Like it!","Aspiration","BaseMod","Minty Spire (QoL Compilation)","Shop Mod","StSLib","¡¾ÒÅÎï¿¨ÅÆ¡¿REMEMod"],"gold_per_floor":[14,26,26,38,38,72,72,91,115,115,135,135,167,183,183,261,261,273,304,304],"floor_reached":19,"language":"ZHS","playtime":561,"items_purged":[],"score":304,"play_id":"d272ca3c-44be-40eb-80cc-6c061c12611f","local_time":"20210201195826","is_ascension_mode":true,"campfire_choices":[{"data":"AT_MachinaRedman","floor":7.0,"key":"SMITH"},{"floor":12,"key":"REST"},{"floor":15,"key":"REST"}],"circlet_count":0,"master_deck":["AscendersBane","Strike_B+1","Strike_B+1","Strike_B+1","Defend_B","Defend_B","Defend_B","Defend_B","Zap","Dualcast","AT_MachinaRedman+1","Electrodynamics","Defragment","Sweeping Beam+1","AT_ThreeBodyProblem","Coolheaded","REME_SelfUpgrade","Reinforced Body","Echo Form","Ball Lightning","Coolheaded"],"relics":["Cracked Core","AT_ATBox","REME_ComplimentaryCards","Peace Pipe","Prayer Wheel","Calipers","aspiration:FutureDiary","Red Mask"],"acts_visited":["Exordium","TheCity"],"potions_floor_usage":[13,19],"damage_taken":[{"damage":1.0,"enemies":"Small Slimes","floor":1.0,"turns":2.0},{"damage":7.0,"enemies":"Jaw Worm","floor":2.0,"turns":3.0},{"damage":0.0,"enemies":"2 Louse","floor":4.0,"turns":1.0},{"damage":20.0,"enemies":"3 Sentries","floor":6.0,"turns":3.0},{"damage":3.0,"enemies":"Exordium Wildlife","floor":8.0,"turns":2.0},{"damage":12,"enemies":"Exordium Thugs","floor":11,"turns":4},{"damage":10,"enemies":"Gremlin Nob","floor":13,"turns":3},{"damage":10,"enemies":"Blue Slaver","floor":14,"turns":3},{"damage":39,"enemies":"Hexaghost","floor":16,"turns":12},{"damage":23,"enemies":"2 Thieves","floor":18,"turns":3},{"damage":21,"enemies":"Masked Bandits","floor":19,"turns":4}],"seed_played":"6844343923259738906","potions_obtained":[{"floor":2.0,"key":"PowerPotion"},{"floor":6.0,"key":"SpeedPotion"},{"floor":14,"key":"SpeedPotion"},{"floor":16,"key":"Dexterity Potion"},{"floor":19,"key":"AttackPotion"}],"is_trial":false,"path_per_floor":["M","M","?","M","?","E","R","M","T","?","M","R","E","M","R","B",null,"M","?"],"character_chosen":"DEFECT","items_purchased":[],"campfire_rested":2,"item_purchase_floors":[],"current_hp_per_floor":[63,56,61,61,54,34,34,31,31,31,19,41,31,21,43,4,58,35,14,14],"gold":304,"neow_bonus":"ONE_RARE_RELIC","is_daily":false,"chose_seed":false,"campfire_upgraded":1,"win_rate":0.0,"timestamp":1612180706,"path_taken":["M","M","?","M","?","E","R","M","T","?","M","R","E","M","R","BOSS","M","?"],"items_purchased_type":[],"build_version":"2020-12-18","purchased_purges":0,"victory":false,"max_hp_per_floor":[71,71,76,76,76,76,76,76,76,76,76,76,76,76,76,76,76,76,76,76],"card_choices":[{"not_picked":["Steam","Redo"],"picked":"Defragment","floor":1.0},{"not_picked":["Steam","Doom and Gloom"],"picked":"Sweeping Beam","floor":2.0},{"not_picked":["Hello World","Glacier"],"picked":"AT_ThreeBodyProblem","floor":4.0},{"not_picked":["Beam Cell","Barrage","Machine Learning"],"picked":"SKIP","floor":6.0},{"not_picked":["Hologram","Steam"],"picked":"Coolheaded","floor":8.0},{"not_picked":["REME_SelfUpgrade","Cold Snap","Ball Lightning"],"picked":"SKIP","floor":8.0},{"not_picked":["AT_HeatAcrobatics","Coolheaded","Rebound"],"picked":"SKIP","floor":11},{"not_picked":["Coolheaded","Capacitor","Heatsinks"],"picked":"SKIP","floor":11},{"not_picked":["Cold Snap","Stack"],"picked":"REME_SelfUpgrade","floor":13},{"not_picked":["Rebound","AT_ThreeBodyProblem"],"picked":"Reinforced Body","floor":14},{"not_picked":["AT_ThunderBolt","Sweeping Beam","aspiration:Polymerization"],"picked":"SKIP","floor":14},{"not_picked":["Thunder Strike","Reboot","Machine Learning"],"picked":"Echo Form","floor":16},{"not_picked":["Static Discharge","Conserve Battery+1"],"picked":"Ball Lightning","floor":18},{"not_picked":["Hello World","Streamline","Go for the Eyes"],"picked":"SKIP","floor":18},{"not_picked":["Barrage","Hello World"],"picked":"Coolheaded","floor":19}],"player_experience":678914,"relics_obtained":[{"floor":6.0,"key":"Prayer Wheel"},{"floor":9.0,"key":"AT_MibuBalloonWealth"},{"floor":13,"key":"Calipers"},{"floor":19,"key":"Red Mask"}],"event_choices":[{"damage_healed":0.0,"max_hp_gain":5.0,"max_hp_loss":0.0,"gold_gain":0.0,"event_name":"Big Fish","player_choice":"Donut","floor":3.0,"gold_loss":0.0,"damage_taken":0.0},{"cards_removed":["Strike_B"],"damage_healed":0.0,"max_hp_gain":0.0,"max_hp_loss":0.0,"gold_gain":0.0,"event_name":"Golden Wing","player_choice":"Card Removal","floor":5.0,"gold_loss":0.0,"damage_taken":7.0},{"damage_healed":0,"gold_gain":0,"player_choice":"Fought Bandits","damage_taken":0,"max_hp_gain":0,"max_hp_loss":0,"event_name":"Masked Bandits","floor":19,"gold_loss":0}],"is_beta":true,"boss_relics":[{"not_picked":["SacredBark","aspiration:BursterCore"],"picked":"aspiration:FutureDiary"}],"items_purged_floors":[],"is_endless":false,"potions_floor_spawned":[2,6,14,16,19],"killed_by":"Masked Bandits","ascension_level":14}}