{"host":"laht7omblfcukqgz","time":1612190143,"event":{"mods":["Act Like it!","Astrologer","BaseMod","Beaked The Cultist","Card Forge","Colored Map","Colored Powertips","Gensokyo","GifTheSpireLib","HololiveMod","KinomotoSakuraMod(ñÿîVñ{?)","MarisaÅiñ∂âJÅ@ñÇóùçπÅj","Minty Spire (QoL Compilation)","Prisma Mod","RemiliaÅiÂQïƒ‰ª?Åj","StSLib","The Cursed"],"gold_per_floor":[82,82,97,97,117,146,146,146,146,146,146,188,222,270,270,390,390,304,304],"floor_reached":18,"language":"JPN","playtime":1113,"items_purged":[],"score":305,"play_id":"fdf27ed5-83da-4e86-acff-229f04618c80","local_time":"20210201233543","is_ascension_mode":false,"campfire_choices":[{"data":"Hololive_CallHimemoriLuna","floor":7,"key":"SMITH"},{"data":"Hololive_CallYuzukiChoco","floor":11,"key":"SMITH"},{"data":"Hololive_CallHoushouMarine","floor":15,"key":"SMITH"}],"circlet_count":0,"master_deck":["Hololive_Strike","Hololive_Defend","Hololive_Defend","Hololive_CallHoushouMarine+1","Hololive_CallRosalyn","Hololive_CallYozoraMel","Hololive_CallYuzukiChoco+1","Hololive_CallHimemoriLuna+1","Hololive_CallShirakamiFubuki","Hololive_Breathe","Clumsy","Hololive_FlyingPonyTail","Hololive_CallMinatoAqua+1","Hololive_Breathe","Hololive_CallYukihanaLamy+1","Hololive_Thief","Hololive_CallDoris+1","Hololive_CocoNews","Hololive_DurableLive"],"relics":["Hololive_TheStar","Hammer of Thor","Seething Fire","Anvil of the Gods","Happy Flower","Gensokyo:NagashiBinaDoll","Frozen Egg 2","Incense Burner","Question Card","Blood Vial","Pocketwatch","Hololive_TopUpMoneyS"],"acts_visited":["Gensokyo:Gensokyo","Gensokyo:Gensokyoer"],"potions_floor_usage":[],"damage_taken":[{"damage":0,"enemies":"Gensokyo:3_Fairies","floor":1,"turns":4},{"damage":0,"enemies":"Gensokyo:Gryphon","floor":3,"turns":3},{"damage":0,"enemies":"Gensokyo:Python","floor":5,"turns":3},{"damage":0,"enemies":"Gensokyo:Cirno","floor":6,"turns":6},{"damage":0,"enemies":"Gensokyo:Mamizou","floor":12,"turns":4},{"damage":0,"enemies":"Gensokyo:VengefulSpirit","floor":13,"turns":3},{"damage":0,"enemies":"Gensokyo:Cirno","floor":14,"turns":6},{"damage":0,"enemies":"Gensokyo:Reimu","floor":16,"turns":7},{"damage":0,"enemies":"Gensokyo:2_Gloops","floor":18,"turns":3}],"seed_played":"3990812024021224064","potions_obtained":[{"floor":1,"key":"EssenceOfSteel"},{"floor":3,"key":"Fire Potion"},{"floor":12,"key":"AttackPotion"}],"is_trial":false,"path_per_floor":["M","?","M","?","M","E","R","?","T","T","R","E","M","E","R","B",null,"M"],"character_chosen":"Hololive_HololiveCharacter","items_purchased":[],"campfire_rested":0,"item_purchase_floors":[],"current_hp_per_floor":[35,35,35,35,35,35,35,35,35,35,35,35,35,35,35,35,35,35,35],"gold":304,"neow_bonus":"REMOVE_CARD","is_daily":false,"chose_seed":false,"campfire_upgraded":3,"win_rate":0.0,"timestamp":1612190143,"path_taken":["M","?","M","?","?","E","R","?","T","?","R","E","?","E","R","BOSS","M"],"items_purchased_type":[],"build_version":"2020-12-22","purchased_purges":0,"victory":false,"max_hp_per_floor":[35,35,35,35,35,35,35,35,35,35,35,35,35,35,35,35,35,35,35],"card_choices":[{"not_picked":["Hololive_Breathe","Hololive_CallTokinoSora","Hololive_Rebound"],"picked":"Hololive_CallShirakamiFubuki","floor":1},{"not_picked":["Hololive_Rebound","Hololive_LuckPotion","Hololive_Sequa"],"picked":"Hololive_Breathe","floor":3},{"not_picked":["Hololive_CallRosalyn","Hololive_LuckPotion","Hololive_Psychosis"],"picked":"Hololive_FlyingPonyTail","floor":5},{"not_picked":["Hololive_Drill","Hololive_Nanodesu","Hololive_Teleport"],"picked":"Hololive_CallMinatoAqua+1","floor":6},{"not_picked":["Hololive_CallRoboco+1","Hololive_LuckPotion","Hololive_OvertimeWork"],"picked":"Hololive_Breathe","floor":8},{"not_picked":["Hololive_Drill","Hololive_CallOkamiMio+1","Hololive_CallRosalyn+1"],"picked":"Hololive_CallYukihanaLamy+1","floor":8},{"not_picked":["Hololive_CallNakiriAyame+1","Hololive_CocoNews","Hololive_Drill","Hololive_FlyingPonyTail"],"picked":"Hololive_Thief","floor":12},{"not_picked":["Hololive_DevilCharm","Hololive_Trident","Hololive_Psychosis","Hololive_Breathe"],"picked":"Hololive_CallDoris+1","floor":13},{"not_picked":["Hololive_WolfAndLamb","Hololive_Rebound","Hololive_CallMinatoAqua+1","Hololive_Sequa"],"picked":"Hololive_CocoNews","floor":14},{"not_picked":["Hololive_OpenUp","Hololive_Recruit","Hololive_WolfAndLamb","Hololive_Nanodesu"],"picked":"Hololive_DurableLive","floor":16}],"player_experience":130858,"relics_obtained":[{"floor":6,"key":"Frozen Egg 2"},{"floor":9,"key":"Incense Burner"},{"floor":10,"key":"Question Card"},{"floor":12,"key":"Blood Vial"},{"floor":14,"key":"Pocketwatch"}],"event_choices":[],"is_beta":false,"boss_relics":[{"not_picked":["Empty Cage","Sozu"],"picked":"Hololive_TopUpMoneyS"}],"items_purged_floors":[],"is_endless":false,"potions_floor_spawned":[1,3,12,16,18],"killed_by":"Gensokyo:2_Gloops","ascension_level":0}}