{"host":"jfbo3eu2ui08ej1u","time":1612186036,"event":{"mods":["2.2 Compatiblity","AchievementEnabler","Act Like it!","Aspiration","BaseMod","Better Altar","Better Match","Better Note","Better Sensory Stone","Better Skull","Better Third Choice","Block Reminder","Colored Map","Colored Powertips","Conspire","DeckTracker","Displayed Cursed Tome","Energized Spire","Fox Events","GifTheSpireLib","Hubris","Infinite Spire","Marked Mod","Minty Spire (QoL Compilation)","Pale of the Ancients","Poor People Problems","Quick Restart","Relic Filter","Reliquary","Reorder Act Four","Replay The Spire","Shop Mod","Spicy Shops","Spire Arcade","StSLib","Stuff the Spire","The Blue Laboratory","The Disciple","The Forsaken","The Hierophant","The Marked","Uncapped","Unceasing Turn Reminder","Wandering Minibosses"],"gold_per_floor":[118,212,227,238,10,36,36,65,113,113,123,45,65,8,8,8,8],"floor_reached":16,"language":"ENG","playtime":479,"items_purged":[],"score":220,"play_id":"38f4f0ab-92cc-42e8-b2a7-caa2307d1e52","local_time":"20210201082716","is_ascension_mode":true,"campfire_choices":[{"floor":7.0,"key":"REST"},{"data":"StuffTheSpire:Synthwave","floor":10.0,"key":"SMITH"},{"floor":15,"key":"REST"}],"circlet_count":0,"master_deck":["AscendersBane","Strike_B","Strike_B","Strike_B","Defend_B","Defend_B","Defend_B","Defend_B","Zap","Dualcast+1","Chaos","Beam Cell","Tempest","StuffTheSpire:Synthwave+1","StuffTheSpire:Synthwave","Coolheaded","Panic Button","Coolheaded"],"relics":["Cracked Core","Akabeko","reliquary:LoveEmittingDiode","Art of War","aspiration:HiddenCompartment"],"acts_visited":["Exordium"],"potions_floor_usage":[13,16],"damage_taken":[{"damage":2.0,"enemies":"Jaw Worm","floor":1.0,"turns":3.0},{"damage":1.0,"enemies":"Cultist","floor":3.0,"turns":3.0},{"damage":0.0,"enemies":"Small Slimes","floor":4.0,"turns":2.0},{"damage":17.0,"enemies":"Replay:BlueRogue","floor":6.0,"turns":6.0},{"damage":13.0,"enemies":"Lagavulin","floor":8.0,"turns":4.0},{"damage":5.0,"enemies":"2 Fungi Beasts","floor":11.0,"turns":3.0},{"damage":11,"enemies":"Gremlin Gang","floor":13,"turns":5},{"damage":46,"enemies":"Fading Forest","floor":16,"turns":8}],"seed_played":"1909995006611537492","potions_obtained":[{"floor":1.0,"key":"SneckoOil"},{"floor":3.0,"key":"Energy Potion"},{"floor":8.0,"key":"blueLaboratory:HummingbirdPotion"}],"is_trial":false,"path_per_floor":["M","?","M","M","$","E","R","E","T","R","M","$","M","$","R","B"],"character_chosen":"DEFECT","items_purchased":["StuffTheSpire:Synthwave","Coolheaded","aspiration:HiddenCompartment","Energy Potion"],"campfire_rested":2,"item_purchase_floors":[5,5,12,14],"current_hp_per_floor":[62,42,41,41,41,24,45,32,32,32,27,27,16,16,37,0,0],"gold":8,"neow_bonus":"REMOVE_CARD","is_daily":false,"chose_seed":false,"campfire_upgraded":1,"win_rate":0.0,"timestamp":1612186036,"path_taken":["M","?","M","M","?","E","R","E","T","R","M","?","M","$","R","BOSS"],"items_purchased_type":["Card","Card","Relic","Potion"],"build_version":"2020-12-22","purchased_purges":0,"victory":false,"max_hp_per_floor":[71,71,71,71,71,71,71,71,71,71,71,71,71,71,71,71,71],"card_choices":[{"not_picked":["Sweeping Beam","Steam"],"picked":"Chaos","floor":1.0},{"not_picked":["ReplayTheSpireMod:Repulse","aspiration:Polymerization"],"picked":"Beam Cell","floor":3.0},{"not_picked":["Gash","Barrage"],"picked":"Tempest","floor":4.0},{"not_picked":["Heatsinks","Sweeping Beam","Leap"],"picked":"SKIP","floor":6.0},{"not_picked":["Blizzard","Hello World","Heatsinks"],"picked":"SKIP","floor":8.0},{"not_picked":["ReplayTheSpireMod:System Scan","Ball Lightning"],"picked":"Panic Button","floor":11.0},{"not_picked":["Stack","Streamline"],"picked":"Coolheaded","floor":13}],"player_experience":1269197,"relics_obtained":[{"floor":6.0,"key":"Akabeko"},{"floor":8.0,"key":"reliquary:LoveEmittingDiode"},{"floor":9.0,"key":"Art of War"}],"event_choices":[{"damage_healed":0.0,"max_hp_gain":0.0,"max_hp_loss":0.0,"gold_gain":94.0,"event_name":"betterSkull:BetterSkull","player_choice":"GO UP ","floor":2.0,"gold_loss":0.0,"damage_taken":23.0,"cards_upgraded":["Dualcast"],"relics_obtained":[]}],"is_beta":false,"boss_relics":[],"items_purged_floors":[],"is_endless":false,"potions_floor_spawned":[1,3,8],"killed_by":"Fading Forest","ascension_level":20}}