{"host":"80x1ozqd5wpd4nvo","time":1612190685,"event":{"mods":["2.2 Compatiblity","Aspiration","BaseMod","Better Altar","Better Match","Better Note","Better Sensory Stone","Better Skull","Better Third Choice","BetterRewards","CCEM2","Card Forge","Custom Start","DNKmod","Defuse TimeMaze Blight","Dota2Spire","Downfall","Energized Spire","Friendly Minions","GifTheSpireLib","Hubris","Infinite Spire","Minty Spire (QoL Compilation)","Permanent Neow","Poor People Problems","Shop Mod","Spicy Shops","StS++","StSLib","The Blue Laboratory","??????REMEMod"],"gold_per_floor":[1200,1218,1228,272,272,289,313,223,234,244,255,290,190,490,502,598,598,598,613,627,627,641,537,564,564,579,579,597,618,418,439,456,563,563,563,580,605,605,629,650,675,692,692,712,712,787,303,323,341,341,341,374,1,1,1,1],"floor_reached":57,"language":"ENG","playtime":3823,"items_purged":["bronze:Strike"],"score":1366,"play_id":"2205ecf8-9f7c-4d1d-9638-83858388ccb0","local_time":"20210201154445","is_ascension_mode":false,"campfire_choices":[{"data":"bronze:Replicate","floor":1,"key":"SMITH"},{"data":"bronze:GetLatest","floor":13,"key":"SMITH"},{"data":"bronze:Flail","floor":18,"key":"SMITH"},{"floor":27,"key":"RECALL"},{"data":"infinitespire:SevenWalls","floor":30,"key":"SMITH"},{"data":"bronze:Format","floor":35,"key":"SMITH"},{"data":"bronze:Deprecate","floor":43,"key":"SMITH"},{"data":"bronze:ItsAFeature","floor":45,"key":"SMITH"},{"data":"bronze:Boost","floor":54,"key":"SMITH"}],"circlet_count":0,"master_deck":["bronze:Strike","bronze:Strike","bronze:Strike","bronze:Defend","bronze:Defend","bronze:Defend","bronze:Defend","bronze:Replicate+1","bronze:Goto+1","bronze:Backtrace","bronze:Overheat","bronze:FineTuning","bronze:Flail+1","bronze:DelayedSlice","bronze:GetLatest+1","bronze:FineTuning","bronze:WildBeam","bronze:Optimize","bronze:BronzeOrb","bronze:Overload","bronze:Deprecate+1","bronze:Safeguard","bronze:Format+1","bronze:Repair","bronze:Verify+1","infinitespire:SevenWalls+1","bronze:ChildClass","Clumsy","bronze:ItsAFeature+1","bronze:Shell+1","hubris:Greed","bronze:Frontload","bronze:Invalidate+1","bronze:HardenedForm","bronze:Iterate+1","bronze:Overheat","bronze:CloningBeam+1","bronze:DarkDash+1","bronze:Repulsor","bronze:FineTuning+1","bronze:NullPointer+1","All For One","bronze:Boost+1"],"relics":["bronze:BronzeCore","Hammer of Thor","Seething Fire","Anvil of the Gods","REME_ComplimentaryCards","CCEMRelics:JestersCrown","Blue Candle","Blood Vial","CCEMRelics:LatexGloves","Dota2Spire:AssaultCuirass","downfall:HeartBlessingGreen","SacredBark","CCEMRelics:HeirloomTomato","bronze:CableSpool","Chemical X","downfall:HeartBlessingRed","downfall:HeartBlessingBlue","Philosopher\u0027s Stone","REME_HandOfSuture","StSpp:WoodenStick","CCEMRelics:SpiritsEdge","Dota2Spire:EtherealBlade","Membership Card","CCEMRelics:OrganicArmor","Art of War"],"acts_visited":["Exordium","TheCity","TheBeyond","TheEnding"],"potions_floor_usage":[12,16,22,23,29,33,33,40,42,49,50,50],"damage_taken":[{"damage":0,"enemies":"Cultist","floor":2,"turns":3},{"damage":0,"enemies":"2 Louse","floor":3,"turns":2},{"damage":0,"enemies":"downfall:FleeingMerchant","floor":4,"turns":4},{"damage":6,"enemies":"Jaw Worm","floor":6,"turns":2},{"damage":5,"enemies":"downfall:FleeingMerchant","floor":8,"turns":4},{"damage":0,"enemies":"Lots of Slimes","floor":9,"turns":1},{"damage":6,"enemies":"Blue Slaver","floor":10,"turns":2},{"damage":0,"enemies":"Exordium Thugs","floor":11,"turns":1},{"damage":0,"enemies":"Lagavulin","floor":12,"turns":4},{"damage":0,"enemies":"3 Louse","floor":15,"turns":2},{"damage":1,"enemies":"SI_SHIV_ARCHETYPE","floor":16,"turns":6},{"damage":0,"enemies":"Spheric Guardian","floor":19,"turns":1},{"damage":0,"enemies":"Shelled Parasite and Fungi","floor":20,"turns":2},{"damage":9,"enemies":"Snake Plant","floor":22,"turns":4},{"damage":0,"enemies":"downfall:FleeingMerchant","floor":23,"turns":1},{"damage":1,"enemies":"Centurion and Healer","floor":26,"turns":4},{"damage":0,"enemies":"Cultist and Chosen","floor":28,"turns":5},{"damage":1,"enemies":"Snecko","floor":29,"turns":5},{"damage":1,"enemies":"Snake Plant","floor":31,"turns":4},{"damage":1,"enemies":"Centurion and Healer","floor":32,"turns":4},{"damage":1,"enemies":"DF_ARCHETYPE_CLAW","floor":33,"turns":7},{"damage":1,"enemies":"3 Darklings","floor":36,"turns":4},{"damage":0,"enemies":"3 Shapes","floor":37,"turns":5},{"damage":0,"enemies":"Sphere and 2 Shapes","floor":39,"turns":3},{"damage":16,"enemies":"3 Darklings","floor":40,"turns":5},{"damage":4,"enemies":"Jaw Worm Horde","floor":42,"turns":5},{"damage":0,"enemies":"Writhing Mass","floor":44,"turns":4},{"damage":1,"enemies":"Spire Growth","floor":48,"turns":4},{"damage":18,"enemies":"Jaw Worm Horde","floor":49,"turns":2},{"damage":0,"enemies":"IC_BLOCK_ARCHETYPE","floor":50,"turns":8},{"damage":5,"enemies":"downfall:CharBossMerchant","floor":52,"turns":9},{"damage":35,"enemies":"downfall:NeowBoss","floor":55,"turns":17},{"damage":45,"enemies":"downfall:NeowBossFinal","floor":56,"turns":11}],"seed_played":"3042718311289424313","potions_obtained":[{"floor":6,"key":"Explosive Potion"},{"floor":11,"key":"infinitespire:BlackPotion"},{"floor":15,"key":"bronze:BurnAndBuffPotion"},{"floor":16,"key":"hexamod:SoulburnPotion"},{"floor":19,"key":"blueLaboratory:RecallPotion"},{"floor":26,"key":"bronze:BurnAndBuffPotion"},{"floor":29,"key":"REME_GoldPotion"},{"floor":31,"key":"Dota2Spire:HealingSalve"},{"floor":32,"key":"Fire Potion"},{"floor":39,"key":"Energy Potion"},{"floor":40,"key":"Slimebound:ThreeZeroPotion"},{"floor":44,"key":"SkillPotion"},{"floor":46,"key":"downfall:CursedFountainPotion"},{"floor":52,"key":"sneckomod:MuddlingPotion"}],"is_trial":false,"path_per_floor":["R","M","M","$","?","M","T","$","M","M","M","E","R","?","M","B",null,"R","M","M","AVR","M","$","T","?","M","R","M","M","R","M","M","B",null,"R","M","M","?","M","M","T","M","R","M","R","?","$","M","M","B",null,"E","$","R","B","B",null],"character_chosen":"THE_AUTOMATON","items_purchased":["CCEMRelics:JestersCrown","Blue Candle","Blood Vial","bronze:Flail","bronze:DelayedSlice","bronze:GetLatest","bronze:BronzeOrb","bronze:CableSpool","Chemical X","bronze:ItsAFeature","bronze:Shell","StSpp:WoodenStick","bronze:Repulsor","CCEMRelics:SpiritsEdge","Membership Card","bronze:Boost","CCEMRelics:OrganicArmor","Art of War"],"campfire_rested":0,"item_purchase_floors":[4,4,4,4,4,4,8,23,23,23,23,47,47,47,53,53,53,53],"current_hp_per_floor":[100,100,100,100,100,94,94,91,93,89,91,93,93,93,95,100,100,100,100,100,105,105,105,105,105,105,105,105,105,115,115,115,115,115,115,115,115,115,115,115,115,113,113,115,115,115,115,115,99,110,115,112,112,112,91,58],"gold":1,"neow_bonus":"UPGRADE_CARD","is_daily":false,"chose_seed":false,"campfire_upgraded":8,"win_rate":0.0,"timestamp":1612190685,"path_taken":["R","M","M","?","?","?","T","$","M","M","M","E","R","?","M","BOSS","R","M","M","AVR","M","$","T","?","M","R","M","M","R","M","M","BOSS","R","M","M","?","M","M","T","?","R","?","R","?","$","M","M","BOSS","E","$","R","BOSS","BOSS"],"items_purchased_type":["Relic","Relic","Relic","Card","Card","Card","Card","Relic","Relic","Card","Card","Relic","Card","Relic","Relic","Card","Relic","Relic"],"build_version":"2020-12-22","purchased_purges":1,"victory":true,"max_hp_per_floor":[100,100,100,100,100,100,100,100,100,100,100,100,100,100,100,100,100,100,100,100,105,105,105,105,105,105,105,105,105,115,115,115,115,115,115,115,115,115,115,115,115,115,115,115,115,115,115,115,115,115,115,115,115,115,115,115],"card_choices":[{"not_picked":["bronze:Optimize","bronze:Shield"],"picked":"bronze:Backtrace","floor":2},{"not_picked":["bronze:Return","bronze:Turbo"],"picked":"bronze:Overheat","floor":3},{"not_picked":["bronze:BugBarrage","bronze:Invalidate"],"picked":"bronze:FineTuning","floor":4},{"not_picked":["bronze:FineTuning","bronze:DelayedGuard"],"picked":"bronze:WildBeam","floor":6},{"not_picked":["bronze:Shield","bronze:Allocate"],"picked":"bronze:Optimize","floor":8},{"not_picked":["bronze:ChildClass","bronze:WildBeam"],"picked":"bronze:Overload","floor":9},{"not_picked":["bronze:OilSpill","bronze:CloningBeam"],"picked":"bronze:Deprecate","floor":10},{"not_picked":["bronze:Deprecate","bronze:ItsAFeature"],"picked":"bronze:Safeguard","floor":11},{"not_picked":["bronze:ChildClass","bronze:Repulsor"],"picked":"bronze:Format","floor":12},{"not_picked":["bronze:Boost","bronze:DelayedSlice"],"picked":"bronze:Repair","floor":15},{"not_picked":["bronze:AlphaBuild","bronze:ThunderWave"],"picked":"bronze:Verify","floor":16},{"not_picked":["bronze:CutThrough","bronze:Repair","bronze:Return+1"],"picked":"SKIP","floor":19},{"not_picked":["bronze:Allocate","bronze:OilSpill","bronze:ClassDefault"],"picked":"SKIP","floor":20},{"not_picked":["bronze:Safeguard","bronze:MaxOutput","bronze:NullPointer"],"picked":"SKIP","floor":22},{"not_picked":["bronze:MaxOutput","bronze:BronzeArmor"],"picked":"bronze:ChildClass","floor":23},{"not_picked":["bronze:Shell","bronze:DelayedSlice+1","bronze:BuggyMess"],"picked":"SKIP","floor":26},{"not_picked":["bronze:WildBeam+1","bronze:Overload","bronze:Deprecate"],"picked":"SKIP","floor":28},{"not_picked":["bronze:Overload","bronze:DigitalCarnage"],"picked":"bronze:Frontload","floor":29},{"not_picked":["bronze:Flail+1","bronze:Turbo"],"picked":"bronze:Invalidate+1","floor":31},{"not_picked":["bronze:BitShift","bronze:Overload","bronze:Backtrace"],"picked":"SKIP","floor":32},{"not_picked":["bronze:Virus","bronze:SpaghettiCode"],"picked":"bronze:HardenedForm","floor":33},{"not_picked":["bronze:BuggyMess","bronze:ItsAFeature+1","bronze:Shield"],"picked":"SKIP","floor":36},{"not_picked":["bronze:BitShift","bronze:WildBeam+1"],"picked":"bronze:Iterate+1","floor":37},{"not_picked":["bronze:WildBeam+1","bronze:ChildClass+1","bronze:Flail"],"picked":"SKIP","floor":39},{"not_picked":["bronze:Iterate+1","bronze:ForceShield"],"picked":"bronze:Overheat","floor":40},{"not_picked":["bronze:Optimize","bronze:OilSpill+1"],"picked":"bronze:CloningBeam+1","floor":42},{"not_picked":["bronze:ForLoop+1","bronze:Allocate+1"],"picked":"bronze:DarkDash+1","floor":44},{"not_picked":["bronze:Allocate","bronze:ChildClass+1"],"picked":"bronze:FineTuning+1","floor":48},{"not_picked":["bronze:WildBeam","bronze:Shield"],"picked":"bronze:NullPointer+1","floor":49},{"not_picked":["bronze:BugBarrage+1","bronze:Backtrace+1","bronze:Deprecate"],"picked":"SKIP","floor":52}],"player_experience":340566,"relics_obtained":[{"floor":7,"key":"CCEMRelics:LatexGloves"},{"floor":12,"key":"Dota2Spire:AssaultCuirass"},{"floor":41,"key":"REME_HandOfSuture"},{"floor":52,"key":"Dota2Spire:EtherealBlade"}],"event_choices":[],"is_beta":false,"boss_relics":[{"not_picked":["aspiration:SecretTechniqueScroll","infinitespire:Cupcake"],"picked":"SacredBark"},{"not_picked":["energizedSpire:OgreHead","Pandora\u0027s Box"],"picked":"Philosopher\u0027s Stone"}],"items_purged_floors":[4],"is_endless":false,"potions_floor_spawned":[6,11,15,16,19,26,29,31,32,39,40,44,48,52],"ascension_level":0}}