{"host":"Troy","time":1612144242,"event":{"mods":["BaseMod","Colored Map","Highlight Path","Minty Spire (QoL Compilation)","Permanent Neow"],"gold_per_floor":[113,113,113,127,29,62,77,77,77,90,125,125,160,172,172,270,270,282,308,308,308,308,308,342,36,36,36,64,64,74,86,86,186,186,209,269,32,52,52,52,52,52,52,52,81,94,109,121,121,121,121,121,121,153,153],"floor_reached":56,"language":"ENG","playtime":6405,"items_purged":["Pain","Strike_P"],"score":1329,"play_id":"7d6367be-4c3b-415b-91b2-ea541f40e3ee","local_time":"20210131205042","is_ascension_mode":true,"campfire_choices":[{"data":"ClearTheMind","floor":8.0,"key":"SMITH"},{"data":"Meditate","floor":12.0,"key":"SMITH"},{"data":"DeceiveReality","floor":15.0,"key":"SMITH"},{"data":"LessonLearned","floor":23.0,"key":"SMITH"},{"data":"Scrawl","floor":27.0,"key":"SMITH"},{"floor":32.0,"key":"REST"},{"floor":40.0,"key":"REST"},{"floor":42.0,"key":"RECALL"},{"data":"Adaptation","floor":44.0,"key":"SMITH"},{"floor":49.0,"key":"REST"},{"data":"Madness","floor":52.0,"key":"SMITH"}],"circlet_count":0,"master_deck":["Strike_P+1","Strike_P+1","Strike_P+1","Defend_P+1","Defend_P+1","Eruption+1","Vigilance+1","Tantrum+1","CarveReality+1","ClearTheMind+1","Vengeance+1","BattleHymn+1","Meditate+1","DevaForm+1","DeceiveReality+1","LessonLearned+1","EmptyMind+1","Scrawl+1","Perseverance+1","LessonLearned+1","Adaptation+1","ReachHeaven+1","Collect+1","MentalFortress+1","DeusExMachina+1","CurseOfTheBell","Crescendo","Indignation+1","Madness+1","Madness"],"relics":["PureWater","Strawberry","WarpedTongs","Calipers","Meat on the Bone","Letter Opener","SacredBark","Red Mask","Molten Egg 2","Toy Ornithopter","DollysMirror","Incense Burner","Blood Vial","Nloth\u0027s Gift","Calling Bell","MawBank","Mercury Hourglass","CloakClasp","Thread and Needle","Dream Catcher","InkBottle"],"acts_visited":["Exordium","TheCity","TheBeyond","TheEnding"],"potions_floor_usage":[55,55],"damage_taken":[{"damage":0.0,"enemies":"2 Louse","floor":1.0,"turns":2.0},{"damage":2.0,"enemies":"Cultist","floor":4.0,"turns":2.0},{"damage":2.0,"enemies":"3 Sentries","floor":6.0,"turns":4.0},{"damage":0.0,"enemies":"Jaw Worm","floor":7.0,"turns":3.0},{"damage":2.0,"enemies":"2 Fungi Beasts","floor":10.0,"turns":2.0},{"damage":0.0,"enemies":"Gremlin Nob","floor":11.0,"turns":2.0},{"damage":0.0,"enemies":"Lagavulin","floor":13.0,"turns":4.0},{"damage":6.0,"enemies":"Looter","floor":14.0,"turns":2.0},{"damage":5.0,"enemies":"Hexaghost","floor":16.0,"turns":6.0},{"damage":3.0,"enemies":"3 Byrds","floor":18.0,"turns":6.0},{"damage":0.0,"enemies":"Masked Bandits","floor":19.0,"turns":2.0},{"damage":12.0,"enemies":"Gremlin Leader","floor":24.0,"turns":3.0},{"damage":12.0,"enemies":"Book of Stabbing","floor":28.0,"turns":5.0},{"damage":0.0,"enemies":"Spheric Guardian","floor":30.0,"turns":2.0},{"damage":8.0,"enemies":"Chosen and Byrds","floor":31.0,"turns":4.0},{"damage":4.0,"enemies":"Champ","floor":33.0,"turns":7.0},{"damage":0.0,"enemies":"Orb Walker","floor":35.0,"turns":3.0},{"damage":21.0,"enemies":"2 Orb Walkers","floor":36.0,"turns":7.0},{"damage":0.0,"enemies":"3 Darklings","floor":38.0,"turns":4.0},{"damage":0.0,"enemies":"Giant Head","floor":45.0,"turns":6.0},{"damage":24.0,"enemies":"Sphere and 2 Shapes","floor":46.0,"turns":3.0},{"damage":13.0,"enemies":"Transient","floor":47.0,"turns":5.0},{"damage":13.0,"enemies":"4 Shapes","floor":48.0,"turns":4.0},{"damage":54.0,"enemies":"Time Eater","floor":50.0,"turns":6.0},{"damage":22.0,"enemies":"Shield and Spear","floor":54.0,"turns":6.0},{"damage":61,"enemies":"The Heart","floor":55,"turns":11}],"seed_played":"-1246060556923645281","potions_obtained":[{"floor":4.0,"key":"SteroidPotion"},{"floor":10.0,"key":"GamblersBrew"},{"floor":11.0,"key":"EntropicBrew"},{"floor":16.0,"key":"BlessingOfTheForge"},{"floor":18.0,"key":"Explosive Potion"},{"floor":19.0,"key":"BlessingOfTheForge"},{"floor":30.0,"key":"DuplicationPotion"},{"floor":31.0,"key":"Energy Potion"},{"floor":33.0,"key":"LiquidMemories"},{"floor":38.0,"key":"LiquidBronze"},{"floor":46.0,"key":"SpeedPotion"}],"is_trial":false,"path_per_floor":["M","?","?","M","$","E","M","R","T","M","E","R","E","M","R","B",null,"M","?","?","?","T","R","E","$","T","R","E","?","M","M","R","B",null,"M","?","$","M","?","R","$","R","T","R","E","M","M","M","R","B",null,"R","$","E","B",null],"character_chosen":"WATCHER","items_purchased":["ClearTheMind","DollysMirror","Adaptation","DistilledChaos","FairyPotion","Swift Potion"],"campfire_rested":3,"item_purchase_floors":[5,25,25,25,37,37],"current_hp_per_floor":[79,63,63,61,61,59,59,59,59,57,57,57,57,51,51,46,79,76,76,76,76,76,76,64,64,64,64,57,57,59,58,79,77,79,79,58,58,65,55,78,78,78,78,78,79,55,44,45,68,28,79,79,79,57,20],"gold":153,"neow_bonus":"RANDOM_COMMON_RELIC","is_daily":false,"chose_seed":false,"campfire_upgraded":7,"win_rate":0.0,"timestamp":1612144242,"path_taken":["M","?","?","?","?","E","M","R","T","M","E","R","E","M","R","BOSS","M","?","?","?","?","R","E","?","T","R","E","?","?","M","R","BOSS","M","?","$","M","?","R","?","R","T","R","E","M","M","M","R","BOSS","R","$","E","BOSS"],"items_purchased_type":["Card","Relic","Card","Potion","Potion","Potion"],"build_version":"2020-12-18","purchased_purges":2,"victory":true,"max_hp_per_floor":[79,79,79,79,79,79,79,79,79,79,79,79,79,79,79,79,79,79,79,79,79,79,79,79,79,79,79,79,79,79,79,79,79,79,79,79,79,79,79,79,79,79,79,79,79,79,79,79,79,79,79,79,79,79,79],"card_choices":[{"not_picked":["ClearTheMind","SandsOfTime"],"picked":"Tantrum","floor":1.0},{"not_picked":["Protect","Prostrate"],"picked":"CarveReality","floor":4.0},{"not_picked":["Prostrate","EmptyBody"],"picked":"Vengeance","floor":6.0},{"not_picked":["BowlingBash","SashWhip"],"picked":"BattleHymn","floor":7.0},{"not_picked":["Tantrum","BattleHymn"],"picked":"Meditate","floor":10.0},{"not_picked":["EmptyBody","Wireheading","Devotion"],"picked":"SKIP","floor":11.0},{"not_picked":["Crescendo","FlurryOfBlows"],"picked":"DevaForm","floor":13.0},{"not_picked":["Wireheading","Swivel"],"picked":"DeceiveReality","floor":14.0},{"not_picked":["Omniscience","Judgement"],"picked":"LessonLearned","floor":16.0},{"not_picked":["SignatureMove","EmptyFist"],"picked":"EmptyMind","floor":18.0},{"not_picked":["DeceiveReality+1","Pray","TalkToTheHand+1"],"picked":"SKIP","floor":24.0},{"not_picked":["EmptyMind","ThirdEye"],"picked":"ReachHeaven+1","floor":28.0},{"not_picked":["EmptyMind+1","CutThroughFate+1"],"picked":"Collect+1","floor":30.0},{"not_picked":["FlurryOfBlows+1","SashWhip+1"],"picked":"MentalFortress+1","floor":31.0},{"not_picked":["Brilliance+1","MasterReality"],"picked":"DeusExMachina","floor":33.0},{"not_picked":["Pray","PathToVictory","FlyingSleeves+1"],"picked":"SKIP","floor":35.0},{"not_picked":["ClearTheMind","DeusExMachina"],"picked":"Crescendo","floor":36.0},{"not_picked":["ClearTheMind+1","EmptyMind"],"picked":"Indignation","floor":38.0},{"not_picked":["Meditate+1","SandsOfTime+1","CutThroughFate+1"],"picked":"SKIP","floor":45.0},{"not_picked":["Prostrate","Nirvana","ForeignInfluence+1"],"picked":"SKIP","floor":46.0},{"not_picked":["EmptyBody","Prostrate+1","Meditate+1"],"picked":"SKIP","floor":47.0},{"not_picked":["PathToVictory+1","Crescendo","Wallop+1"],"picked":"SKIP","floor":48.0},{"not_picked":["Wish","Ragnarok+1","Alpha"],"picked":"SKIP","floor":54.0}],"player_experience":4125247,"relics_obtained":[{"floor":6.0,"key":"Calipers"},{"floor":9.0,"key":"Bottled Tornado"},{"floor":11.0,"key":"Meat on the Bone"},{"floor":13.0,"key":"Letter Opener"},{"floor":19.0,"key":"Red Mask"},{"floor":22.0,"key":"Molten Egg 2"},{"floor":24.0,"key":"Toy Ornithopter"},{"floor":26.0,"key":"Incense Burner"},{"floor":28.0,"key":"Blood Vial"},{"floor":34.0,"key":"MawBank"},{"floor":34.0,"key":"Mercury Hourglass"},{"floor":34.0,"key":"CloakClasp"},{"floor":36.0,"key":"Thread and Needle"},{"floor":45.0,"key":"Dream Catcher"},{"floor":54.0,"key":"InkBottle"}],"event_choices":[{"damage_healed":0.0,"max_hp_gain":0.0,"max_hp_loss":0.0,"gold_gain":0.0,"event_name":"Shining Light","player_choice":"Entered Light","floor":2.0,"gold_loss":0.0,"damage_taken":16.0,"cards_upgraded":["Eruption","Strike_P"]},{"damage_healed":0.0,"max_hp_gain":0.0,"max_hp_loss":0.0,"gold_gain":0.0,"event_name":"Accursed Blacksmith","player_choice":"Rummage","floor":3.0,"gold_loss":0.0,"damage_taken":0.0,"relics_obtained":["WarpedTongs"],"cards_obtained":["Pain"]},{"damage_healed":0.0,"max_hp_gain":0.0,"max_hp_loss":0.0,"gold_gain":0.0,"event_name":"Masked Bandits","player_choice":"Fought Bandits","floor":19.0,"gold_loss":0.0,"damage_taken":0.0},{"damage_healed":0.0,"max_hp_gain":0.0,"max_hp_loss":0.0,"gold_gain":0.0,"event_name":"Vampires","player_choice":"Ignored","floor":20.0,"gold_loss":0.0,"damage_taken":0.0},{"damage_healed":0.0,"max_hp_gain":0.0,"max_hp_loss":0.0,"gold_gain":0.0,"cards_transformed":["Defend_P","Defend_P"],"event_name":"Drug Dealer","player_choice":"Became Test Subject","floor":21.0,"gold_loss":0.0,"damage_taken":0.0,"cards_obtained":["Scrawl","Perseverance"]},{"damage_healed":0.0,"max_hp_gain":0.0,"max_hp_loss":0.0,"gold_gain":0.0,"event_name":"N\u0027loth","player_choice":"Traded Relic","floor":29.0,"relics_lost":["Bottled Tornado"],"gold_loss":0.0,"damage_taken":0.0,"relics_obtained":["Nloth\u0027s Gift"]},{"damage_healed":0.0,"max_hp_gain":0.0,"max_hp_loss":0.0,"gold_gain":0.0,"event_name":"Mysterious Sphere","player_choice":"Fight","floor":36.0,"gold_loss":0.0,"damage_taken":0.0},{"damage_healed":0.0,"max_hp_gain":0.0,"max_hp_loss":0.0,"gold_gain":0.0,"event_name":"Winding Halls","player_choice":"Embrace Madness","floor":39.0,"gold_loss":0.0,"damage_taken":10.0,"cards_obtained":["Madness","Madness"]}],"is_beta":true,"boss_relics":[{"not_picked":["Runic Pyramid","SlaversCollar"],"picked":"SacredBark"},{"not_picked":["Velvet Choker","Runic Dome"],"picked":"Calling Bell"}],"items_purged_floors":[5,37],"is_endless":false,"potions_floor_spawned":[4,10,11,16,18,19,30,31,33,38,46,47],"ascension_level":2}}