{"host":"b5jaqh8y266k2cz4","time":1612145520,"event":{"mods":["AchievementEnabler","Aspiration","BaseMod","Colored Powertips","Conspire","Downfall","Googly Eyes","Hermit","Highlight Path","Hubris","Infinite Spire","MarisaÅiñ∂âJÅ@ñÇóùçπÅj","Mimic Mod","Minty Spire (QoL Compilation)","Quick Restart","Replay The Spire","SOSÅiézîb?îVéqÅj","Spikes Relics","StSLib","Synergy Search","The Animator","The Cursed","The Jungle","The Necromancer","The Servant 0.9.4","The Wild Card","slay the spire mod where everything is the same but ironclad has a cowboy hat","Åyå˜î\ModÅz?ñæìIç≈?Boss"],"gold_per_floor":[119,137,149,324,378,378,389,422,422,457,26,26,26,36,36,131,131,150,150,163,173,186,31,48,48,48,58,58,58],"floor_reached":28,"language":"ENG","playtime":1190,"items_purged":[],"score":363,"play_id":"55821af7-9b54-4f5d-9d81-fb455fc5e6bc","local_time":"20210131211200","is_ascension_mode":true,"campfire_choices":[{"data":"theWildCard:Arsene","floor":6,"key":"SMITH"},{"data":"theWildCard:Attunement","floor":12,"key":"SMITH"},{"floor":15,"key":"DIG"}],"circlet_count":0,"master_deck":["theWildCard:BasicStrike","theWildCard:BasicStrike","theWildCard:BasicStrike","theWildCard:BasicStrike","theWildCard:BasicDefend","theWildCard:BasicDefend","theWildCard:BasicDefend","theWildCard:BasicDefend","theWildCard:CallToAdventure","theWildCard:Arsene+1","theWildCard:MaskChange","theWildCard:MagicalMight","theWildCard:SeveringSlash","Doubt","theWildCard:ArcaneArts","theWildCard:PowerOfTheArcana","theWildCard:MagicalMight","theWildCard:Attunement+1","theWildCard:TheArcanaUnleashed","theWildCard:SeveringSlash","theWildCard:PowerOfTheArcana+1","theWildCard:SeveringSlash","theWildCard:ArchaicAssault+1","theWildCard:SeveringSlash"],"relics":["theWildCard:VelvetContract","aspiration:Nostalgia","PureWater","Pen Nib","Question Card","Blood Vial","RollingBoulder","infinitespire:EmpoweringShard","MiniBlackHole","hubris:TenFootPole","Black Star","HandDrill","aspiration:Stabinomicon","Replay:WaspNest"],"acts_visited":["Exordium","TheCity"],"potions_floor_usage":[10,18,18],"damage_taken":[{"damage":7,"enemies":"Jaw Worm","floor":1,"turns":3},{"damage":0,"enemies":"Cultist","floor":2,"turns":4},{"damage":0,"enemies":"Small Slimes","floor":3,"turns":2},{"damage":0,"enemies":"2 Fungi Beasts","floor":7,"turns":3},{"damage":17,"enemies":"3 Sentries","floor":8,"turns":7},{"damage":15,"enemies":"Gremlin Nob","floor":10,"turns":5},{"damage":0,"enemies":"Blue Slaver","floor":14,"turns":3},{"damage":0,"enemies":"The Guardian","floor":16,"turns":8},{"damage":0,"enemies":"Spheric Guardian","floor":18,"turns":4},{"damage":0,"enemies":"2 Thieves","floor":20,"turns":4},{"damage":36,"enemies":"Chosen and Byrds","floor":21,"turns":6},{"damage":1,"enemies":"Cultist and Chosen","floor":22,"turns":7},{"damage":11,"enemies":"Shelled Parasite and Fungi","floor":24,"turns":4},{"damage":0,"enemies":"Snecko","floor":27,"turns":3},{"damage":18,"enemies":"Chosen and Byrds","floor":28,"turns":4}],"seed_played":"-3492097979253679692","potions_obtained":[{"floor":2,"key":"Block Potion"},{"floor":7,"key":"PowerPotion"},{"floor":10,"key":"Swift Potion"},{"floor":22,"key":"champ:CounterPotion"},{"floor":24,"key":"Explosive Potion"}],"is_trial":false,"path_per_floor":["M","M","M","?","T","R","M","E","T","E","$","R","$","M","R","B",null,"M","?","M","M","M","$","M","?","T","M","M"],"character_chosen":"THE_WILD_CARD","items_purchased":["theWildCard:Attunement","infinitespire:EmpoweringShard","MiniBlackHole","HandDrill"],"campfire_rested":0,"item_purchase_floors":[11,11,11,23],"current_hp_per_floor":[53,53,53,53,53,53,53,36,36,23,23,23,23,25,25,27,60,60,60,60,24,25,25,16,9,9,11,0,0],"gold":58,"neow_bonus":"NOSTALGIA","is_daily":false,"chose_seed":false,"campfire_upgraded":2,"win_rate":0.0,"timestamp":1612145520,"path_taken":["M","M","M","?","?","R","M","E","T","E","$","R","$","M","R","BOSS","M","?","M","M","M","?","M","?","T","M","M"],"items_purchased_type":["Card","Relic","Relic","Relic"],"build_version":"2020-12-22","purchased_purges":0,"victory":false,"max_hp_per_floor":[60,60,60,60,60,60,60,60,60,60,60,60,60,60,60,60,60,60,60,60,60,60,60,60,60,60,60,60,60],"card_choices":[{"not_picked":["theWildCard:Loki","theWildCard:Sakuya"],"picked":"theWildCard:MaskChange","floor":1},{"not_picked":["theWildCard:Providence","theWildCard:EnergyTheft"],"picked":"theWildCard:MagicalMight","floor":2},{"not_picked":["theWildCard:SacrificialStroke","theWildCard:ArcaneArts"],"picked":"theWildCard:SeveringSlash","floor":3},{"not_picked":["theWildCard:ArchaicAssault","theWildCard:Safeguard"],"picked":"theWildCard:ArcaneArts","floor":7},{"not_picked":["theWildCard:Polydeuces","theWildCard:Impatience"],"picked":"theWildCard:PowerOfTheArcana","floor":8},{"not_picked":["theWildCard:LadyLuck","theWildCard:MagicMettle","theWildCard:Providence"],"picked":"theWildCard:MagicalMight","floor":10},{"not_picked":["theWildCard:Scathach","theWildCard:Sakuya","theWildCard:MagicMettle"],"picked":"theWildCard:TheArcanaUnleashed","floor":14},{"not_picked":["theWildCard:StingingStrike","theWildCard:Impatience","theWildCard:PaleRider+1","theWildCard:SacrificialStroke"],"picked":"SKIP","floor":18},{"not_picked":["theWildCard:Satanael","theWildCard:MagicalMight","theWildCard:ArcanaArtistry"],"picked":"theWildCard:PowerOfTheArcana+1","floor":20},{"not_picked":["theWildCard:Abstinence","theWildCard:Loki","theWildCard:MaskChange+1"],"picked":"theWildCard:SeveringSlash","floor":21},{"not_picked":["theWildCard:ArcaneArts","theWildCard:StingingStrike+1","theWildCard:MasterPlan"],"picked":"theWildCard:ArchaicAssault+1","floor":22},{"not_picked":["theWildCard:Providence","theWildCard:Caesar","theWildCard:ArcaneArts"],"picked":"theWildCard:SeveringSlash","floor":24},{"not_picked":["theWildCard:ArcanaArtistry","theWildCard:Metatron","theWildCard:StingingStrike+1","theWildCard:EnergyTheft"],"picked":"SKIP","floor":27}],"player_experience":342076,"relics_obtained":[{"floor":5,"key":"Pen Nib"},{"floor":8,"key":"Question Card"},{"floor":9,"key":"Blood Vial"},{"floor":10,"key":"RollingBoulder"},{"floor":15,"key":"hubris:TenFootPole"},{"floor":25,"key":"aspiration:Stabinomicon"},{"floor":26,"key":"Replay:WaspNest"}],"event_choices":[{"damage_healed":0,"gold_gain":175,"player_choice":"AGREE","damage_taken":0,"max_hp_gain":0,"max_hp_loss":0,"event_name":"Liars Game","floor":4,"gold_loss":0,"cards_obtained":["Doubt"]},{"damage_healed":0,"gold_gain":0,"player_choice":"1 cards matched","damage_taken":0,"max_hp_gain":0,"max_hp_loss":0,"event_name":"Match and Keep!","floor":19,"gold_loss":0,"cards_obtained":["theWildCard:SeveringSlash"]},{"damage_healed":0,"gold_gain":0,"player_choice":"1 cards matched","damage_taken":0,"max_hp_gain":0,"max_hp_loss":0,"event_name":"Match and Keep!","floor":19,"gold_loss":0,"cards_obtained":["theWildCard:SeveringSlash"]},{"damage_healed":0,"gold_gain":0,"player_choice":"Obtained Book","damage_taken":16,"max_hp_gain":0,"max_hp_loss":0,"event_name":"Cursed Tome","floor":25,"gold_loss":0}],"is_beta":false,"boss_relics":[{"not_picked":["bronze:MakeshiftBattery","Sandwich"],"picked":"Black Star"}],"items_purged_floors":[],"is_endless":false,"potions_floor_spawned":[2,7,10,22,24],"killed_by":"Chosen and Byrds","ascension_level":4}}