{"host":"zk71suw73lg2r165","time":1612141704,"event":{"mods":["BaseMod","Colored Map","Minty Spire (QoL Compilation)","Permanent Neow","Relic Stats","StSLib"],"gold_per_floor":[115,126,145,159,175,175,202,215,241,241,241,274,274,239,239,312,312,323,323,75,75,85,111,111,111,111],"floor_reached":25,"language":"ENG","playtime":824,"items_purged":["Strike_B"],"score":512,"play_id":"d568f93f-0165-444a-80ec-01162b044de2","local_time":"20210131200824","is_ascension_mode":true,"campfire_choices":[{"data":"Static Discharge","floor":6,"key":"SMITH"},{"floor":11,"key":"REST"},{"data":"Barrage","floor":13,"key":"SMITH"},{"data":"Melter","floor":15,"key":"SMITH"},{"floor":24,"key":"REST"}],"circlet_count":0,"master_deck":["AscendersBane","Strike_B","Strike_B","Strike_B","Defend_B+1","Defend_B+1","Defend_B","Defend_B","Zap","Dualcast","Barrage+1","Cold Snap","Ball Lightning","Static Discharge+1","Sweeping Beam","Conserve Battery","Melter+1","White Noise","Buffer","CurseOfTheBell","Chill","Self Repair","Turbo","Self Repair"],"relics":["Runic Pyramid","FossilizedHelix","War Paint","Happy Flower","Calling Bell","Toy Ornithopter","StrikeDummy","WingedGreaves","Nilry\u0027s Codex","Membership Card","DataDisk"],"acts_visited":["Exordium","TheCity"],"potions_floor_usage":[8,16,23],"damage_taken":[{"damage":1,"enemies":"Small Slimes","floor":1,"turns":5},{"damage":3,"enemies":"2 Louse","floor":2,"turns":3},{"damage":0,"enemies":"Cultist","floor":3,"turns":5},{"damage":24,"enemies":"Gremlin Gang","floor":4,"turns":4},{"damage":6,"enemies":"3 Louse","floor":5,"turns":5},{"damage":25,"enemies":"Gremlin Nob","floor":7,"turns":4},{"damage":0,"enemies":"Looter","floor":8,"turns":2},{"damage":0,"enemies":"3 Sentries","floor":12,"turns":6},{"damage":2,"enemies":"The Guardian","floor":16,"turns":12},{"damage":0,"enemies":"Spheric Guardian","floor":18,"turns":1},{"damage":0,"enemies":"Chosen","floor":22,"turns":5},{"damage":66,"enemies":"Slavers","floor":23,"turns":7},{"damage":0,"enemies":"Gremlin Leader","floor":25,"turns":4}],"seed_played":"4535168762511344870","potions_obtained":[{"floor":5,"key":"PotionOfCapacity"},{"floor":7,"key":"Fire Potion"},{"floor":12,"key":"AttackPotion"},{"floor":18,"key":"Regen Potion"}],"is_trial":false,"path_per_floor":["M","M","M","M","M","R","E","M","T","?","R","E","R","?","R","B",null,"M","?","$","?","M","E","R","E"],"character_chosen":"DEFECT","items_purchased":["Membership Card","Self Repair","Turbo"],"campfire_rested":2,"item_purchase_floors":[20,20,20],"current_hp_per_floor":[63,60,60,36,30,30,5,5,5,5,26,26,26,43,43,41,64,64,43,43,43,50,11,32,32,32],"gold":111,"neow_bonus":"BOSS_RELIC","is_daily":false,"chose_seed":false,"campfire_upgraded":3,"win_rate":0.0,"timestamp":1612141704,"path_taken":["M","M","M","M","M","R","E","M","T","?","R","E","R","?","R","BOSS","M","?","$","?","?","E","R","E"],"items_purchased_type":["Relic","Card","Card"],"build_version":"2020-12-22","purchased_purges":1,"victory":false,"max_hp_per_floor":[71,71,71,71,71,71,71,71,71,71,71,71,71,71,71,71,71,71,71,71,71,71,71,71,71,71],"relic_stats":{"Happy Flower":[9],"counters":[13,63],"War Paint":["Defend_B","Defend_B"],"obtain_stats":[{"Calling Bell":17,"DataDisk":23,"Happy Flower":12,"Nilry\u0027s Codex":19,"WingedGreaves":17,"Membership Card":20,"War Paint":9,"Cracked Core":0,"StrikeDummy":17,"FossilizedHelix":7,"Toy Ornithopter":17,"Runic Pyramid":0},{"Calling Bell":9,"DataDisk":12,"Happy Flower":8,"Nilry\u0027s Codex":10,"WingedGreaves":9,"Membership Card":10,"War Paint":7,"Cracked Core":0,"StrikeDummy":9,"FossilizedHelix":6,"Toy Ornithopter":9,"Runic Pyramid":0},{"Calling Bell":46,"DataDisk":59,"Happy Flower":34,"Nilry\u0027s Codex":47,"WingedGreaves":46,"Membership Card":47,"War Paint":28,"Cracked Core":0,"StrikeDummy":46,"FossilizedHelix":26,"Toy Ornithopter":46,"Runic Pyramid":0}],"Toy Ornithopter":5},"card_choices":[{"not_picked":["Gash","Redo"],"picked":"Barrage","floor":1},{"not_picked":["Leap","Barrage"],"picked":"Cold Snap","floor":2},{"not_picked":["Cold Snap","Rip and Tear"],"picked":"Ball Lightning","floor":3},{"not_picked":["Force Field","Turbo"],"picked":"Static Discharge","floor":4},{"not_picked":["Tempest","Barrage"],"picked":"Sweeping Beam","floor":5},{"not_picked":["Beam Cell","Turbo"],"picked":"Conserve Battery","floor":7},{"not_picked":["Stack","Meteor Strike"],"picked":"Melter","floor":8},{"not_picked":["Beam Cell","Fusion"],"picked":"White Noise","floor":12},{"not_picked":["Hyperbeam","Reboot"],"picked":"Buffer","floor":16},{"not_picked":["Ball Lightning","Go for the Eyes+1"],"picked":"Chill","floor":18},{"not_picked":["Rip and Tear","Cold Snap","Barrage+1"],"picked":"SKIP","floor":22},{"not_picked":["Cold Snap","Undo"],"picked":"Self Repair","floor":23}],"player_experience":1430980,"relics_obtained":[{"floor":7,"key":"FossilizedHelix"},{"floor":9,"key":"War Paint"},{"floor":12,"key":"Happy Flower"},{"floor":17,"key":"Toy Ornithopter"},{"floor":17,"key":"StrikeDummy"},{"floor":17,"key":"WingedGreaves"},{"floor":19,"key":"Nilry\u0027s Codex"},{"floor":23,"key":"DataDisk"}],"event_choices":[{"damage_healed":0,"gold_gain":0,"player_choice":"Fled","damage_taken":0,"max_hp_gain":0,"max_hp_loss":0,"event_name":"Scrap Ooze","floor":10,"gold_loss":0},{"damage_healed":17,"gold_gain":0,"player_choice":"Healed","damage_taken":0,"max_hp_gain":0,"max_hp_loss":0,"event_name":"The Cleric","floor":14,"gold_loss":35},{"damage_healed":0,"gold_gain":0,"player_choice":"Obtained Book","damage_taken":21,"max_hp_gain":0,"max_hp_loss":0,"event_name":"Cursed Tome","floor":19,"gold_loss":0},{"damage_healed":0,"gold_gain":0,"player_choice":"0 cards matched","damage_taken":0,"max_hp_gain":0,"max_hp_loss":0,"event_name":"Match and Keep!","floor":21,"gold_loss":0,"cards_obtained":[]}],"is_beta":false,"boss_relics":[{"not_picked":["Pandora\u0027s Box","Velvet Choker"],"picked":"Calling Bell"}],"items_purged_floors":[20],"is_endless":false,"potions_floor_spawned":[5,7,12,18],"killed_by":"Gremlin Leader","ascension_level":20}}