{"host":"n91kx4xj3dn3811n","time":1612172674,"event":{"mods":["Act Like it!","BaseMod","Better Third Choice","CapriCore","Colored Powertips","Highlight Path","Marisa£¨ìFÓê¡¡Ä§ÀíÉ³£©","Minty Spire (QoL Compilation)","MostiFishMod","Quick Restart","Reimu£¨²©ÀöÁéÃÎ£©","Remilia£¨ÀÙÃ×ÀòÑÇ£©","Replay The Spire","RumiaBox-Â¶Ã×æ«µÄÉñÃØºÐ×Ó","Spicy Shops","StSLib","TestMod","The Cursed","The Immortal","The Servant 0.9.4","Waifu the Spire","noobMod","¡¾ÒÅÎï¿¨ÅÆ¡¿REMEMod","²ÐÁôÖ®Îï","óô»ðÖ¸ÄÏ"],"gold_per_floor":[116,116,94,94,112,112,169,169,195,211,211,246,246,260,260,355,355,368,385,385,385,385,415,94,113,113,28,50,50,50,70,70,152,152,146,160,160,219,219,231,231,256,256,256,256,298,334,348,348,357,357,6,6,20],"floor_reached":55,"language":"ZHS","playtime":4128,"items_purged":["MokouMod:Defend","Pride","Sloth_TH","Envy_TH","Poor:ReiMu","MokouMod:Defend"],"score":1443,"play_id":"055bb80d-bc42-4387-985b-807df74cd178","local_time":"20210201174434","is_ascension_mode":false,"campfire_choices":[{"data":"MokouMod:HeatSpark","floor":6,"key":"SMITH"},{"data":"True Grit","floor":8,"key":"SMITH"},{"data":"MokouMod:RoaringFlare","floor":11,"key":"SMITH"},{"data":"MokouMod:Afterburner","floor":15,"key":"SMITH"},{"floor":32,"key":"RECALL"},{"floor":49,"key":"REST"}],"circlet_count":0,"master_deck":["MokouMod:Strike","MokouMod:Strike","MokouMod:Strike","MokouMod:Strike","MokouMod:Strike+1","MokouMod:Defend","MokouMod:Defend","MokouMod:HeatSpark+1","True Grit+1","MokouMod:Sear+1","MokouMod:IndiscriminateIgnition+1","MokouMod:ResoluteFlare+1","MokouMod:RoaringFlare+1","MokouMod:Ventilation+1","MokouMod:Afterburner+1","Secret Weapon+1","MokouMod:HeartofFire+1","MokouMod:FlareStarter+1","MokouMod:SpontaneousHumanCombustion+1","MokouMod:Singe+1","MokouMod:RadiantBlade+1","Necronomicurse","MokouMod:ProfanedFlare+1","MokouMod:PhoenixFeathers+1","MokouMod:BurningHiddenBullet+1","MokouMod:ResonatingAura+1","MokouMod:Wildfire+1","MokouMod:CrimsonFlare+1","MokouMod:Refresh+1","MokouMod:RadiantBlade+1"],"relics":["MokouMod:PhoenixFeather","DaveBox","testmod-TestBox","ice","REME_ComplimentaryCards","DiscerningMonocle","testmod-TurbochargingSystem","NeowsBlessing","SynthV:TestCard","Boot","Anchor","MostiFishMod:AdaptiveDefenses","Golden Egg","Sling","testmod-RainbowHikingShoes","betterThird:SlimedRelic","RuthlessExorcism:ReiMu","PlaceholderMod:DeVermisMysteriis","Toxic Egg 2","Vajra","Medical Kit","Orichalcum","Sozu","Juzu Bracelet","Dream Catcher","Cauldron","Chemical X","White Beast Statue","testmod-ConstraintPeriapt","Necronomicon","GreatHeart","testmod-Acrobat","testmod-ThousandKnives","testmod-Laevatain","Pear","Mastiff:ReiMu","PlaceholderMod:SoulofChaos","ClockworkSouvenir","GodSword3","PlaceholderMod:LiveLive","FossilizedHelix","Akabeko","Ancient Tea Set","Darkstone Periapt","Dodecahedron","REME_PuzzleBoxRelic","Orrery","GodSword5","REME_LimitBreaker","Toy Ornithopter","ReplayFunnel","Strange Spoon","Bronze Scales","ScarletDevilRocket","Ying","Ice Cream","Replay:Wax Seal","ChiLing","Chi","Ling","AntiCross","Nunchaku","Happy Flower","testmod-MagicalMallet","Blood Vial","Bag of Marbles","REME_CardOfGreed"],"acts_visited":["Exordium","TheCity","TheBeyond","TheEnding"],"potions_floor_usage":[],"damage_taken":[{"damage":0.0,"enemies":"Jaw Worm","floor":1.0,"turns":1.0},{"damage":0.0,"enemies":"2 Louse","floor":5.0,"turns":1.0},{"damage":0,"enemies":"3 Sentries","floor":7,"turns":1},{"damage":6,"enemies":"Cultist","floor":10,"turns":3},{"damage":27,"enemies":"Gremlin Nob","floor":12,"turns":4},{"damage":0,"enemies":"Looter","floor":14,"turns":2},{"damage":13,"enemies":"The Guardian","floor":16,"turns":7},{"damage":0,"enemies":"2 Thieves","floor":18,"turns":2},{"damage":0,"enemies":"Chosen","floor":19,"turns":2},{"damage":0,"enemies":"Gremlin Leader","floor":23,"turns":3},{"damage":2,"enemies":"Snake Plant","floor":25,"turns":2},{"damage":0,"enemies":"Cultist and Chosen","floor":28,"turns":3},{"damage":0,"enemies":"Centurion and Healer","floor":31,"turns":1},{"damage":0,"enemies":"Pondfish","floor":33,"turns":4},{"damage":0,"enemies":"Orb Walker","floor":35,"turns":2},{"damage":0,"enemies":"3 Darklings","floor":36,"turns":2},{"damage":8,"enemies":"2 Orb Walkers","floor":38,"turns":3},{"damage":0,"enemies":"Reptomancer","floor":40,"turns":2},{"damage":0,"enemies":"Maw","floor":42,"turns":3},{"damage":0,"enemies":"R_Hoarder","floor":46,"turns":2},{"damage":0,"enemies":"Transient","floor":47,"turns":4},{"damage":5,"enemies":"Sphere and 2 Shapes","floor":48,"turns":2},{"damage":0,"enemies":"Donu and Deca","floor":50,"turns":2},{"damage":7,"enemies":"The Heart","floor":54,"turns":3}],"seed_played":"-4562085434902887080","potions_obtained":[{"floor":12,"key":"testmod-TestPotion"},{"floor":16,"key":"BlessingOfTheForge"}],"is_trial":false,"path_per_floor":["M","$","?","?","M","R","?","R","T","M","R","E","$","M","R","B",null,"M","M","$","?","?","E","R","M","T","?","M","$","?","M","R","B",null,"M","M","?","?","$","E","?","M","T","$","?","E","M","M","R","B",null,"R","$","B",null],"character_chosen":"MKU","items_purchased":["Boot","Anchor","MostiFishMod:AdaptiveDefenses","Golden Egg","Sling","testmod-RainbowHikingShoes","Energy Potion","Energy Potion","Strength Potion","MokouMod:IndiscriminateIgnition","MokouMod:ResoluteFlare","Toxic Egg 2","Vajra","Medical Kit","Orichalcum","Secret Weapon+1","MokouMod:HeartofFire","Juzu Bracelet","Dream Catcher","Cauldron","Chemical X","White Beast Statue","testmod-ConstraintPeriapt","MokouMod:RadiantBlade","testmod-ThousandKnives","MokouMod:ProfanedFlare+1","Mastiff:ReiMu","PlaceholderMod:SoulofChaos","ClockworkSouvenir","GodSword3","MokouMod:BurningHiddenBullet","Akabeko","Ancient Tea Set","Darkstone Periapt","Dodecahedron","REME_PuzzleBoxRelic","Orrery","Toy Ornithopter","ReplayFunnel","Strange Spoon","Bronze Scales","ScarletDevilRocket","Ying","Replay:Wax Seal","ChiLing","AntiCross","Nunchaku","Happy Flower","testmod-MagicalMallet","Blood Vial","Bag of Marbles","REME_CardOfGreed"],"campfire_rested":1,"item_purchase_floors":[2,2,2,2,2,2,2,2,2,2,2,13,13,13,13,13,13,20,20,20,20,20,20,20,24,24,29,29,29,29,29,39,39,39,39,39,39,44,44,44,44,44,44,52,52,52,53,53,53,53,53,53],"current_hp_per_floor":[75,75,64,64,64,64,64,64,64,58,58,46,46,46,46,33,75,75,75,75,59,59,59,59,57,57,67,72,72,75,75,75,79,88,88,88,91,86,86,87,90,91,91,91,94,95,96,92,100,100,100,100,100,101],"gold":20,"neow_bonus":"THREE_ENEMY_KILL","is_daily":false,"chose_seed":false,"campfire_upgraded":4,"win_rate":0.0,"timestamp":1612172674,"path_taken":["M","$","?","?","M","R","?","R","T","M","R","E","$","M","R","BOSS","M","M","$","?","?","E","R","M","T","?","M","$","?","M","R","BOSS","M","M","?","?","$","E","?","M","T","$","?","E","M","M","R","BOSS","R","$","BOSS"],"items_purchased_type":["Relic","Relic","Relic","Relic","Relic","Relic","Potion","Potion","Potion","Card","Card","Relic","Relic","Relic","Relic","Card","Card","Relic","Relic","Relic","Relic","Relic","Relic","Card","Relic","Card","Relic","Relic","Relic","Relic","Card","Relic","Relic","Relic","Relic","Relic","Relic","Relic","Relic","Relic","Relic","Relic","Relic","Relic","Relic","Relic","Relic","Relic","Relic","Relic","Relic","Relic"],"build_version":"2020-12-22","purchased_purges":6,"victory":true,"max_hp_per_floor":[75,75,75,75,75,75,75,75,75,75,75,75,75,75,75,75,75,75,75,75,75,75,75,75,75,75,85,85,85,88,88,88,88,88,88,88,91,94,94,94,97,97,97,97,100,100,100,100,100,100,100,100,100,114],"card_choices":[{"not_picked":["MokouMod:ResoluteFlare","MokouMod:Afterburner"],"picked":"MokouMod:Sear","floor":1.0},{"not_picked":["MokouMod:SearingShot","MokouMod:ShiftIgnition","MokouMod:FlareStarter","MokouMod:Fireball"],"picked":"MokouMod:RoaringFlare","floor":5.0},{"not_picked":["MokouMod:Burn","MokouMod:GuidingSmoke","MokouMod:ScorchingColumn","MokouMod:BurningDraft"],"picked":"MokouMod:Ventilation","floor":10},{"not_picked":["MokouMod:FujiyamaVolcano","MokouMod:Singe","MokouMod:Refresh","MokouMod:SubterraneanCore"],"picked":"MokouMod:Afterburner","floor":12},{"not_picked":["MokouMod:InfernalWave","MokouMod:UncontrollableSolarReaction","MokouMod:FlickeringFlame","MokouMod:RoaringFlare"],"picked":"MokouMod:FlareStarter+1","floor":14},{"not_picked":["MokouMod:SacredFire","MokouMod:ProfanedFlare+1","MokouMod:Extinguish+1","MokouMod:BurningHiddenBullet"],"picked":"MokouMod:SpontaneousHumanCombustion+1","floor":16},{"not_picked":["MokouMod:Combust","MokouMod:FusionFlare","MokouMod:Trailblazer+1","MokouMod:Firecracker+1"],"picked":"MokouMod:Singe+1","floor":18},{"not_picked":["MokouMod:IndiscriminateIgnition+1","MokouMod:Singe","MokouMod:AdaptivePyromancy","MokouMod:TemporalFireSeal+1","MokouMod:BlazingComet"],"picked":"SKIP","floor":19},{"not_picked":["MokouMod:ShiftIgnition+1","MokouMod:Trailblazer+1","MokouMod:Overheat+1","MokouMod:Firecracker+1","MokouMod:EternalBurstReactor"],"picked":"SKIP","floor":23},{"not_picked":["MokouMod:FlareStarter+1","MokouMod:RoaringFlare+1","MokouMod:Sear+1","MokouMod:ResoluteFlare","MokouMod:Overheat+1"],"picked":"SKIP","floor":25},{"not_picked":["MokouMod:UncontrollableSolarReaction+1","MokouMod:TemporalFireSeal+1","MokouMod:IgnitionBlast","MokouMod:Singe"],"picked":"MokouMod:PhoenixFeathers+1","floor":28},{"not_picked":["MokouMod:Burn+1","MokouMod:IgnitionBarrier+1","MokouMod:TemporalFireSeal+1","MokouMod:BlazingComet+1","MokouMod:IgneousBlow"],"picked":"SKIP","floor":31},{"not_picked":["MokouMod:RadiantBlade","MokouMod:PhoenixForm","MokouMod:Ventilation+1","MokouMod:ProfanedFlare+1"],"picked":"MokouMod:ResonatingAura","floor":33},{"not_picked":["MokouMod:FujiyamaVolcano+1","MokouMod:Overheat+1","MokouMod:SearingShot+1","MokouMod:Ember"],"picked":"MokouMod:Wildfire+1","floor":35},{"not_picked":["MokouMod:InfernalWave","MokouMod:DanceofFlames+1","MokouMod:Afterburner+1","MokouMod:Singe+1","MokouMod:FlickeringFlame"],"picked":"SKIP","floor":36},{"not_picked":["MokouMod:Meltdown","MokouMod:SearingShot","MokouMod:AdaptivePyromancy+1","MokouMod:PhoenixFeathers+1"],"picked":"MokouMod:CrimsonFlare","floor":39},{"not_picked":["MokouMod:AdaptivePyromancy","MokouMod:TemporalFireSeal","MokouMod:BlazingComet+1","MokouMod:Ember"],"picked":"MokouMod:Refresh+1","floor":39},{"not_picked":["MokouMod:Cataclysm+1","MokouMod:IgnitionBarrier+1","MokouMod:ControlledCombustion+1","MokouMod:FlickeringFlame","MokouMod:ThermalPressure+1"],"picked":"SKIP","floor":40},{"not_picked":["MokouMod:ScorchingColumn","MokouMod:RisingSunBarrier+1","MokouMod:FlickeringFlame","MokouMod:Sear+1","MokouMod:TemporalFireSeal+1"],"picked":"SKIP","floor":42},{"not_picked":["MokouMod:Stoke+1","MokouMod:WarmUp+1","MokouMod:Meltdown+1","MokouMod:BlazingComet+1","MokouMod:DanceofFlames+1"],"picked":"SKIP","floor":46},{"not_picked":["MokouMod:PhoenixFeathers+1","MokouMod:DanceofFlames+1","MokouMod:ScorchedEarth","MokouMod:Singe","MokouMod:CrimsonFlare+1"],"picked":"SKIP","floor":47},{"not_picked":["MokouMod:ResoluteFlare+1","MokouMod:BurningDraft+1","MokouMod:PhoenixFeathers+1","MokouMod:IcarusDive","MokouMod:IgneousBlow"],"picked":"SKIP","floor":48},{"not_picked":["MokouMod:FlickeringFlame+1","MokouMod:UncontrollableSolarReaction+1","MokouMod:SearingShot","MokouMod:Sear+1"],"picked":"MokouMod:RadiantBlade","floor":49}],"player_experience":209980,"relics_obtained":[{"floor":1.0,"key":"SynthV:TestCard"},{"floor":12,"key":"PlaceholderMod:DeVermisMysteriis"},{"floor":21,"key":"Necronomicon"},{"floor":23,"key":"testmod-Acrobat"},{"floor":26,"key":"testmod-Laevatain"},{"floor":38,"key":"FossilizedHelix"},{"floor":40,"key":"GodSword5"},{"floor":43,"key":"REME_LimitBreaker"},{"floor":46,"key":"Ice Cream"}],"event_choices":[{"damage_healed":0.0,"max_hp_gain":0.0,"max_hp_loss":0.0,"gold_gain":0.0,"event_name":"betterThird:BetterGoop","player_choice":"Slimed","floor":3.0,"gold_loss":22.0,"damage_taken":11.0},{"damage_healed":0.0,"max_hp_gain":0.0,"max_hp_loss":0.0,"gold_gain":0.0,"event_name":"Living Wall","player_choice":"Grow","floor":4.0,"gold_loss":0.0,"damage_taken":0.0,"cards_upgraded":["MokouMod:Sear"]},{"damage_healed":0,"gold_gain":30,"player_choice":"Searched \u00273\u0027 times","damage_taken":0,"relics_obtained":["RuthlessExorcism:ReiMu"],"max_hp_gain":0,"max_hp_loss":0,"event_name":"Dead Adventurer","floor":7,"gold_loss":0},{"damage_healed":0,"gold_gain":0,"player_choice":"Obtained Book","damage_taken":16,"max_hp_gain":0,"max_hp_loss":0,"event_name":"Cursed Tome","floor":21,"gold_loss":0},{"damage_healed":0,"gold_gain":0,"player_choice":"Obtained Relic","damage_taken":0,"relics_obtained":["Pear"],"max_hp_gain":0,"max_hp_loss":0,"event_name":"Addict","floor":27,"gold_loss":85},{"damage_healed":0,"gold_gain":0,"player_choice":"Ignored","damage_taken":0,"max_hp_gain":0,"max_hp_loss":0,"event_name":"NoteForYourself","floor":30,"gold_loss":0},{"damage_healed":0,"gold_gain":0,"player_choice":"Fight","damage_taken":0,"max_hp_gain":0,"max_hp_loss":0,"event_name":"Mysterious Sphere","floor":38,"gold_loss":0},{"damage_healed":0,"gold_gain":0,"player_choice":"Ignored","damage_taken":0,"max_hp_gain":0,"max_hp_loss":0,"event_name":"Tomb of Lord Red Mask","floor":41,"gold_loss":0},{"damage_healed":0,"gold_gain":0,"player_choice":"Upgraded","damage_taken":0,"max_hp_gain":0,"max_hp_loss":0,"event_name":"Upgrade Shrine","floor":45,"gold_loss":0,"cards_upgraded":["MokouMod:Strike"]}],"is_beta":false,"boss_relics":[{"not_picked":["Pandora\u0027s Box","Cursed Key"],"picked":"Sozu"},{"not_picked":["Runic Dome","Abe\u0027s Treasure"],"picked":"PlaceholderMod:LiveLive"}],"items_purged_floors":[20,24,29,39,44,53],"is_endless":false,"potions_floor_spawned":[10,12,16,18,19,23,25,28,31,33,35,36,38,40,42,46,47,48],"ascension_level":0}}