{"host":"dvpvhz1t6etneyb3","time":1612145289,"event":{"mods":["AchievementEnabler","BaseMod","Colored Map","Highlight Path","Minty Spire (QoL Compilation)","Permanent Neow","Quick Restart"],"gold_per_floor":[10,10,34,48,67,102,102,146,169,200,200,275,298,298,298,392,392,413,466,466,487,71,114,114,134,158,178,211,211,211,224,224,323,323,341,365,365,386,52,52,90,103,103,137,137,12,46,70,70,70,70],"floor_reached":50,"language":"ENG","playtime":3271,"items_purged":["Strike_P","Strike_P","Strike_P"],"score":1355,"play_id":"580a7fd4-a41e-4d02-832c-b95b40b82a30","local_time":"20210131210809","is_ascension_mode":true,"campfire_choices":[{"floor":7.0,"key":"REST"},{"data":"CrushJoints","floor":15.0,"key":"SMITH"},{"floor":24.0,"key":"REST"},{"floor":29.0,"key":"REST"},{"floor":32.0,"key":"REST"},{"data":"SpiritShield","floor":40.0,"key":"SMITH"},{"floor":45.0,"key":"RECALL"},{"data":"SpiritShield","floor":49.0,"key":"SMITH"}],"circlet_count":0,"master_deck":["AscendersBane","Strike_P","Defend_P","Defend_P","Defend_P","Defend_P","Eruption","Vigilance","EmptyMind","ReachHeaven","Perseverance+1","CutThroughFate","DeusExMachina","ReachHeaven","CrushJoints+1","Swivel","MasterReality","Blasphemy","Wallop","BowlingBash","Vault","ThirdEye","Vengeance+1","Protect","SpiritShield+1","CrushJoints+1","Tantrum","ClearTheMind+1","SpiritShield+1"],"relics":["PureWater","Lizard Tail","Golden Idol","Lantern","Tiny Chest","Oddly Smooth Stone","Bronze Scales","Philosopher\u0027s Stone","Omamori","StoneCalendar","Blood Vial","Anchor","Smiling Mask","Ancient Tea Set","SlaversCollar","CaptainsWheel","Letter Opener","Du-Vu Doll","Vajra","Blue Candle"],"acts_visited":["Exordium","TheCity","TheBeyond"],"potions_floor_usage":[50],"damage_taken":[{"damage":0.0,"enemies":"2 Louse","floor":1.0,"turns":2.0},{"damage":0.0,"enemies":"Small Slimes","floor":3.0,"turns":2.0},{"damage":0.0,"enemies":"Cultist","floor":4.0,"turns":3.0},{"damage":5.0,"enemies":"2 Fungi Beasts","floor":5.0,"turns":5.0},{"damage":0.0,"enemies":"Gremlin Nob","floor":6.0,"turns":2.0},{"damage":13.0,"enemies":"Lagavulin","floor":8.0,"turns":5.0},{"damage":6.0,"enemies":"3 Sentries","floor":10.0,"turns":4.0},{"damage":0.0,"enemies":"Blue Slaver","floor":13.0,"turns":3.0},{"damage":21.0,"enemies":"The Guardian","floor":16.0,"turns":11.0},{"damage":0.0,"enemies":"Shell Parasite","floor":18.0,"turns":2.0},{"damage":0.0,"enemies":"2 Thieves","floor":21.0,"turns":3.0},{"damage":33.0,"enemies":"Book of Stabbing","floor":23.0,"turns":4.0},{"damage":0.0,"enemies":"Chosen and Byrds","floor":25.0,"turns":4.0},{"damage":10.0,"enemies":"Centurion and Healer","floor":27.0,"turns":4.0},{"damage":31.0,"enemies":"Slavers","floor":28.0,"turns":5.0},{"damage":0.0,"enemies":"Snecko","floor":31.0,"turns":2.0},{"damage":35.0,"enemies":"Collector","floor":33.0,"turns":9.0},{"damage":0.0,"enemies":"3 Shapes","floor":35.0,"turns":7.0},{"damage":0.0,"enemies":"3 Darklings","floor":36.0,"turns":6.0},{"damage":0.0,"enemies":"4 Shapes","floor":38.0,"turns":7.0},{"damage":10.0,"enemies":"Giant Head","floor":41.0,"turns":7.0},{"damage":1.0,"enemies":"Writhing Mass","floor":42.0,"turns":5.0},{"damage":4.0,"enemies":"Nemesis","floor":44.0,"turns":6.0},{"damage":0.0,"enemies":"Reptomancer","floor":47.0,"turns":3.0},{"damage":0.0,"enemies":"Sphere and 2 Shapes","floor":48.0,"turns":6.0},{"damage":122,"enemies":"Donu and Deca","floor":50,"turns":10}],"seed_played":"7471056587965107442","potions_obtained":[{"floor":1.0,"key":"Energy Potion"},{"floor":4.0,"key":"Block Potion"},{"floor":5.0,"key":"SteroidPotion"},{"floor":10.0,"key":"PowerPotion"},{"floor":16.0,"key":"AttackPotion"},{"floor":18.0,"key":"GamblersBrew"},{"floor":21.0,"key":"Swift Potion"},{"floor":28.0,"key":"Fire Potion"},{"floor":33.0,"key":"Explosive Potion"},{"floor":36.0,"key":"SmokeBomb"},{"floor":44.0,"key":"Block Potion"},{"floor":47.0,"key":"PowerPotion"}],"is_trial":false,"path_per_floor":["M","?","M","M","M","E","R","E","T","E","?","?","M","?","R","B",null,"M","T","?","M","$","E","R","M","T","M","E","R","T","M","R","B",null,"M","M","T","M","$","R","E","M","T","E","R","$","E","M","R","B"],"character_chosen":"WATCHER","items_purchased":["StoneCalendar","Letter Opener","SpiritShield"],"campfire_rested":4,"item_purchase_floors":[22,39,46],"current_hp_per_floor":[61,38,38,38,33,33,53,40,40,34,34,23,23,23,23,2,52,52,52,52,52,52,19,39,41,41,33,4,24,24,26,46,13,54,56,58,58,60,60,60,52,53,53,51,51,51,53,55,55,0,0],"gold":70,"neow_bonus":"ONE_RARE_RELIC","is_daily":false,"chose_seed":false,"campfire_upgraded":3,"win_rate":0.0,"timestamp":1612145289,"path_taken":["M","?","M","M","M","E","R","E","T","E","?","?","M","?","R","BOSS","M","?","?","M","$","E","R","M","T","M","E","R","?","?","R","BOSS","BOSS","M","M","?","M","$","R","E","M","T","E","R","$","E","M","R","BOSS"],"items_purchased_type":["Relic","Relic","Card"],"build_version":"2020-12-22","purchased_purges":3,"victory":false,"max_hp_per_floor":[68,68,68,68,68,68,68,68,68,68,68,68,68,68,68,68,68,68,68,68,68,68,68,68,68,68,68,68,68,68,68,68,68,68,68,68,68,68,68,68,68,68,68,68,68,68,68,68,68,68,68],"card_choices":[{"not_picked":["Swivel","Halt"],"picked":"EmptyMind","floor":1.0},{"not_picked":["SashWhip","WreathOfFlame"],"picked":"ReachHeaven","floor":3.0},{"not_picked":["Study","Pray"],"picked":"Perseverance","floor":4.0},{"not_picked":["Halt","Prostrate"],"picked":"CutThroughFate","floor":5.0},{"not_picked":["Swivel","FlyingSleeves"],"picked":"DeusExMachina","floor":6.0},{"not_picked":["Crescendo","Weave"],"picked":"ReachHeaven","floor":8.0},{"not_picked":["FollowUp","CutThroughFate"],"picked":"CrushJoints","floor":10.0},{"not_picked":["Vengeance","BowlingBash"],"picked":"Swivel","floor":13.0},{"not_picked":["DeusExMachina","Devotion"],"picked":"Blasphemy","floor":16.0},{"not_picked":["WindmillStrike","Prostrate","Fasting2"],"picked":"SKIP","floor":18.0},{"not_picked":["Evaluate","PathToVictory"],"picked":"BowlingBash","floor":21.0},{"not_picked":["MentalFortress+1","Wireheading"],"picked":"Vault","floor":23.0},{"not_picked":["Prostrate","Evaluate","Nirvana"],"picked":"SKIP","floor":25.0},{"not_picked":["Swivel","Protect"],"picked":"ThirdEye","floor":27.0},{"not_picked":["Pray","SashWhip"],"picked":"Vengeance+1","floor":28.0},{"not_picked":["FollowUp","CrushJoints"],"picked":"Protect","floor":31.0},{"not_picked":["Establishment","DevaForm"],"picked":"SpiritShield","floor":33.0},{"not_picked":["EmptyFist","Perseverance","SandsOfTime"],"picked":"SKIP","floor":35.0},{"not_picked":["BowlingBash","FlyingSleeves","FlurryOfBlows"],"picked":"SKIP","floor":36.0},{"not_picked":["SashWhip","JustLucky+1"],"picked":"CrushJoints+1","floor":38.0},{"not_picked":["Ragnarok","FollowUp"],"picked":"Tantrum","floor":41.0},{"not_picked":["Evaluate+1","FlyingSleeves"],"picked":"ClearTheMind+1","floor":42.0},{"not_picked":["InnerPeace","JustLucky","Evaluate"],"picked":"SKIP","floor":44.0},{"not_picked":["CarveReality+1","Prostrate","Devotion"],"picked":"SKIP","floor":47.0},{"not_picked":["SandsOfTime","Indignation","CutThroughFate"],"picked":"SKIP","floor":48.0}],"player_experience":2117218,"relics_obtained":[{"floor":6.0,"key":"Lantern"},{"floor":8.0,"key":"Tiny Chest"},{"floor":9.0,"key":"Oddly Smooth Stone"},{"floor":10.0,"key":"Bronze Scales"},{"floor":19.0,"key":"Omamori"},{"floor":23.0,"key":"Blood Vial"},{"floor":26.0,"key":"Anchor"},{"floor":28.0,"key":"Smiling Mask"},{"floor":30.0,"key":"Ancient Tea Set"},{"floor":37.0,"key":"CaptainsWheel"},{"floor":41.0,"key":"Du-Vu Doll"},{"floor":44.0,"key":"Vajra"},{"floor":47.0,"key":"Blue Candle"}],"event_choices":[{"damage_healed":0.0,"max_hp_gain":0.0,"max_hp_loss":0.0,"gold_gain":0.0,"event_name":"Golden Idol","player_choice":"Take Damage","floor":2.0,"gold_loss":0.0,"damage_taken":23.0,"relics_obtained":["Golden Idol"]},{"damage_healed":0.0,"max_hp_gain":0.0,"max_hp_loss":0.0,"gold_gain":0.0,"event_name":"Living Wall","player_choice":"Grow","floor":11.0,"gold_loss":0.0,"damage_taken":0.0,"cards_upgraded":["Perseverance"]},{"damage_healed":0.0,"max_hp_gain":0.0,"max_hp_loss":0.0,"gold_gain":75.0,"event_name":"World of Goop","player_choice":"Gather Gold","floor":12.0,"gold_loss":0.0,"damage_taken":11.0},{"damage_healed":0.0,"max_hp_gain":0.0,"max_hp_loss":0.0,"gold_gain":0.0,"event_name":"Match and Keep!","player_choice":"1 cards matched","floor":14.0,"gold_loss":0.0,"damage_taken":0.0,"cards_obtained":["MasterReality"]},{"damage_healed":0.0,"max_hp_gain":0.0,"max_hp_loss":0.0,"gold_gain":0.0,"event_name":"The Library","player_choice":"Read","floor":20.0,"gold_loss":0.0,"damage_taken":0.0,"cards_obtained":["Wallop"]}],"is_beta":false,"boss_relics":[{"not_picked":["SacredBark","Black Star"],"picked":"Philosopher\u0027s Stone"},{"not_picked":["Velvet Choker","Calling Bell"],"picked":"SlaversCollar"}],"items_purged_floors":[22,39,46],"is_endless":false,"potions_floor_spawned":[1,4,5,10,16,18,21,28,33,36,44,47,48],"killed_by":"Donu and Deca","ascension_level":20}}