{"host":"jw4qy1ihmjslahm8","time":1612159350,"event":{"mods":["2.2 Compatiblity","Act Like it!","BaseMod","BetterRewards","Colored Map","Downfall","Duelist Mod","GifTheSpireLib","Hallownest","HololiveMod","Hubris","Infinite Spire","KinomotoSakuraMod(ñÿîVñ{?)","Minty Spire (QoL Compilation)","Replay The Spire","StSLib","The Animator","WarShipGirlsR/??è≠èóR mod"],"gold_per_floor":[99,110,127,227,227,227,227,262,194,107,120,150,150,600,617,617,617],"floor_reached":16,"language":"ENG","playtime":2779,"items_purged":[],"score":108,"play_id":"bed0658a-e282-4b95-9997-bb453019249b","local_time":"20210131220230","is_ascension_mode":false,"campfire_choices":[{"data":"ClowCardTheSword","floor":1,"key":"SMITH"},{"data":"ClowCardTheArrow","floor":6,"key":"SMITH"},{"data":"ClowCardTheMaze","floor":13,"key":"SMITH"}],"circlet_count":0,"master_deck":["ClowCardTheSword+1","ClowCardTheSword","ClowCardTheSword","ClowCardTheSword","ClowCardTheShield","ClowCardTheShield","ClowCardTheShield","ClowCardTheShield","SpellCardSeal","SpellCardRelease","ClowCardTheArrow+1","ClowCardTheMaze+1","ClowCardTheIllusion","ClowCardTheLock","ClowCardTheSilent","ClowCardThePower","ClowCardTheMirror","ClowCardTheSweet","ClowCardTheLoop","ClowCardTheRain","downfall:Icky","downfall:Icky","downfall:Icky","ClowCardTheWood"],"relics":["KSMOD_SealedBook","KSMOD_SealedWand","hubris:DeckOfHolding","Mirror","infinitespire:Golems Mask"],"acts_visited":["Exordium"],"potions_floor_usage":[12],"damage_taken":[{"damage":0,"enemies":"Small Slimes","floor":2,"turns":5},{"damage":1,"enemies":"2 Louse","floor":3,"turns":2},{"damage":14,"enemies":"Gremlin Nob","floor":8,"turns":4},{"damage":5,"enemies":"downfall:FleeingMerchant","floor":9,"turns":4},{"damage":3,"enemies":"downfall:FleeingMerchant","floor":10,"turns":4},{"damage":0,"enemies":"Jaw Worm","floor":11,"turns":3},{"damage":16,"enemies":"3 Sentries","floor":12,"turns":6},{"damage":21,"enemies":"3 Louse","floor":15,"turns":5},{"damage":43,"enemies":"SI_SHIV_ARCHETYPE","floor":16,"turns":13}],"seed_played":"-5506871121412601052","potions_obtained":[{"floor":3,"key":"DistilledChaos"},{"floor":11,"key":"Milkshake"},{"floor":12,"key":"Dexterity Potion"}],"is_trial":false,"path_per_floor":["R","M","M","?","?","R","T","E","$","$","M","E","R","?","M","B"],"character_chosen":"KINOMOTOSAKURA","items_purchased":["ClowCardThePower","ClowCardTheSweet"],"campfire_rested":0,"item_purchase_floors":[9,10],"current_hp_per_floor":[77,77,76,76,76,76,76,62,57,54,59,48,48,48,32,0,0],"gold":617,"neow_bonus":"TEN_PERCENT_HP_BONUS","is_daily":false,"chose_seed":false,"campfire_upgraded":3,"win_rate":0.0,"timestamp":1612159350,"path_taken":["R","M","M","?","?","R","T","E","?","$","M","E","R","?","M","BOSS"],"items_purchased_type":["Card","Card"],"build_version":"2020-12-22","purchased_purges":0,"victory":false,"max_hp_per_floor":[77,77,77,77,77,77,77,77,77,77,77,77,77,77,77,77,77],"card_choices":[{"not_picked":["ClowCardTheFloat","ClowCardTheMaze"],"picked":"ClowCardTheArrow","floor":2},{"not_picked":["ClowCardTheStorm","ClowCardTheLittle"],"picked":"ClowCardTheMaze","floor":3},{"not_picked":["ClowCardTheArrow","ClowCardTheWood"],"picked":"ClowCardTheLock","floor":8},{"not_picked":["ClowCardTheSleep","ClowCardTheTime"],"picked":"ClowCardTheSilent","floor":9},{"not_picked":["ClowCardThePower","ClowCardTheShadow"],"picked":"ClowCardTheMirror","floor":10},{"not_picked":["ClowCardTheJump","ClowCardTheMaze"],"picked":"ClowCardTheLoop","floor":11},{"not_picked":["ClowCardTheShadow","ClowCardTheLock"],"picked":"ClowCardTheRain","floor":12},{"not_picked":["ClowCardTheStorm","ClowCardTheSnow"],"picked":"ClowCardTheWood","floor":15}],"player_experience":56997,"relics_obtained":[{"floor":7,"key":"hubris:DeckOfHolding"},{"floor":8,"key":"Mirror"},{"floor":12,"key":"infinitespire:Golems Mask"}],"event_choices":[],"is_beta":false,"boss_relics":[],"items_purged_floors":[],"is_endless":false,"potions_floor_spawned":[3,11,12],"killed_by":"SI_SHIV_ARCHETYPE","ascension_level":0}}