{"host":"dn6kke80v5f7isus","time":1612221036,"event":{"mods":["AchievementEnabler","Act Like it!","BaseMod","Colored Powertips","Custom Start","Defuse TimeMaze Blight","Gremlin Skip","Highlight Path","Hubris","Infinite Spire","Marisa????????","Minty Spire (QoL Compilation)","Rare Cards Sparkle","Reliquary","Replay The Spire","StSLib","The Servant 0.9.4","Uncapped","Unceasing Turn Reminder"],"gold_per_floor":[118,43,43,62,62,62,87,102,129,149,149,163,176,201,501,501,501],"floor_reached":16,"language":"ENG","playtime":340,"items_purged":["Strike_MRS"],"score":144,"play_id":"c053b371-6f62-4259-903b-8085ba1ca0c2","local_time":"20210201181036","is_ascension_mode":true,"campfire_choices":[{"data":"WitchLeyline","floor":6,"key":"SMITH"},{"data":"GasGiant","floor":11,"key":"SMITH"},{"floor":15,"key":"DIG"}],"circlet_count":0,"master_deck":["Strike_MRS","Strike_MRS","Strike_MRS","Defend_MRS","Defend_MRS","Defend_MRS","MasterSpark","UpSweep","WitchLeyline+1","GasGiant+1"],"relics":["MiniHakkero","NeowsBlessing","reliquary:Stiletto","Boot","reliquary:SharkskinSheath","Old Coin"],"acts_visited":["Exordium"],"potions_floor_usage":[10,13,14],"damage_taken":[{"damage":0,"enemies":"Cultist","floor":1,"turns":1},{"damage":0,"enemies":"Jaw Worm","floor":4,"turns":1},{"damage":0,"enemies":"Replay:BlueRogue","floor":7,"turns":1},{"damage":3,"enemies":"Small Slimes","floor":8,"turns":2},{"damage":12,"enemies":"Exordium Thugs","floor":10,"turns":3},{"damage":2,"enemies":"Looter","floor":12,"turns":3},{"damage":0,"enemies":"Lots of Slimes","floor":13,"turns":3},{"damage":29,"enemies":"Gremlin Nob","floor":14,"turns":4},{"damage":29,"enemies":"Hexaghost","floor":16,"turns":8}],"seed_played":"554593423984088385","potions_obtained":[{"floor":1,"key":"SteroidPotion"},{"floor":8,"key":"StarNLove"},{"floor":12,"key":"SpeedPotion"}],"is_trial":false,"path_per_floor":["M","$","?","M","?","R","E","M","T","M","R","M","M","E","R","B"],"character_chosen":"MARISA","items_purchased":[],"campfire_rested":0,"item_purchase_floors":[],"current_hp_per_floor":[75,75,75,75,75,75,75,72,72,60,60,58,58,29,29,0,0],"gold":501,"neow_bonus":"THREE_ENEMY_KILL","is_daily":false,"chose_seed":false,"campfire_upgraded":2,"win_rate":0.0,"timestamp":1612221036,"path_taken":["M","$","?","M","?","R","E","M","T","M","R","M","M","E","R","BOSS"],"items_purchased_type":[],"build_version":"2020-12-22","purchased_purges":1,"victory":false,"max_hp_per_floor":[75,75,75,75,75,75,75,75,75,75,75,75,75,75,75,75,75],"card_choices":[{"not_picked":["NonDirectionalLaser","UnstableBomb"],"picked":"WitchLeyline","floor":1},{"not_picked":["MagicAbsorber","MachineGunSpark","MilkyWay"],"picked":"SKIP","floor":4},{"not_picked":["Occultation","AsteroidBelt","DoubleSpark"],"picked":"SKIP","floor":7},{"not_picked":["NonDirectionalLaser","StarlightTyphoon","GravityBeat"],"picked":"SKIP","floor":8},{"not_picked":["Occultation","GalacticHalo"],"picked":"GasGiant","floor":10},{"not_picked":["Singularity","DarkMatter","SprinkleStarSeal"],"picked":"SKIP","floor":12},{"not_picked":["Orbital","DeepEcoloBomb","AsteroidBelt"],"picked":"SKIP","floor":13},{"not_picked":["GravityBeat","BigCrunch","Acceleration"],"picked":"SKIP","floor":14}],"player_experience":417709,"relics_obtained":[{"floor":7,"key":"reliquary:Stiletto"},{"floor":9,"key":"Boot"},{"floor":14,"key":"reliquary:SharkskinSheath"},{"floor":15,"key":"Old Coin"}],"event_choices":[],"is_beta":false,"boss_relics":[],"items_purged_floors":[2],"is_endless":false,"potions_floor_spawned":[1,8,12],"killed_by":"Hexaghost","ascension_level":1}}