{"host":"5jyeqch4fosnsiz2","time":1612182414,"event":{"mods":["BaseMod","Bestiary","Colored Map","Colored Powertips","Filter the Spire","Minty Spire (QoL Compilation)","Relic Stats","StSLib","Waifu the Spire","ojb\u0027s Better Paths Mod","ojb\u0027s Info Mod"],"gold_per_floor":[116,183,183,183,258,258,24,54,54,54,67,81,98,131,131,234,234,244,255,265,265,265],"floor_reached":21,"language":"ENG","playtime":925,"items_purged":["Doppelganger"],"score":264,"play_id":"694a1a9e-82e7-483e-aae1-e4e063db5a7a","local_time":"20210201072654","is_ascension_mode":false,"campfire_choices":[{"data":"Distraction","floor":6,"key":"SMITH"},{"data":"Bane","floor":10,"key":"SMITH"},{"data":"Blur","floor":15,"key":"SMITH"}],"circlet_count":0,"master_deck":["Survivor","Neutralize","After Image","Deflect","Footwork","Skewer","Dash","Night Terror+1","Distraction+1","Caltrops","Deadly Poison","Bane+1","Poisoned Stab","Predator","Quick Slash","Dagger Throw","Blur+1","After Image","Prepared","Dagger Spray+1","Eviscerate+1"],"relics":["Pandora\u0027s Box","Pear","Molten Egg 2","Runic Pyramid"],"acts_visited":["Exordium","TheCity"],"potions_floor_usage":[8,13,19,21],"damage_taken":[{"damage":2,"enemies":"2 Louse","floor":1,"turns":5},{"damage":10,"enemies":"Gremlin Nob","floor":8,"turns":6},{"damage":1,"enemies":"Small Slimes","floor":11,"turns":4},{"damage":0,"enemies":"Jaw Worm","floor":12,"turns":3},{"damage":17,"enemies":"Gremlin Gang","floor":13,"turns":5},{"damage":1,"enemies":"Lagavulin","floor":14,"turns":7},{"damage":0,"enemies":"Hexaghost","floor":16,"turns":8},{"damage":25,"enemies":"2 Thieves","floor":18,"turns":2},{"damage":27,"enemies":"Shell Parasite","floor":19,"turns":5},{"damage":28,"enemies":"Sentry and Sphere","floor":20,"turns":9},{"damage":5,"enemies":"Snecko","floor":21,"turns":2}],"seed_played":"-5355721393376595467","potions_obtained":[{"floor":11,"key":"DuplicationPotion"},{"floor":12,"key":"ColorlessPotion"},{"floor":18,"key":"Explosive Potion"}],"is_trial":false,"path_per_floor":["M","?","?","?","?","R","$","E","T","R","M","M","M","E","R","B",null,"M","M","M","M"],"character_chosen":"THE_SILENT","items_purchased":["Poisoned Stab","GhostInAJar"],"campfire_rested":0,"item_purchase_floors":[7,7],"current_hp_per_floor":[68,68,73,73,62,62,62,62,62,62,61,61,44,43,43,43,85,60,33,5,0,0],"gold":265,"neow_bonus":"BOSS_RELIC","is_daily":false,"chose_seed":false,"campfire_upgraded":3,"win_rate":0.0,"timestamp":1612182414,"path_taken":["M","?","?","?","?","R","$","E","T","R","?","M","M","E","R","BOSS","M","M","?","M"],"items_purchased_type":["Card","Potion"],"build_version":"2020-12-22","purchased_purges":1,"victory":false,"max_hp_per_floor":[70,70,75,75,75,75,75,85,85,85,85,85,85,85,85,85,85,85,85,85,85,85],"relic_stats":{"counters":[11,56],"Pandora\u0027s Box":["After Image","Deflect","Footwork","Skewer","Dash","Night Terror","Distraction","Caltrops","Deadly Poison","Doppelganger"],"obtain_stats":[{"Pear":8,"Pandora\u0027s Box":0,"Molten Egg 2":14,"Ring of the Snake":0,"Runic Pyramid":17},{"Pear":2,"Pandora\u0027s Box":0,"Molten Egg 2":6,"Ring of the Snake":0,"Runic Pyramid":7},{"Pear":11,"Pandora\u0027s Box":0,"Molten Egg 2":30,"Ring of the Snake":0,"Runic Pyramid":38}]},"card_choices":[{"not_picked":["Dash","Flechettes"],"picked":"Bane","floor":1},{"not_picked":["Eviscerate","Outmaneuver","Sucker Punch"],"picked":"SKIP","floor":8},{"not_picked":["Bane","Endless Agony"],"picked":"Predator","floor":11},{"not_picked":["Calculated Gamble","Skewer"],"picked":"Quick Slash","floor":12},{"not_picked":["Endless Agony","Deflect"],"picked":"Dagger Throw","floor":13},{"not_picked":["Flechettes+1","Cloak And Dagger"],"picked":"Blur","floor":14},{"not_picked":["Die Die Die+1","Malaise"],"picked":"After Image","floor":16},{"not_picked":["Cloak And Dagger","Concentrate"],"picked":"Prepared","floor":18},{"not_picked":["Cloak And Dagger","Flying Knee+1"],"picked":"Dagger Spray+1","floor":19},{"not_picked":["Dagger Throw+1","Crippling Poison"],"picked":"Eviscerate+1","floor":20}],"player_experience":356553,"relics_obtained":[{"floor":8,"key":"Pear"},{"floor":14,"key":"Molten Egg 2"}],"event_choices":[{"damage_healed":0,"gold_gain":67,"player_choice":"Gained Gold","damage_taken":0,"max_hp_gain":0,"max_hp_loss":0,"event_name":"Golden Wing","floor":2,"gold_loss":0},{"damage_healed":0,"gold_gain":0,"player_choice":"Donut","damage_taken":0,"max_hp_gain":5,"max_hp_loss":0,"event_name":"Big Fish","floor":3,"gold_loss":0},{"damage_healed":0,"gold_gain":0,"player_choice":"Grow","damage_taken":0,"max_hp_gain":0,"max_hp_loss":0,"event_name":"Living Wall","floor":4,"gold_loss":0,"cards_upgraded":["Night Terror"]},{"damage_healed":0,"gold_gain":75,"player_choice":"Gather Gold","damage_taken":11,"max_hp_gain":0,"max_hp_loss":0,"event_name":"World of Goop","floor":5,"gold_loss":0}],"is_beta":false,"boss_relics":[{"not_picked":["WristBlade","Velvet Choker"],"picked":"Runic Pyramid"}],"items_purged_floors":[7],"is_endless":false,"potions_floor_spawned":[11,12,18],"killed_by":"Snecko","ascension_level":0}}