{"host":"kx62hxkutszy5nb0","time":1612157600,"event":{"mods":["2.2 Compatiblity","AchievementEnabler","Aspiration","BaseMod","Better Altar","Better Match","Better Note","Better Sensory Stone","Better Skull","Better Third Choice","Better Vampires","CCEM2","Colored Map","Colored Powertips","Conspire","Custom Start","Dark Map","Defuse TimeMaze Blight","Displayed Cursed Tome","Downfall","Fiend Mod","Hermit","Hubris","Infinite Spire","Jorbs\u0027s Wanderer Trilogy","Koishi","Marked Mod","Minty Spire (QoL Compilation)","Prisma Mod","Relic Sorter","Relic Stats","Replay The Spire","Shade Mod","Shop Mod","Spikes Relics","StSLib","Td1madao Mod","The Alterego","The Construct","The Cursed","The Exalted","The Forsaken","The Judge","The Jungle","The Marked","TheSwordswoman","TheVacant","Uncapped","Virulent Crown","Yuri Mod","everything is the same but u backflip on backflip"],"gold_per_floor":[117,117,132,132,132,132,157,171,171,171,184,34,46,46,46,149,149,168,168,179,179,179,179,192,192,192],"floor_reached":25,"language":"ENG","playtime":802,"items_purged":[],"score":226,"play_id":"1dfeecd6-8065-4658-9664-0db472fef903","local_time":"20210201153320","is_ascension_mode":false,"campfire_choices":[{"data":"theMarked:Memento","floor":6,"key":"SMITH"},{"data":"theMarked:ComboAttacks","floor":10,"key":"SMITH"},{"floor":15,"key":"REST"},{"floor":23,"key":"REST"}],"circlet_count":0,"master_deck":["theMarked:Strike","theMarked:Strike","theMarked:Strike","theMarked:Strike","theMarked:Defend","theMarked:Defend","theMarked:Defend","theMarked:Defend","theMarked:SoldierOfQuellstein","theMarked:Memento+1","theMarked:EmpowerWeapon","theMarked:BindingBlade","theMarked:ComboAttacks+1","theMarked:MuscleMemory","theMarked:WardOff","theMarked:Abjuration","theMarked:Improvise","theMarked:WardOff+1","theMarked:ChannelForce+1"],"relics":["theMarked:ArtifactOfAir","NeowsBlessing","Replay:Accelerometer","Eternal Feather","CrustySpines","SnailShell","hubris:FruitBowl","conspire:RunicOctahedron","aspiration:IroncladSkillbook","theMarked:VonisonLock"],"acts_visited":["Exordium","TheCity"],"potions_floor_usage":[16,16,16,25],"damage_taken":[{"damage":0,"enemies":"Jaw Worm","floor":1,"turns":1},{"damage":0,"enemies":"Cultist","floor":3,"turns":1},{"damage":0,"enemies":"Lagavulin","floor":7,"turns":1},{"damage":18,"enemies":"infinitespire:Voidling","floor":8,"turns":5},{"damage":17,"enemies":"3 Louse","floor":11,"turns":4},{"damage":18,"enemies":"2 Fungi Beasts","floor":13,"turns":4},{"damage":33,"enemies":"Slime Boss","floor":16,"turns":6},{"damage":14,"enemies":"Shell Parasite","floor":18,"turns":5},{"damage":18,"enemies":"Spheric Guardian","floor":20,"turns":4},{"damage":0,"enemies":"Snecko","floor":24,"turns":3},{"damage":17,"enemies":"Centurion and Healer","floor":25,"turns":5}],"seed_played":"4254764915623456822","potions_obtained":[{"floor":3,"key":"Reflective Coating"},{"floor":11,"key":"Venom Potion"},{"floor":13,"key":"Explosive Potion"},{"floor":20,"key":"Death Potion"},{"floor":24,"key":"Ancient Potion"}],"is_trial":false,"path_per_floor":["M","?","M","?","?","R","E","M","T","R","M","$","M","$","R","B",null,"M","?","M","?","AVR","R","M","M"],"character_chosen":"THE_DEFAULT","items_purchased":["SnailShell","hubris:FruitBowl"],"campfire_rested":2,"item_purchase_floors":[12,14],"current_hp_per_floor":[70,70,70,75,75,75,75,64,64,70,53,53,35,16,47,14,75,61,61,43,43,43,74,75,58,58],"gold":192,"neow_bonus":"THREE_ENEMY_KILL","is_daily":false,"chose_seed":false,"campfire_upgraded":2,"win_rate":0.0,"timestamp":1612157600,"path_taken":["M","?","M","?","?","R","E","M","T","R","?","$","M","?","R","BOSS","M","?","M","?","AVR","R","M","M"],"items_purchased_type":["Relic","Relic"],"build_version":"2020-12-22","purchased_purges":0,"victory":false,"max_hp_per_floor":[70,70,70,75,75,75,75,75,75,75,75,75,75,75,75,75,75,75,75,75,75,75,75,75,75,75],"relic_stats":{"counters":[11,39],"Eternal Feather":24,"obtain_stats":[{"theMarked:ArtifactOfAir":0,"Replay:Accelerometer":2,"SnailShell":12,"NeowsBlessing":0,"Eternal Feather":7,"hubris:FruitBowl":14,"conspire:RunicOctahedron":17,"theMarked:VonisonLock":22,"CrustySpines":9,"aspiration:IroncladSkillbook":22},{"theMarked:ArtifactOfAir":0,"Replay:Accelerometer":1,"SnailShell":5,"NeowsBlessing":0,"Eternal Feather":3,"hubris:FruitBowl":6,"conspire:RunicOctahedron":7,"theMarked:VonisonLock":9,"CrustySpines":4,"aspiration:IroncladSkillbook":9},{"theMarked:ArtifactOfAir":0,"Replay:Accelerometer":1,"SnailShell":12,"NeowsBlessing":0,"Eternal Feather":3,"hubris:FruitBowl":16,"conspire:RunicOctahedron":22,"theMarked:VonisonLock":31,"CrustySpines":8,"aspiration:IroncladSkillbook":31}]},"card_choices":[{"not_picked":["theMarked:SwordAndMagic","theMarked:Frustration"],"picked":"theMarked:Memento","floor":1},{"not_picked":["theMarked:ElectricStrings","theMarked:Parkour"],"picked":"theMarked:EmpowerWeapon","floor":3},{"not_picked":["theMarked:Standoff","theMarked:WastefulAttack"],"picked":"theMarked:BindingBlade","floor":7},{"not_picked":["theMarked:StartUp","theMarked:WastefulAttack"],"picked":"theMarked:ComboAttacks","floor":8},{"not_picked":["theMarked:Memento","theMarked:WastefulAttack"],"picked":"theMarked:MuscleMemory","floor":11},{"not_picked":["theMarked:EmpowerWeapon","theMarked:TwofoldDefense"],"picked":"theMarked:WardOff","floor":13},{"not_picked":["theMarked:MagusForm","theMarked:Challenge"],"picked":"theMarked:Abjuration","floor":16},{"not_picked":["theMarked:Static","theMarked:ChannelForce"],"picked":"theMarked:Improvise","floor":18},{"not_picked":["theMarked:ChainLightning","theMarked:Electrocute"],"picked":"theMarked:WardOff+1","floor":20},{"not_picked":["Wild Strike","theMarked:Parkour","theMarked:WardOff"],"picked":"theMarked:ChannelForce+1","floor":24}],"player_experience":742647,"relics_obtained":[{"floor":2,"key":"Replay:Accelerometer"},{"floor":7,"key":"Eternal Feather"},{"floor":9,"key":"CrustySpines"}],"event_choices":[{"damage_healed":0,"gold_gain":0,"player_choice":"Donut","damage_taken":0,"max_hp_gain":5,"max_hp_loss":0,"event_name":"Big Fish","floor":4,"gold_loss":0},{"cards_removed":["theMarked:Strike"],"damage_healed":0,"gold_gain":0,"player_choice":"Offered Basic","damage_taken":0,"max_hp_gain":0,"max_hp_loss":0,"event_name":"Bonfire Elementals","floor":19,"gold_loss":0},{"damage_healed":0,"gold_gain":0,"player_choice":"Ignored","damage_taken":0,"max_hp_gain":0,"max_hp_loss":0,"event_name":"betterNote:BetterNote","floor":21,"gold_loss":0,"cards_obtained":["alterego_mod:TrickOrTreatment"]}],"is_beta":false,"boss_relics":[{"not_picked":["Astrolabe","ReplayTheSpireMod:DimensionalGlitch"],"picked":"conspire:RunicOctahedron"}],"items_purged_floors":[],"is_endless":false,"potions_floor_spawned":[3,11,13,20,24],"killed_by":"Centurion and Healer","ascension_level":0}}