{"host":"jm9833yuloeli2yd","time":1612202066,"event":{"mods":["BaseMod","Better Altar","Better Match","Better Note","Better Sensory Stone","Better Skull","Better Third Choice","Better Vampires","BetterRewards","Colored Map","Colored Powertips","DeckTracker","Minty Spire (QoL Compilation)","Permanent Neow","Quick Restart","StSLib","SuperFastMode"],"gold_per_floor":[109,121,46,46,61,88,114,114,114,126,156,184,521,551,563,652,664,688,316,316,23,23,23,49,9,9],"floor_reached":25,"language":"ENG","playtime":706,"items_purged":["Strike_B","Strike_B"],"score":658,"play_id":"f2272b1d-2001-4a53-b1a6-29924c1f519d","local_time":"20210201125426","is_ascension_mode":true,"campfire_choices":[{"data":"Defragment","floor":10.0,"key":"SMITH"},{"data":"Hologram","floor":15.0,"key":"SMITH"},{"data":"Dualcast","floor":23.0,"key":"SMITH"}],"circlet_count":0,"master_deck":["AscendersBane","Strike_B","Defend_B","Defend_B","Defend_B+1","Defend_B","Zap","Dualcast+1","Rainbow+1","Sweeping Beam","Melter","Ball Lightning","Defragment+1","Auto Shields","Capacitor","Doom and Gloom","Hologram+1","Turbo","Seek","Undo","Self Repair","Coolheaded","Reboot"],"relics":["Cracked Core","Orrery","Dream Catcher","Boot","MawBank","Old Coin","Inserter","Oddly Smooth Stone","Blood Vial","Art of War","Letter Opener","Bag of Marbles"],"acts_visited":["Exordium","TheCity"],"potions_floor_usage":[],"damage_taken":[{"damage":0.0,"enemies":"Small Slimes","floor":1.0,"turns":2.0},{"damage":3.0,"enemies":"2 Louse","floor":2.0,"turns":2.0},{"damage":0.0,"enemies":"Jaw Worm","floor":5.0,"turns":4.0},{"damage":10.0,"enemies":"Lagavulin","floor":6.0,"turns":6.0},{"damage":4.0,"enemies":"Large Slime","floor":11.0,"turns":5.0},{"damage":9.0,"enemies":"Red Slaver","floor":12.0,"turns":3.0},{"damage":22.0,"enemies":"3 Sentries","floor":13.0,"turns":6.0},{"damage":8.0,"enemies":"Exordium Thugs","floor":14.0,"turns":4.0},{"damage":19.0,"enemies":"Hexaghost","floor":16.0,"turns":7.0},{"damage":1.0,"enemies":"Chosen","floor":18.0,"turns":5.0},{"damage":34.0,"enemies":"Slavers","floor":24.0,"turns":6.0},{"damage":8,"enemies":"2 Thieves","floor":25,"turns":1}],"seed_played":"-3614322485648034883","potions_obtained":[{"floor":5.0,"key":"DistilledChaos"},{"floor":11.0,"key":"Ancient Potion"},{"floor":13.0,"key":"FocusPotion"}],"is_trial":false,"path_per_floor":["M","M","?","?","M","E","T","?","T","R","M","M","E","M","R","B",null,"M","$","?","$","T","R","E","M"],"character_chosen":"DEFECT","items_purchased":["Orrery","Oddly Smooth Stone","Self Repair","AttackPotion","Art of War","Coolheaded"],"campfire_rested":0,"item_purchase_floors":[0,19,19,19,21,21],"current_hp_per_floor":[58,55,55,34,34,24,24,71,71,71,67,58,36,28,28,9,56,55,55,36,36,36,36,4,0,0],"gold":9,"neow_bonus":"","is_daily":false,"chose_seed":false,"campfire_upgraded":3,"win_rate":0.0,"timestamp":1612202066,"path_taken":["M","M","?","?","M","E","?","?","T","R","M","M","E","M","R","BOSS","M","$","?","$","?","R","E","M"],"items_purchased_type":["Relic","Relic","Card","Potion","Relic","Card"],"build_version":"2020-12-22","purchased_purges":2,"victory":false,"max_hp_per_floor":[71,71,71,71,71,71,71,71,71,71,71,71,71,71,71,71,71,71,71,71,71,71,71,71,71,71],"card_choices":[{"not_picked":["Fusion","Tempest"],"picked":"Rainbow","floor":0.0},{"not_picked":["Barrage","Redo"],"picked":"Sweeping Beam","floor":0.0},{"not_picked":["Rebound","Hello World"],"picked":"Melter","floor":0.0},{"not_picked":["Conserve Battery","Recycle"],"picked":"Ball Lightning","floor":1.0},{"not_picked":["Conserve Battery","Coolheaded"],"picked":"Capacitor","floor":2.0},{"not_picked":["Sunder","Compile Driver"],"picked":"Defragment","floor":5.0},{"not_picked":["Reprogram","Stack"],"picked":"Auto Shields","floor":6.0},{"not_picked":["Streamline","Gash"],"picked":"Capacitor","floor":11.0},{"not_picked":["Gash","Reprogram"],"picked":"Doom and Gloom","floor":12.0},{"not_picked":["Hyperbeam","Capacitor"],"picked":"Hologram","floor":13.0},{"not_picked":["Streamline","Ball Lightning"],"picked":"Turbo","floor":14.0},{"not_picked":["All For One","Buffer"],"picked":"Seek","floor":16.0},{"not_picked":["Coolheaded","Rebound"],"picked":"Undo","floor":18.0},{"not_picked":["Creative AI","Hologram"],"picked":"Reboot","floor":24.0}],"player_experience":1354752,"relics_obtained":[{"floor":6.0,"key":"Dream Catcher"},{"floor":7.0,"key":"Boot"},{"floor":9.0,"key":"MawBank"},{"floor":13.0,"key":"Old Coin"},{"floor":22.0,"key":"Letter Opener"},{"floor":24.0,"key":"Bag of Marbles"}],"event_choices":[{"cards_removed":["Strike_B"],"damage_healed":0.0,"max_hp_gain":0.0,"max_hp_loss":0.0,"gold_gain":0.0,"event_name":"The Cleric","player_choice":"Card Removal","floor":3.0,"gold_loss":75.0,"damage_taken":0.0},{"damage_healed":55.0,"max_hp_gain":0.0,"max_hp_loss":71.0,"gold_gain":0.0,"event_name":"betterThird:BetterShining","player_choice":"Upgrade","floor":4.0,"gold_loss":0.0,"damage_taken":21.0,"cards_upgraded":["Defend_B","Rainbow"]},{"cards_removed":["Capacitor"],"damage_healed":47.0,"max_hp_gain":0.0,"max_hp_loss":0.0,"gold_gain":0.0,"event_name":"Bonfire Elementals","player_choice":"Offered Uncommon","floor":8.0,"gold_loss":0.0,"damage_taken":0.0},{"damage_healed":0.0,"max_hp_gain":0.0,"max_hp_loss":0.0,"gold_gain":0.0,"event_name":"betterSkull:BetterSkull","player_choice":"RE ","floor":20.0,"gold_loss":0.0,"damage_taken":21.0,"cards_upgraded":[],"relics_obtained":["Blood Vial"]}],"is_beta":false,"boss_relics":[{"not_picked":["Tiny House","Runic Dome"],"picked":"Inserter"}],"items_purged_floors":[19,21],"is_endless":false,"potions_floor_spawned":[5,11,13,14],"killed_by":"2 Thieves","ascension_level":20}}