{"host":"noo4i9da5rqp3a2i","time":1612199075,"event":{"mods":["AchievementEnabler","Aspiration","Bard","BaseMod","Beaked The Cultist","Better Altar","Better Match","Better Note","Better Sensory Stone","Better Skull","Better Third Choice","BetterRewards","CCEM2","Card Forge","Colored Map","Conspire","Custom Start","GifTheSpireLib","Googly Eyes","Halation","Highlight Path","Hubris","Infinite Spire","Jedi Mod","Jorbs\u0027s Wanderer Trilogy","Mad Scientist","Mari Mod (Legacy)","Mari\u0027s V1 Patch","Mimic Mod","Minty Spire (QoL Compilation)","Permanent Neow","Replay The Spire","Shop Mod","StSLib","Stuff the Spire","The Administrix","The Blackbeard","The Construct","The Gatherer","The Jungle","The Necromancer","The Servant 0.9.4","Unceasing Turn Reminder"],"gold_per_floor":[410,410,410,36,50,85,115,243,278,310,379,410,445,480,480,579,579,598,598,642,666,691,735,775,801,891,924,490,342,351,436,436,545,545,559,249,149,0,21,47,180,217,253,297,297,316,56,77,77,179,310,431,440,464,473,498,512,544,567,621,636,654,654,656,662,662,822,899,913,892,892,329,320,346,375,371,386,456,456,466,485,551,551,589,589,589,639,150,166,243,287,287,257,257,292,294,307,310,328,346,412,412,412],"floor_reached":102,"language":"ENG","playtime":8396,"items_purged":["StuffTheSpire:TitanForm","Shame","Sickly","Replay:Many Hands+1"],"score":3706,"play_id":"45597c0e-b77b-4e85-8ad3-9d44ecde1e80","local_time":"20210201180435","daily_mods":["ControlledChaos","Flight","DeadlyEvents","Elite Swarm"],"is_ascension_mode":false,"campfire_choices":[{"data":"jedi:harder","floor":15,"key":"SMITH"},{"data":"jedi:harder","floor":49,"key":"SMITH"},{"data":"Metallicize","floor":49,"key":"SMITH"}],"circlet_count":1,"master_deck":["Bash","Heavy Blade","Infernal Blade","Metallicize+1","Dark Embrace","Wild Strike+1","Impervious","Barricade","Exhume","Intimidate","Juggernaut","jedi:fear+1","jedi:harder+1","Eclipse","Hemogenesis+1","jedi:MakeshiftSword","Feed+1","Infernal Blade","Warcry","Feed+1","Fire Breathing+1","Havoc","Exhume","Demon Form","StuffTheSpire:Resist","Anger+1","StuffTheSpire:Incineration+1","Demon Form","jedi:harder+1","Dual Wield+1","Life Link","jedi:MakeshiftSword","Spot Weakness","Limit Break","Offering","Flame Barrier","Run Through+1","Immolate+1","Shrug It Off","Pain","Feel No Pain","hubris:Rewind","Exhume","infinitespire:UltimateForm","Armaments+1","StuffTheSpire:Resist","ReplayTheSpireMod:Brewmster","Metallicize","Shrug It Off","Limit Break","hubris:DuctTapeCard","Limit Break","Madness","Madness"],"relics":["Frozen Eye","Hammer of Thor","Seething Fire","Anvil of the Gods","hubris:64BitClover","Black Star","hubris:BlackHole","Prayer Wheel","Old Coin","hubris:MobiusCoin","Molten Egg 2","infinitespire:Cubic Diamond","MerchantsRug","Oddly Smooth Stone","jedi:crownofsimplicity","aspiration:AnachronicSnailShell","Akabeko","CCEMRelics:ImbuedSpirit","halation:PromiseList","Replay:Kaleidoscope","Replay:Wax Seal","CCEMRelics:SoftDrink","infinitespire:Joker Card","ReplayTheSpireMod:Shallot","Turnip","Singing Bowl","hubris:OldNail","CeramicFish","hubris:HollowSoul","Replay:Bottled Snecko","hubris:ToyBattleship","jedi:bottledfury","Bronze Scales","Mercury Hourglass","CCEMRelics:CanOfSoda","infinitespire:CheckeredPen","Unceasing Top","CCEMRelics:LagavulinClaw","Ornamental Fan","ReplayTheSpireMod:Spearhead","StuffTheSpire:HeavyRock","conspire:TreasureMap","Calipers","halation:Thesaurus","StuffTheSpire:OccultApparatus","theJungle:SneckoAutograph","Replay:Arrowhead","ReplayTheSpireMod:Ninjato","hubris:Icosahedron","CCEMRelics:DarkMatter","aspiration:Nostalgia","Gatherer:AlchemyBag","Red Mask","CCEMRelics:PorcelainBowl","hubris:MysteriousPyramids","CCEMRelics:HeliumBalloon","Strawberry","conspire:Boomerang","White Beast Statue","infinitespire:EmpoweringShard","Quantum Egg","infinitespire:PuzzleCube","Pandora\u0027s Box","WarpedTongs","CCEMRelics:GrindingGear","Replay:Mystery Machine","Kunai","Tiny Chest","Darkstone Periapt","StuffTheSpire:DarkSteelAnvil","StuffTheSpire:Barrel","aspiration:HiddenCompartment","infinitespire:ShieldingShard","Mummified Hand","Incense Burner","CCEMRelics:WarHorn","Mirror","StuffTheSpire:CocoNut","hubris:TenFootPole","Replay:Multitool","Astrolabe","Snack Pack","Bloody Idol","Blood Vial","hubris:EmptyBottle","aspiration:TomeofQuesting","Circlet","conspire:DeflatedDodgeball","Eternal Feather","halation:PrussianBluePaint","Blood Vial","Meat on the Bone","infinitespire:Eraser","CCEMRelics:Apple","Omamori","Sundial","Shovel","conspire:GlowingRock","jedi:heavyjacket","aspiration:Lifesprig","aspiration:EmptySkull","Regal Pillow","construct:WeddingRing","hubris:IronBody","hubris:DuctTape","Toy Ornithopter","Chameleon Ring","jedi:angrymask","hubris:Teleporter","jedi:cryingmask","Ancient Tea Set","StuffTheSpire:RubySignet","Durian","CCEMRelics:EnergeticInfuser","Orichalcum","Golden Egg","CCEMRelics:GlassOfMilk","Replay:Accelerometer","Onion Ring","Pondfish Scales","CCEMRelics:D6","CCEMRelics:PocketTank","CCEMRelics:FakeTeeth","SacredBark"],"acts_visited":["Exordium","theJungle:Jungle","TheBeyond","Exordium","TheCity","TheBeyond","Exordium"],"potions_floor_usage":[28,88],"damage_taken":[{"damage":0,"enemies":"2 Louse","floor":1,"turns":3},{"damage":2,"enemies":"Jaw Worm","floor":5,"turns":2},{"damage":0,"enemies":"Lagavulin","floor":6,"turns":1},{"damage":2,"enemies":"3 Sentries","floor":7,"turns":3},{"damage":0,"enemies":"Gremlin Nob","floor":8,"turns":2},{"damage":0,"enemies":"Small Slimes","floor":9,"turns":2},{"damage":0,"enemies":"Lagavulin","floor":10,"turns":2},{"damage":0,"enemies":"Small Slimes","floor":11,"turns":1},{"damage":0,"enemies":"Gremlin Nob","floor":12,"turns":2},{"damage":0,"enemies":"Lagavulin","floor":13,"turns":1},{"damage":0,"enemies":"Gremlin Nob","floor":14,"turns":2},{"damage":0,"enemies":"The Guardian","floor":16,"turns":1},{"damage":0,"enemies":"theJungle:GiantWrat","floor":18,"turns":3},{"damage":0,"enemies":"theJungle:2_Phrogs","floor":20,"turns":1},{"damage":0,"enemies":"theJungle:5_Spyders","floor":21,"turns":2},{"damage":0,"enemies":"theJungle:2_Snecko_Cultists","floor":22,"turns":2},{"damage":0,"enemies":"theJungle:MamaSnecko","floor":23,"turns":1},{"damage":0,"enemies":"theJungle:2_Phrogs","floor":24,"turns":3},{"damage":0,"enemies":"theJungle:Cassacara","floor":25,"turns":3},{"damage":0,"enemies":"theJungle:Snecko_Cultist_And_Trap","floor":26,"turns":2},{"damage":0,"enemies":"theJungle:MamaSnecko","floor":27,"turns":2},{"damage":0,"enemies":"Nightmare","floor":31,"turns":1},{"damage":0,"enemies":"theJungle:FunGuy","floor":33,"turns":1},{"damage":0,"enemies":"3 Shapes","floor":35,"turns":1},{"damage":0,"enemies":"Orb Walker","floor":39,"turns":1},{"damage":0,"enemies":"Nemesis","floor":40,"turns":1},{"damage":0,"enemies":"3 Darklings","floor":41,"turns":1},{"damage":0,"enemies":"beaked:SuperParasite","floor":42,"turns":1},{"damage":0,"enemies":"Spire Growth","floor":43,"turns":2},{"damage":0,"enemies":"R_Hoarder","floor":44,"turns":1},{"damage":0,"enemies":"Spire Growth","floor":46,"turns":1},{"damage":0,"enemies":"Writhing Mass","floor":48,"turns":1},{"damage":0,"enemies":"Donu and Deca","floor":50,"turns":1},{"damage":0,"enemies":"2 Louse","floor":52,"turns":1},{"damage":23,"enemies":"3 Sentries","floor":54,"turns":1},{"damage":8,"enemies":"Jaw Worm","floor":55,"turns":1},{"damage":6,"enemies":"Lagavulin","floor":56,"turns":1},{"damage":11,"enemies":"Gremlin Nob","floor":57,"turns":1},{"damage":2,"enemies":"3 Sentries","floor":58,"turns":1},{"damage":0,"enemies":"Gremlin Nob","floor":59,"turns":1},{"damage":0,"enemies":"Lagavulin","floor":61,"turns":2},{"damage":0,"enemies":"Cultist","floor":62,"turns":1},{"damage":0,"enemies":"Large Slime","floor":64,"turns":1},{"damage":0,"enemies":"Nightmare_Alpha","floor":65,"turns":2},{"damage":0,"enemies":"Slime Boss","floor":67,"turns":1},{"damage":0,"enemies":"conspire:FuzzyDice","floor":69,"turns":1},{"damage":0,"enemies":"Spheric Guardian","floor":70,"turns":2},{"damage":0,"enemies":"Masked Bandits","floor":73,"turns":1},{"damage":0,"enemies":"Gremlin Leader","floor":74,"turns":1},{"damage":0,"enemies":"conspire:SneckoGhost","floor":75,"turns":1},{"damage":0,"enemies":"Replay:Snechameleon","floor":76,"turns":2},{"damage":0,"enemies":"Spheric Guardian","floor":77,"turns":2},{"damage":0,"enemies":"Book of Stabbing","floor":78,"turns":1},{"damage":0,"enemies":"Gremlin Leader","floor":80,"turns":1},{"damage":0,"enemies":"Nightmare","floor":81,"turns":1},{"damage":0,"enemies":"hubris:MusketHawk","floor":84,"turns":1},{"damage":0,"enemies":"Orb Walker","floor":86,"turns":2},{"damage":0,"enemies":"Reptomancer","floor":89,"turns":1},{"damage":0,"enemies":"Nemesis","floor":90,"turns":1},{"damage":0,"enemies":"Reptomancer","floor":91,"turns":1},{"damage":0,"enemies":"Giant Head","floor":93,"turns":1},{"damage":0,"enemies":"Reptomancer","floor":95,"turns":1},{"damage":0,"enemies":"Giant Head","floor":96,"turns":2},{"damage":0,"enemies":"Nemesis","floor":97,"turns":1},{"damage":0,"enemies":"3 Darklings","floor":98,"turns":1},{"damage":0,"enemies":"Giant Head","floor":99,"turns":1},{"damage":0,"enemies":"Time Eater","floor":101,"turns":3}],"seed_played":"-1248713132070849426","potions_obtained":[{"floor":7,"key":"SkillPotion"},{"floor":8,"key":"Explosive Potion"},{"floor":10,"key":"Adrenaline Potion"},{"floor":27,"key":"EntropicBrew"},{"floor":31,"key":"AttackPotion"},{"floor":33,"key":"Block Potion"},{"floor":40,"key":"jedi:StrikingPotion"},{"floor":46,"key":"Weak Potion"},{"floor":50,"key":"Languid Potion"},{"floor":67,"key":"Regen Potion"},{"floor":73,"key":"FearPotion"},{"floor":74,"key":"FearPotion"},{"floor":75,"key":"DistilledChaos"},{"floor":81,"key":"DuplicationPotion"},{"floor":84,"key":"Elixir"},{"floor":86,"key":"LiquidMemories"},{"floor":87,"key":"EntropicBrew"},{"floor":87,"key":"jedi:tentaclejuice"},{"floor":87,"key":"Swift Potion"},{"floor":89,"key":"BloodPotion"},{"floor":90,"key":"SpeedPotion"},{"floor":91,"key":"jedi:mysterypotion"},{"floor":93,"key":"FearPotion"},{"floor":97,"key":"LiquidBronze"}],"is_trial":true,"path_per_floor":["M","?","?","$","M","E","E","E","MIM","E","M","E","E","E","R","B",null,"M","?","E","M","M","E","E","E","MIM","E","$","$","?","NM","R_BF","B",null,"M","$","NS","?","M","E","M","E","MIM","E","?","M","$","M","R","B",null,"M","?","E","M","E","E","E","E","T","E","M","T","M","NM","R_BF","B",null,"M","MIM","?","$","?","E","E","E","MIM","E","T","E","NM","$","R_BF","B",null,"M","?","$","E","E","E","T","E","T","E","E","E","M","E","R","B",null],"character_chosen":"IRONCLAD","items_purchased":["MerchantsRug","Metallicize","Oddly Smooth Stone","conspire:TreasureMap","Calipers","Havoc","halation:Thesaurus","aspiration:Nostalgia","Demon Form","Quantum Egg","ReplayTheSpireMod:Brewmster","hubris:EmptyBottle","aspiration:TomeofQuesting","Metallicize","Shrug It Off","hubris:IronBody","hubris:DuctTape"],"campfire_rested":0,"item_purchase_floors":[4,4,4,28,28,28,29,36,36,47,72,72,72,72,72,88,88],"current_hp_per_floor":[80,80,80,80,78,78,76,76,76,76,76,76,76,76,76,78,82,84,84,84,90,96,96,114,116,120,122,122,122,122,122,122,122,122,126,126,126,126,132,138,142,149,151,151,151,157,157,163,163,165,165,175,175,154,150,146,137,135,142,142,144,146,153,157,175,213,221,227,238,244,152,192,201,215,227,240,255,267,267,269,276,276,276,276,276,280,280,280,287,294,294,294,306,306,313,319,321,330,332,321,334,334,334],"gold":412,"neow_bonus":"","is_daily":false,"chose_seed":false,"campfire_upgraded":3,"win_rate":0.0,"timestamp":1612199075,"path_taken":["M","?","?","$","?","E","E","E","MIM","E","?","E","E","E","R","BOSS","M","?","?","?","M","E","E","E","MIM","E","$","$","?","NM","R_BF","BOSS","M","$","NS","?","?","E","M","E","MIM","E","?","?","$","?","R","BOSS","M","?","?","?","?","E","E","E","T","E","?","?","?","NM","R_BF","BOSS","M","?","?","$","?","E","?","E","MIM","E","?","E","NM","$","R_BF","BOSS","M","?","$","?","?","E","?","E","T","E","?","E","?","?","R","BOSS"],"items_purchased_type":["Relic","Card","Relic","Relic","Relic","Card","Relic","Relic","Card","Relic","Card","Relic","Relic","Card","Card","Relic","Relic"],"build_version":"2020-12-22","purchased_purges":4,"victory":false,"max_hp_per_floor":[80,80,80,80,80,80,80,80,80,80,80,80,80,80,80,82,82,84,84,84,90,96,96,114,116,120,122,122,122,122,122,122,122,122,126,126,126,126,132,138,142,149,151,151,151,157,157,163,163,165,165,175,175,177,181,183,185,185,192,192,194,196,203,207,213,213,221,227,238,244,244,244,246,253,253,259,265,267,267,269,276,276,276,276,276,280,280,280,287,294,294,294,306,306,313,319,321,330,332,332,334,334,334],"card_choices":[{"not_picked":["hubris:SharpeningStone","Anger"],"picked":"Heavy Blade","floor":1},{"not_picked":["hubris:ReadiedAction","Sever Soul"],"picked":"Infernal Blade","floor":1},{"not_picked":["Wild Strike+1","Carnage+1"],"picked":"Dark Embrace","floor":5},{"not_picked":["Perfected Strike+1","Blood for Blood+1"],"picked":"Wild Strike+1","floor":5},{"not_picked":["Double Tap","conspire:Purge"],"picked":"Impervious","floor":6},{"not_picked":["Fiend Fire+1","Berserk"],"picked":"Barricade","floor":7},{"not_picked":["Bludgeon+1","Corruption"],"picked":"Exhume","floor":8},{"not_picked":["Entrench","Rampage+1"],"picked":"Intimidate","floor":9},{"not_picked":["Exhume","Bludgeon+1"],"picked":"Juggernaut","floor":10},{"not_picked":["StuffTheSpire:BloodClot","Run Through+1"],"picked":"jedi:fear","floor":11},{"not_picked":["Bloodletting","Anger+1"],"picked":"jedi:suffering+1","floor":11},{"not_picked":["Juggernaut","jedi:strikingstrike+1"],"picked":"jedi:harder","floor":12},{"not_picked":["Bludgeon+1","Double Tap"],"picked":"Eclipse","floor":13},{"not_picked":["jedi:harder","Eclipse"],"picked":"Hemogenesis+1","floor":14},{"not_picked":["Juggernaut","Impervious","Barricade"],"picked":"Singing Bowl","floor":16},{"not_picked":["Replay:Undeath\u0027s Touch+1","Clothesline+1"],"picked":"jedi:MakeshiftSword","floor":18},{"not_picked":["StuffTheSpire:Slingshot+1","Cleave+1","hubris:SharpeningStone"],"picked":"Singing Bowl","floor":18},{"not_picked":["conspire:Purge","Exhume"],"picked":"Feed+1","floor":20},{"not_picked":["Dropkick+1","Clothesline+1"],"picked":"Infernal Blade","floor":21},{"not_picked":["Twin Strike+1","Flame Barrier","Heavy Blade+1"],"picked":"Singing Bowl","floor":21},{"not_picked":["StuffTheSpire:RagingBull+1","Seeing Red+1"],"picked":"Warcry","floor":22},{"not_picked":["Pommel Strike+1","hubris:ReadiedAction","hubris:CleavingFinish+1"],"picked":"Singing Bowl","floor":22},{"not_picked":["Limit Break","Impervious"],"picked":"StuffTheSpire:TitanForm","floor":23},{"not_picked":["Eclipse","jedi:unlimitedpower"],"picked":"Feed+1","floor":24},{"not_picked":["Corruption","Impervious","conspire:HitWhereItHurts+1"],"picked":"Singing Bowl","floor":25},{"not_picked":["Pummel+1","Shrug It Off"],"picked":"Fire Breathing+1","floor":26},{"not_picked":["Fiend Fire+1","Corruption","Barricade"],"picked":"Singing Bowl","floor":27},{"not_picked":["Exhume","Double Tap"],"picked":"jedi:strikingstrike+1","floor":31},{"not_picked":["Barricade","Hemogenesis+1"],"picked":"Exhume","floor":33},{"not_picked":["Uppercut+1","Rage","jedi:suffering+1"],"picked":"Singing Bowl","floor":35},{"not_picked":["StuffTheSpire:Slingshot+1","Spot Weakness","Replay:Undeath\u0027s Touch+1"],"picked":"Singing Bowl","floor":35},{"not_picked":["Clash+1","Iron Wave+1","ReplayTheSpireMod:Muscle Training"],"picked":"Singing Bowl","floor":39},{"not_picked":["Rampage+1","Replay:Many Hands"],"picked":"StuffTheSpire:Resist","floor":39},{"not_picked":["Berserk","Immolate+1","Double Tap"],"picked":"Singing Bowl","floor":40},{"not_picked":["Perfected Strike+1","Thunderclap+1"],"picked":"Anger+1","floor":41},{"not_picked":["Pommel Strike+1","Clash+1"],"picked":"StuffTheSpire:Incineration+1","floor":41},{"not_picked":["Hemogenesis+1","Corruption"],"picked":"Demon Form","floor":42},{"not_picked":["Seeing Red+1","Replay:Undeath\u0027s Touch+1","Clash+1"],"picked":"Singing Bowl","floor":43},{"not_picked":["Brutality","Corruption"],"picked":"jedi:harder","floor":44},{"not_picked":["Havoc+1","Flex"],"picked":"Dual Wield+1","floor":46},{"not_picked":["Rupture","Power Through+1","conspire:ExplosiveBarrier"],"picked":"Singing Bowl","floor":46},{"not_picked":["Fire Breathing+1","Rampage+1","Infernal Blade"],"picked":"Singing Bowl","floor":48},{"not_picked":["Uppercut+1","Infernal Blade+1"],"picked":"Life Link","floor":48},{"not_picked":["Fiend Fire+1","Bludgeon+1","Reaper+1"],"picked":"Singing Bowl","floor":50},{"not_picked":["Second Wind","Hemokinesis+1"],"picked":"Shrug It Off","floor":52},{"not_picked":["ReplayTheSpireMod:Corrosion Curse","StuffTheSpire:RagingBull+1","Power Through"],"picked":"Singing Bowl","floor":52},{"not_picked":["Berserk","Barricade","Immolate+1"],"picked":"Singing Bowl","floor":54},{"not_picked":["Shrug It Off","jedi:suffering+1","StuffTheSpire:RockThrow+1"],"picked":"Singing Bowl","floor":55},{"not_picked":["Havoc","Cleave+1","Infernal Blade"],"picked":"Singing Bowl","floor":55},{"not_picked":["jedi:strikingstrike+1","conspire:Purge","Exhume"],"picked":"Singing Bowl","floor":56},{"not_picked":["hubris:StunningStrike+1","Impervious","conspire:HitWhereItHurts+1"],"picked":"Singing Bowl","floor":57},{"not_picked":["jedi:strikingstrike+1","conspire:Purge"],"picked":"Limit Break","floor":58},{"not_picked":["jedi:strikingstrike+1","Offering","Impervious"],"picked":"Singing Bowl","floor":59},{"not_picked":["jedi:harder","Exhume","Brutality"],"picked":"Singing Bowl","floor":61},{"not_picked":["Whirlwind+1","Spot Weakness","jedi:hate+1"],"picked":"Singing Bowl","floor":62},{"not_picked":["StuffTheSpire:Incineration+1","Heavy Blade+1"],"picked":"Feel No Pain","floor":62},{"not_picked":["Second Wind","jedi:fear","Cleave+1"],"picked":"Singing Bowl","floor":64},{"not_picked":["Combust","jedi:hate+1","Feel No Pain"],"picked":"Singing Bowl","floor":64},{"not_picked":["infinitespire:SevenWalls","hubris:InfiniteBlow+2"],"picked":"hubris:Rewind","floor":65},{"not_picked":["Hemogenesis+1","Reaper+1","Eclipse"],"picked":"Singing Bowl","floor":65},{"not_picked":["Double Tap","Limit Break"],"picked":"Exhume","floor":67},{"not_picked":["ReplayTheSpireMod:Chaos Vortex","ReplayTheSpireMod:Black Plague"],"picked":"infinitespire:UltimateForm","floor":67},{"not_picked":["Entrench","StuffTheSpire:Slingshot+1","Defy Death"],"picked":"Singing Bowl","floor":69},{"not_picked":["Flame Barrier","Iron Wave+1"],"picked":"StuffTheSpire:Resist","floor":69},{"not_picked":["ReplayTheSpireMod:Muscle Training","Blood for Blood+1","Pummel+1"],"picked":"Singing Bowl","floor":70},{"not_picked":["jedi:suffering+1","Flex+1","Dual Wield"],"picked":"Singing Bowl","floor":73},{"not_picked":["Double Tap","Impervious","hubris:StunningStrike+1"],"picked":"Singing Bowl","floor":74},{"not_picked":["Eclipse","Feed+1"],"picked":"Exhume","floor":75},{"not_picked":["jedi:unlimitedpower","Exhume","jedi:strikingstrike+1"],"picked":"Singing Bowl","floor":76},{"not_picked":["jedi:hate+1","ReplayTheSpireMod:Muscle Training","Feel No Pain"],"picked":"Singing Bowl","floor":77},{"not_picked":["hubris:StunningStrike+1","Corruption","Barricade"],"picked":"Singing Bowl","floor":78},{"not_picked":["Eclipse","Offering","Berserk"],"picked":"Singing Bowl","floor":80},{"not_picked":["Eclipse","Fiend Fire+1","Reaper+1"],"picked":"Singing Bowl","floor":81},{"not_picked":["Bludgeon+1","Feed+1"],"picked":"Limit Break","floor":84},{"not_picked":["Twin Strike+1","Infernal Blade","ReplayTheSpireMod:Stacked"],"picked":"Singing Bowl","floor":86},{"not_picked":["Reckless Charge+1","Warcry","Thunderclap+1"],"picked":"Singing Bowl","floor":86},{"not_picked":["hubris:StunningStrike+1","jedi:strikingstrike+1","Hemogenesis+1"],"picked":"Singing Bowl","floor":89},{"not_picked":["Corruption","Offering","StuffTheSpire:TitanForm"],"picked":"Singing Bowl","floor":90},{"not_picked":["conspire:Purge","hubris:StunningStrike+1"],"picked":"Limit Break","floor":91},{"not_picked":["jedi:strikingstrike+1","Juggernaut","Exhume"],"picked":"Singing Bowl","floor":93},{"not_picked":["jedi:strikingstrike+1","Juggernaut","Exhume"],"picked":"Singing Bowl","floor":95},{"not_picked":["Corruption","Juggernaut","Immolate+1"],"picked":"Singing Bowl","floor":96},{"not_picked":["Double Tap","jedi:unlimitedpower","Demon Form"],"picked":"Singing Bowl","floor":97},{"not_picked":["Blood for Blood+1","Thunderclap+1","ReplayTheSpireMod:Strike From Hell+1"],"picked":"Singing Bowl","floor":98},{"not_picked":["Fire Breathing","Perfected Strike+1","Clash+1"],"picked":"Singing Bowl","floor":98},{"not_picked":["Feed+1","Juggernaut","Fiend Fire+1"],"picked":"Singing Bowl","floor":99},{"not_picked":["Offering","jedi:bloodyhammer","conspire:HitWhereItHurts+1"],"picked":"Singing Bowl","floor":101}],"player_experience":251453,"relics_obtained":[{"floor":6,"key":"jedi:crownofsimplicity"},{"floor":6,"key":"aspiration:AnachronicSnailShell"},{"floor":7,"key":"Akabeko"},{"floor":7,"key":"CCEMRelics:ImbuedSpirit"},{"floor":8,"key":"halation:PromiseList"},{"floor":8,"key":"Replay:Kaleidoscope"},{"floor":10,"key":"Replay:Wax Seal"},{"floor":10,"key":"CCEMRelics:SoftDrink"},{"floor":12,"key":"infinitespire:Joker Card"},{"floor":12,"key":"ReplayTheSpireMod:Shallot"},{"floor":13,"key":"Turnip"},{"floor":13,"key":"Singing Bowl"},{"floor":14,"key":"hubris:OldNail"},{"floor":14,"key":"CeramicFish"},{"floor":20,"key":"Replay:Bottled Snecko"},{"floor":20,"key":"hubris:ToyBattleship"},{"floor":22,"key":"jedi:bottledfury"},{"floor":23,"key":"Bronze Scales"},{"floor":23,"key":"Mercury Hourglass"},{"floor":24,"key":"CCEMRelics:CanOfSoda"},{"floor":24,"key":"infinitespire:CheckeredPen"},{"floor":25,"key":"Unceasing Top"},{"floor":25,"key":"CCEMRelics:LagavulinClaw"},{"floor":26,"key":"Ornamental Fan"},{"floor":27,"key":"ReplayTheSpireMod:Spearhead"},{"floor":27,"key":"StuffTheSpire:HeavyRock"},{"floor":31,"key":"Replay:Arrowhead"},{"floor":31,"key":"ReplayTheSpireMod:Ninjato"},{"floor":40,"key":"CCEMRelics:PorcelainBowl"},{"floor":40,"key":"hubris:MysteriousPyramids"},{"floor":42,"key":"CCEMRelics:HeliumBalloon"},{"floor":42,"key":"Strawberry"},{"floor":43,"key":"conspire:Boomerang"},{"floor":44,"key":"White Beast Statue"},{"floor":44,"key":"infinitespire:EmpoweringShard"},{"floor":50,"key":"infinitespire:PuzzleCube"},{"floor":54,"key":"CCEMRelics:GrindingGear"},{"floor":54,"key":"Replay:Mystery Machine"},{"floor":56,"key":"Kunai"},{"floor":56,"key":"Tiny Chest"},{"floor":57,"key":"Darkstone Periapt"},{"floor":57,"key":"StuffTheSpire:DarkSteelAnvil"},{"floor":58,"key":"StuffTheSpire:Barrel"},{"floor":58,"key":"aspiration:HiddenCompartment"},{"floor":59,"key":"infinitespire:ShieldingShard"},{"floor":59,"key":"Mummified Hand"},{"floor":60,"key":"Incense Burner"},{"floor":61,"key":"CCEMRelics:WarHorn"},{"floor":61,"key":"Mirror"},{"floor":63,"key":"StuffTheSpire:CocoNut"},{"floor":65,"key":"hubris:TenFootPole"},{"floor":65,"key":"Replay:Multitool"},{"floor":70,"key":"Snack Pack"},{"floor":73,"key":"Circlet"},{"floor":74,"key":"conspire:DeflatedDodgeball"},{"floor":74,"key":"Eternal Feather"},{"floor":75,"key":"halation:PrussianBluePaint"},{"floor":76,"key":"Blood Vial"},{"floor":76,"key":"Meat on the Bone"},{"floor":77,"key":"infinitespire:Eraser"},{"floor":78,"key":"CCEMRelics:Apple"},{"floor":78,"key":"Omamori"},{"floor":79,"key":"Sundial"},{"floor":80,"key":"Shovel"},{"floor":80,"key":"conspire:GlowingRock"},{"floor":81,"key":"jedi:heavyjacket"},{"floor":81,"key":"aspiration:Lifesprig"},{"floor":83,"key":"aspiration:EmptySkull"},{"floor":84,"key":"Regal Pillow"},{"floor":89,"key":"Toy Ornithopter"},{"floor":89,"key":"Chameleon Ring"},{"floor":90,"key":"jedi:angrymask"},{"floor":90,"key":"hubris:Teleporter"},{"floor":91,"key":"jedi:cryingmask"},{"floor":91,"key":"Ancient Tea Set"},{"floor":92,"key":"StuffTheSpire:RubySignet"},{"floor":93,"key":"Durian"},{"floor":93,"key":"CCEMRelics:EnergeticInfuser"},{"floor":94,"key":"Orichalcum"},{"floor":95,"key":"Golden Egg"},{"floor":95,"key":"CCEMRelics:GlassOfMilk"},{"floor":96,"key":"Replay:Accelerometer"},{"floor":96,"key":"Onion Ring"},{"floor":97,"key":"Pondfish Scales"},{"floor":97,"key":"CCEMRelics:D6"},{"floor":99,"key":"CCEMRelics:PocketTank"},{"floor":99,"key":"CCEMRelics:FakeTeeth"}],"event_choices":[{"damage_healed":0,"gold_gain":0,"player_choice":"Ignored","damage_taken":0,"max_hp_gain":0,"max_hp_loss":0,"event_name":"betterNote:BetterNote","floor":19,"gold_loss":0,"cards_obtained":["Bouncing Flask"]},{"damage_healed":0,"gold_gain":0,"player_choice":"Paid","damage_taken":0,"relics_obtained":["Red Mask"],"max_hp_gain":0,"max_hp_loss":0,"event_name":"Tomb of Lord Red Mask","floor":38,"gold_loss":149},{"damage_healed":0,"gold_gain":0,"player_choice":"Rummage","damage_taken":0,"relics_obtained":["WarpedTongs"],"max_hp_gain":0,"max_hp_loss":0,"event_name":"Accursed Blacksmith","floor":53,"gold_loss":0,"cards_obtained":["Pain"]},{"damage_healed":0,"gold_gain":0,"player_choice":" Idol Vial ","damage_taken":185,"relics_obtained":["Bloody Idol","Blood Vial"],"max_hp_gain":244,"max_hp_loss":152,"event_name":"betterAltar:BetterAltar","floor":71,"potions_obtained":[],"relics_lost":[],"gold_loss":0},{"damage_healed":0,"gold_gain":0,"player_choice":"Fought Bandits","damage_taken":0,"max_hp_gain":0,"max_hp_loss":0,"event_name":"Masked Bandits","floor":73,"gold_loss":0},{"damage_healed":0,"gold_gain":0,"player_choice":"Got Potions","damage_taken":0,"max_hp_gain":0,"max_hp_loss":0,"event_name":"Lab","floor":87,"gold_loss":0},{"damage_healed":0,"gold_gain":0,"player_choice":"Embrace Madness","damage_taken":42,"max_hp_gain":0,"max_hp_loss":0,"event_name":"Winding Halls","floor":100,"gold_loss":0,"cards_obtained":["Madness","Madness"]}],"is_beta":false,"boss_relics":[{"not_picked":["hubris:VirtuousBlindfold","jedi:battlestandard"],"picked":"hubris:HollowSoul"},{"not_picked":["ReplayTheSpireMod:SealedPack","halation:Prosthetics"],"picked":"CCEMRelics:DarkMatter"},{"not_picked":["hubris:CrackedHourglass","beaked:SacredDeck"],"picked":"Pandora\u0027s Box"},{"not_picked":["halation:PlatinumPhoenix","Ooze Armor"],"picked":"Astrolabe"},{"not_picked":["hubris:RunicObelisk","halation:SmartPhone"],"picked":"construct:WeddingRing"},{"not_picked":["Coffee Dripper","CCEMRelics:ReaperScythe"],"picked":"SacredBark"}],"items_purged_floors":[28,36,72,88],"is_endless":true,"potions_floor_spawned":[7,8,10,11,14,22,24,25,27,31,33,40,44,46,48,50,52,54,55,56,57,58,59,61,62,64,65,67,69,70,73,74,75,76,77,78,80,81,84,86,89,90,91,93,95,96,97,98,99,101],"ascension_level":0}}