{"host":"6jrd8fn9k88n08be","time":1612147477,"event":{"mods":["BaseMod","Minty Spire (QoL Compilation)","StSLib"],"gold_per_floor":[111,130,305,305,323,323,134,164,164,164,7,20,55,74,74,172,172,182,163,163,173,173,173,203,203,203,215,240,257,273,302,302,400,400,413,78,78,96,111,111,160,160,206,229,14,64,98,117,117,117,117,117,26,59,59],"floor_reached":56,"language":"ENG","playtime":5449,"items_purged":["Doubt","Strike_G","Strike_G"],"score":1764,"play_id":"a908ba3e-ff0b-4d1c-83a8-30f9c1a1a785","local_time":"20210131214437","is_ascension_mode":true,"campfire_choices":[{"data":"Infinite Blades","floor":6.0,"key":"SMITH"},{"data":"Phantasmal Killer","floor":10.0,"key":"SMITH"},{"data":"Footwork","floor":15.0,"key":"SMITH"},{"data":"Accuracy","floor":23.0,"key":"SMITH"},{"floor":25.0,"key":"REST"},{"floor":32.0,"key":"REST"},{"floor":40.0,"key":"RECALL"},{"data":"Bullet Time","floor":42.0,"key":"SMITH"},{"data":"Calculated Gamble","floor":49,"key":"SMITH"},{"data":"Envenom","floor":52,"key":"SMITH"}],"circlet_count":0,"master_deck":["Strike_G","Defend_G","Defend_G","Defend_G","Defend_G","Defend_G","Survivor","Neutralize","Infinite Blades+1","Phantasmal Killer+1","Dagger Spray","Prepared","Accuracy","Cloak And Dagger","Accuracy+1","Footwork+1","Predator","Prepared","Tools of the Trade","Acrobatics","Bullet Time+1","Finisher+1","Blade Dance","Doppelganger","Backflip","Envenom+1","Catalyst+1","Acrobatics","Blade Dance","Calculated Gamble+1","Blade Dance+1","Eviscerate+1","Tactician+1","Burst","Concentrate","Expertise","Escape Plan","Tactician"],"relics":["Ring of the Snake","Dead Branch","Tiny Chest","Tough Bandages","Medical Kit","Ornamental Fan","SacredBark","Molten Egg 2","Gremlin Horn","Calipers","Omamori","The Courier","Philosopher\u0027s Stone","Ninja Scroll","StoneCalendar","PreservedInsect","MealTicket","Membership Card","Ginger","Centennial Puzzle","TungstenRod"],"acts_visited":["Exordium","TheCity","TheBeyond","TheEnding"],"potions_floor_usage":[54,54,55,55,55,55],"damage_taken":[{"damage":0.0,"enemies":"2 Louse","floor":1.0,"turns":3.0},{"damage":0.0,"enemies":"Jaw Worm","floor":2.0,"turns":3.0},{"damage":0.0,"enemies":"Cultist","floor":5.0,"turns":2.0},{"damage":16.0,"enemies":"Lagavulin","floor":8.0,"turns":6.0},{"damage":3.0,"enemies":"Blue Slaver","floor":12.0,"turns":3.0},{"damage":4.0,"enemies":"Gremlin Nob","floor":13.0,"turns":4.0},{"damage":6.0,"enemies":"Lots of Slimes","floor":14.0,"turns":3.0},{"damage":0.0,"enemies":"Hexaghost","floor":16.0,"turns":6.0},{"damage":4.0,"enemies":"Chosen","floor":18.0,"turns":4.0},{"damage":14.0,"enemies":"2 Thieves","floor":19.0,"turns":4.0},{"damage":0.0,"enemies":"Centurion and Healer","floor":21.0,"turns":6.0},{"damage":29.0,"enemies":"Gremlin Leader","floor":24.0,"turns":5.0},{"damage":10.0,"enemies":"Chosen and Byrds","floor":27.0,"turns":3.0},{"damage":0.0,"enemies":"Slavers","floor":28.0,"turns":3.0},{"damage":0.0,"enemies":"Snecko","floor":29.0,"turns":2.0},{"damage":5.0,"enemies":"Cultist and Chosen","floor":30.0,"turns":4.0},{"damage":0.0,"enemies":"Book of Stabbing","floor":31.0,"turns":2.0},{"damage":0.0,"enemies":"Champ","floor":33.0,"turns":9.0},{"damage":0.0,"enemies":"Orb Walker","floor":35.0,"turns":4.0},{"damage":1.0,"enemies":"3 Shapes","floor":38.0,"turns":2.0},{"damage":0.0,"enemies":"Spire Growth","floor":39.0,"turns":4.0},{"damage":0.0,"enemies":"2 Orb Walkers","floor":41.0,"turns":4.0},{"damage":0,"enemies":"Mind Bloom Boss Battle","floor":46,"turns":3},{"damage":0,"enemies":"Giant Head","floor":47,"turns":4},{"damage":0,"enemies":"Sphere and 2 Shapes","floor":48,"turns":3},{"damage":0,"enemies":"Awakened One","floor":50,"turns":5},{"damage":19,"enemies":"Shield and Spear","floor":54,"turns":4},{"damage":32,"enemies":"The Heart","floor":55,"turns":6}],"seed_played":"6635898575883195954","potions_obtained":[{"floor":2.0,"key":"EssenceOfSteel"},{"floor":8.0,"key":"FearPotion"},{"floor":12.0,"key":"LiquidMemories"},{"floor":16.0,"key":"Energy Potion"},{"floor":24.0,"key":"Swift Potion"},{"floor":27.0,"key":"Poison Potion"},{"floor":29.0,"key":"FearPotion"},{"floor":35.0,"key":"Weak Potion"},{"floor":39.0,"key":"EntropicBrew"},{"floor":54,"key":"EssenceOfSteel"}],"is_trial":false,"path_per_floor":["M","M","?","?","M","R","$","E","T","R","$","M","E","M","R","B",null,"M","M","?","M","T","R","E","R","T","M","E","M","M","E","R","B",null,"M","$","?","M","M","R","?","R","T","T","$","?","E","M","R","B",null,"R","$","E","B",null],"character_chosen":"THE_SILENT","items_purchased":["Accuracy","Cloak And Dagger","Medical Kit","Ninja Scroll","Acrobatics","Blade Dance","Membership Card","Eviscerate+1","Concentrate","Expertise","Escape Plan"],"campfire_rested":2,"item_purchase_floors":[7,7,11,36,36,36,45,45,53,53,53],"current_hp_per_floor":[63,63,63,63,63,63,63,47,47,47,47,44,40,34,34,34,63,59,45,45,45,45,45,16,34,34,24,24,24,19,19,37,37,63,63,63,63,62,62,62,62,62,62,62,63,63,63,63,63,63,63,63,63,44,12],"gold":59,"neow_bonus":"TRANSFORM_TWO_CARDS","is_daily":false,"chose_seed":false,"campfire_upgraded":7,"win_rate":0.0,"timestamp":1612147477,"path_taken":["M","M","?","?","M","R","$","E","T","R","$","M","E","?","R","BOSS","M","M","?","?","?","R","E","R","T","M","E","?","M","E","R","BOSS","M","$","?","M","M","R","?","R","T","?","$","?","E","M","R","BOSS","R","$","E","BOSS"],"items_purchased_type":["Card","Card","Relic","Relic","Card","Card","Relic","Card","Card","Card","Card"],"build_version":"2020-12-22","purchased_purges":3,"victory":true,"max_hp_per_floor":[63,63,63,63,63,63,63,63,63,63,63,63,63,63,63,63,63,63,63,63,63,63,63,63,63,63,63,63,63,63,63,63,63,63,63,63,63,63,63,63,63,63,63,63,63,63,63,63,63,63,63,63,63,63,63],"card_choices":[{"not_picked":["PiercingWail","Bane"],"picked":"Dagger Spray","floor":1.0},{"not_picked":["Underhanded Strike","Slice","Acrobatics"],"picked":"SKIP","floor":2.0},{"not_picked":["Underhanded Strike","Slice","Acrobatics"],"picked":"SKIP","floor":2.0},{"not_picked":["Blur","Well Laid Plans"],"picked":"Prepared","floor":5.0},{"not_picked":["Tools of the Trade","All Out Attack"],"picked":"Accuracy","floor":8.0},{"not_picked":["Outmaneuver","Flying Knee"],"picked":"Footwork","floor":12.0},{"not_picked":["Acrobatics","Leg Sweep"],"picked":"Predator","floor":13.0},{"not_picked":["Deflect","PiercingWail"],"picked":"Prepared","floor":14.0},{"not_picked":["Wraith Form v2","Malaise"],"picked":"Tools of the Trade","floor":16.0},{"not_picked":["Backflip","Sucker Punch"],"picked":"Acrobatics","floor":18.0},{"not_picked":["Deflect","Underhanded Strike"],"picked":"Concentrate","floor":19.0},{"not_picked":["Slice+1","PiercingWail"],"picked":"Bullet Time","floor":21.0},{"not_picked":["Venomology","Caltrops"],"picked":"Finisher+1","floor":24.0},{"not_picked":["Terror","Deflect+1"],"picked":"Blade Dance","floor":27.0},{"not_picked":["Dodge and Roll","Prepared","All Out Attack+1"],"picked":"SKIP","floor":28.0},{"not_picked":["Flying Knee+1","Prepared","Dodge and Roll"],"picked":"SKIP","floor":29.0},{"not_picked":["Dagger Spray+1","Backstab+1"],"picked":"Doppelganger","floor":30.0},{"not_picked":["Quick Slash+1","Expertise"],"picked":"Backflip","floor":31.0},{"not_picked":["Glass Knife+1","Unload+1"],"picked":"Envenom","floor":33.0},{"not_picked":["Riddle With Holes+1","Blade Dance"],"picked":"Catalyst+1","floor":35.0},{"not_picked":["Flying Knee+1","Reflex+1"],"picked":"Calculated Gamble","floor":38.0},{"not_picked":["Bane+1","Deflect"],"picked":"Blade Dance+1","floor":39.0},{"not_picked":["Crippling Poison","Acrobatics"],"picked":"Tactician+1","floor":47},{"not_picked":["Acrobatics","Poisoned Stab+1"],"picked":"Burst","floor":48},{"not_picked":["Deadly Poison+1","Sucker Punch+1"],"picked":"Tactician","floor":54}],"player_experience":143154,"relics_obtained":[{"floor":4.0,"key":"Dead Branch"},{"floor":8.0,"key":"Tiny Chest"},{"floor":9.0,"key":"Tough Bandages"},{"floor":13.0,"key":"Ornamental Fan"},{"floor":22.0,"key":"Gremlin Horn"},{"floor":24.0,"key":"Calipers"},{"floor":28.0,"key":"Omamori"},{"floor":31.0,"key":"The Courier"},{"floor":41.0,"key":"StoneCalendar"},{"floor":43.0,"key":"PreservedInsect"},{"floor":44.0,"key":"MealTicket"},{"floor":46,"key":"Ginger"},{"floor":47,"key":"Centennial Puzzle"},{"floor":54,"key":"TungstenRod"}],"event_choices":[{"damage_healed":0.0,"max_hp_gain":0.0,"max_hp_loss":0.0,"gold_gain":175.0,"event_name":"Liars Game","player_choice":"AGREE","floor":3.0,"gold_loss":0.0,"damage_taken":0.0,"cards_obtained":["Doubt"]},{"damage_healed":0.0,"max_hp_gain":0.0,"max_hp_loss":0.0,"gold_gain":0.0,"event_name":"Wheel of Change","player_choice":"Relic","floor":4.0,"gold_loss":0.0,"damage_taken":0.0},{"damage_healed":0.0,"max_hp_gain":0.0,"max_hp_loss":0.0,"gold_gain":0.0,"event_name":"WeMeetAgain","player_choice":"Gave Potion","floor":20.0,"gold_loss":0.0,"damage_taken":0.0,"relics_obtained":["Molten Egg 2"]},{"cards_removed":["Concentrate"],"damage_healed":0.0,"max_hp_gain":0.0,"max_hp_loss":0.0,"gold_gain":0.0,"event_name":"Falling","player_choice":"Removed Skill","floor":37.0,"gold_loss":0.0,"damage_taken":0.0},{"damage_healed":0.0,"max_hp_gain":0.0,"max_hp_loss":0.0,"gold_gain":0.0,"event_name":"Mysterious Sphere","player_choice":"Fight","floor":41.0,"gold_loss":0.0,"damage_taken":0.0},{"damage_healed":0,"gold_gain":0,"player_choice":"Fight","damage_taken":0,"max_hp_gain":0,"max_hp_loss":0,"event_name":"MindBloom","floor":46,"gold_loss":0}],"is_beta":false,"boss_relics":[{"not_picked":["Sozu","Snecko Eye"],"picked":"SacredBark"},{"not_picked":["WristBlade","Calling Bell"],"picked":"Philosopher\u0027s Stone"}],"items_purged_floors":[7,36,45],"is_endless":false,"potions_floor_spawned":[2,8,12,16,19,24,27,29,35,39,41,47,54],"ascension_level":4}}