{"host":"mw3dmj42qtkbha4b","time":1612205322,"event":{"mods":["BaseMod","Colored Map","Colored Powertips","DeckTracker","Minty Spire (QoL Compilation)","StSLib","SuperFastMode"],"gold_per_floor":[110,110,110,110,35,66,83,115,164,176,221,233,273,285,297,309,309],"floor_reached":16,"language":"KOR","playtime":312,"items_purged":["Defend_P"],"score":348,"play_id":"d51412df-748b-4b88-8a07-81bb9adb765e","local_time":"20210202034842","is_ascension_mode":true,"campfire_choices":[{"data":"Eruption","floor":10.0,"key":"SMITH"},{"floor":15.0,"key":"REST"}],"circlet_count":0,"master_deck":["AscendersBane","Strike_P","Strike_P+1","Strike_P","Strike_P","Defend_P","Defend_P","Defend_P","Eruption+1","Vigilance+1","Indignation","LessonLearned"],"relics":["PureWater","NeowsBlessing","Boot","Bronze Scales","MawBank","InkBottle","HornCleat","Blue Candle"],"acts_visited":["Exordium"],"potions_floor_usage":[],"damage_taken":[{"damage":0.0,"enemies":"Jaw Worm","floor":1.0,"turns":1.0},{"damage":0.0,"enemies":"Gremlin Nob","floor":6.0,"turns":1.0},{"damage":0.0,"enemies":"Small Slimes","floor":7.0,"turns":1.0},{"damage":0.0,"enemies":"Lagavulin","floor":8.0,"turns":2.0},{"damage":16.0,"enemies":"Gremlin Nob","floor":11.0,"turns":3.0},{"damage":28.0,"enemies":"Lagavulin","floor":13.0,"turns":5.0},{"damage":36,"enemies":"Slime Boss","floor":16,"turns":4}],"seed_played":"-5832294675431192139","potions_obtained":[{"floor":6.0,"key":"Swift Potion"},{"floor":7.0,"key":"EntropicBrew"},{"floor":8.0,"key":"AttackPotion"},{"floor":11.0,"key":"Fruit Juice"}],"is_trial":false,"path_per_floor":["M","?","$","?","$","E","M","E","T","R","E","?","E","T","R","B"],"character_chosen":"WATCHER","items_purchased":[],"campfire_rested":1,"item_purchase_floors":[],"current_hp_per_floor":[61,41,41,46,46,46,46,46,46,46,30,35,7,7,30,0,0],"gold":309,"neow_bonus":"THREE_ENEMY_KILL","is_daily":false,"chose_seed":false,"campfire_upgraded":1,"win_rate":0.0,"timestamp":1612205322,"path_taken":["M","?","$","?","?","E","M","E","T","R","E","?","E","?","R","BOSS"],"items_purchased_type":[],"build_version":"2020-12-22","purchased_purges":1,"victory":false,"max_hp_per_floor":[68,68,68,73,73,73,73,73,73,73,73,78,78,78,78,78,78],"card_choices":[{"not_picked":["ClearTheMind","Evaluate","FollowUp"],"picked":"SKIP","floor":1.0},{"not_picked":["FlyingSleeves","FollowUp","WreathOfFlame"],"picked":"SKIP","floor":6.0},{"not_picked":["Evaluate","Collect","WindmillStrike"],"picked":"SKIP","floor":7.0},{"not_picked":["Evaluate","Meditate"],"picked":"Indignation","floor":8.0},{"not_picked":["TalkToTheHand","Crescendo"],"picked":"LessonLearned","floor":11.0},{"not_picked":["SashWhip","WreathOfFlame","Pray"],"picked":"SKIP","floor":13.0}],"player_experience":1780166,"relics_obtained":[{"floor":6.0,"key":"Boot"},{"floor":8.0,"key":"Bronze Scales"},{"floor":9.0,"key":"MawBank"},{"floor":11.0,"key":"InkBottle"},{"floor":13.0,"key":"HornCleat"},{"floor":14.0,"key":"Blue Candle"}],"event_choices":[{"damage_healed":0.0,"max_hp_gain":0.0,"max_hp_loss":0.0,"gold_gain":0.0,"event_name":"Shining Light","player_choice":"Entered Light","floor":2.0,"gold_loss":0.0,"damage_taken":20.0,"cards_upgraded":["Vigilance","Strike_P"]},{"damage_healed":0.0,"max_hp_gain":5.0,"max_hp_loss":0.0,"gold_gain":0.0,"event_name":"Big Fish","player_choice":"Donut","floor":4.0,"gold_loss":0.0,"damage_taken":0.0},{"damage_healed":0.0,"max_hp_gain":0.0,"max_hp_loss":0.0,"gold_gain":0.0,"event_name":"Scrap Ooze","player_choice":"Fled","floor":12.0,"gold_loss":0.0,"damage_taken":0.0}],"is_beta":false,"boss_relics":[],"items_purged_floors":[5],"is_endless":false,"potions_floor_spawned":[6,7,8,11],"killed_by":"Slime Boss","ascension_level":20}}