{"host":"6xnetdfutjfdr70g","time":1612138388,"event":{"mods":["BaseMod","Colored Powertips","Highlight Path","Minty Spire (QoL Compilation)","Relic Stats"],"gold_per_floor":[112,30,48,48,60,89,89,117,140,140,140,140,140,164,164,164,164],"floor_reached":16,"language":"ENG","playtime":7870,"items_purged":[],"score":184,"play_id":"25a4ba12-1a23-463c-b225-801c47c002cd","local_time":"20210131181308","is_ascension_mode":true,"campfire_choices":[{"data":"Flame Barrier","floor":7,"key":"SMITH"},{"floor":10,"key":"REST"},{"floor":13,"key":"REST"},{"data":"Bash","floor":15,"key":"SMITH"}],"circlet_count":0,"master_deck":["AscendersBane","Strike_R","Strike_R","Strike_R","Strike_R","Defend_R","Defend_R","Defend_R","Bash+1","Pommel Strike","Flame Barrier+1","Flex","Headbutt","Shrug It Off","Reaper","Spot Weakness"],"relics":["Burning Blood","TungstenRod","Strawberry","Centennial Puzzle","Happy Flower","Golden Idol"],"acts_visited":["Exordium"],"potions_floor_usage":[16,16],"damage_taken":[{"damage":9,"enemies":"Cultist","floor":1,"turns":4},{"damage":4,"enemies":"Small Slimes","floor":3,"turns":3},{"damage":1,"enemies":"2 Louse","floor":5,"turns":2},{"damage":38,"enemies":"Lagavulin","floor":6,"turns":7},{"damage":28,"enemies":"3 Sentries","floor":8,"turns":9},{"damage":14,"enemies":"Blue Slaver","floor":14,"turns":4},{"damage":75,"enemies":"Slime Boss","floor":16,"turns":10}],"seed_played":"5374735447825817826","potions_obtained":[{"floor":1,"key":"LiquidMemories"},{"floor":8,"key":"SteroidPotion"},{"floor":14,"key":"FearPotion"}],"is_trial":false,"path_per_floor":["M","$","M","?","M","E","R","E","T","R","?","?","R","M","R","B"],"character_chosen":"IRONCLAD","items_purchased":["Flame Barrier"],"campfire_rested":2,"item_purchase_floors":[2],"current_hp_per_floor":[65,65,67,67,68,43,43,21,21,43,26,26,48,49,49,0,0],"gold":164,"neow_bonus":"ONE_RARE_RELIC","is_daily":false,"chose_seed":false,"campfire_upgraded":2,"win_rate":0.0,"timestamp":1612138388,"path_taken":["M","?","?","?","?","E","R","E","T","R","?","?","R","M","R","BOSS"],"items_purchased_type":["Card"],"build_version":"2020-12-22","purchased_purges":0,"victory":false,"max_hp_per_floor":[68,68,68,68,68,75,75,75,75,75,75,75,75,75,75,75,75],"relic_stats":{"Centennial Puzzle":[6],"Happy Flower":[4],"counters":[7,39],"Golden Idol":5,"obtain_stats":[{"Centennial Puzzle":8,"Happy Flower":9,"Golden Idol":11,"Strawberry":6,"Burning Blood":0,"TungstenRod":0},{"Centennial Puzzle":5,"Happy Flower":5,"Golden Idol":5,"Strawberry":4,"Burning Blood":0,"TungstenRod":0},{"Centennial Puzzle":25,"Happy Flower":25,"Golden Idol":25,"Strawberry":16,"Burning Blood":0,"TungstenRod":0}],"Burning Blood":32,"TungstenRod":22},"card_choices":[{"not_picked":["Seeing Red","Clash"],"picked":"Pommel Strike","floor":1},{"not_picked":["Iron Wave","Anger"],"picked":"Flex","floor":3},{"not_picked":["Reckless Charge","Iron Wave"],"picked":"Headbutt","floor":5},{"not_picked":["Seeing Red","Sever Soul"],"picked":"Shrug It Off","floor":6},{"not_picked":["Heavy Blade","True Grit"],"picked":"Reaper","floor":8},{"not_picked":["Infernal Blade","Hemokinesis"],"picked":"Spot Weakness","floor":14}],"player_experience":424913,"relics_obtained":[{"floor":6,"key":"Strawberry"},{"floor":8,"key":"Centennial Puzzle"},{"floor":9,"key":"Happy Flower"}],"event_choices":[{"cards_removed":["Defend_R"],"damage_healed":0,"gold_gain":0,"player_choice":"Purged","damage_taken":0,"max_hp_gain":0,"max_hp_loss":0,"event_name":"Purifier","floor":4,"gold_loss":0},{"damage_healed":0,"gold_gain":0,"player_choice":"Take Damage","damage_taken":18,"relics_obtained":["Golden Idol"],"max_hp_gain":0,"max_hp_loss":0,"event_name":"Golden Idol","floor":11,"gold_loss":0},{"cards_removed":["Strike_R"],"damage_healed":0,"gold_gain":0,"player_choice":"Offered Basic","damage_taken":0,"max_hp_gain":0,"max_hp_loss":0,"event_name":"Bonfire Elementals","floor":12,"gold_loss":0}],"is_beta":false,"boss_relics":[],"items_purged_floors":[],"is_endless":false,"potions_floor_spawned":[1,8,14],"killed_by":"Slime Boss","ascension_level":14}}