{"host":"2hea6pl5vmah38iy","time":1612175686,"event":{"mods":["AchievementEnabler","BaseMod","Colored Map","DeckTracker","Keyboard Shortcuts","Minty Spire (QoL Compilation)","Rare Cards Sparkle","StSLib","SuperFastMode","everything is the same but u backflip on backflip"],"gold_per_floor":[116,116,131,142,152,152,152,152],"floor_reached":7,"language":"KOR","playtime":218,"items_purged":[],"score":82,"play_id":"99aa2f7e-328b-4d2d-8b7d-9f3b10141f00","local_time":"20210201193446","is_ascension_mode":true,"campfire_choices":[{"data":"Blizzard","floor":6,"key":"SMITH"}],"circlet_count":0,"master_deck":["AscendersBane","Strike_B","Strike_B","Strike_B","Strike_B","Defend_B","Defend_B","Defend_B","Defend_B","Zap+1","Dualcast","Coolheaded","Sweeping Beam","Leap","Cold Snap","Blizzard+1"],"relics":["Cracked Core"],"acts_visited":["Exordium"],"potions_floor_usage":[7],"damage_taken":[{"damage":6,"enemies":"2 Louse","floor":1,"turns":3},{"damage":0,"enemies":"Cultist","floor":3,"turns":2},{"damage":6,"enemies":"Jaw Worm","floor":4,"turns":3},{"damage":13,"enemies":"3 Louse","floor":5,"turns":3},{"damage":42,"enemies":"Gremlin Nob","floor":7,"turns":4}],"seed_played":"-7758624760780265620","potions_obtained":[{"floor":1,"key":"Ancient Potion"},{"floor":4,"key":"DuplicationPotion"}],"is_trial":false,"path_per_floor":["M","?","M","M","M","R","E"],"character_chosen":"DEFECT","items_purchased":[],"campfire_rested":0,"item_purchase_floors":[],"current_hp_per_floor":[58,58,58,52,39,39,0,0],"gold":152,"neow_bonus":"THREE_CARDS","is_daily":false,"chose_seed":false,"campfire_upgraded":1,"win_rate":0.0,"timestamp":1612175686,"path_taken":["M","?","M","M","?","R","E"],"items_purchased_type":[],"build_version":"2020-12-22","purchased_purges":0,"victory":false,"max_hp_per_floor":[71,71,71,71,71,71,71,71],"card_choices":[{"not_picked":["Leap","Auto Shields"],"picked":"Coolheaded","floor":0},{"not_picked":["Lockon","Leap"],"picked":"Sweeping Beam","floor":1},{"not_picked":["Coolheaded","Turbo"],"picked":"Leap","floor":3},{"not_picked":["Heatsinks","Turbo"],"picked":"Cold Snap","floor":4},{"not_picked":["Cold Snap","Redo"],"picked":"Blizzard","floor":5}],"player_experience":552862,"relics_obtained":[],"event_choices":[{"damage_healed":0,"gold_gain":0,"player_choice":"Forge","damage_taken":0,"max_hp_gain":0,"max_hp_loss":0,"event_name":"Accursed Blacksmith","floor":2,"gold_loss":0,"cards_upgraded":["Zap"]}],"is_beta":false,"boss_relics":[],"items_purged_floors":[],"is_endless":false,"potions_floor_spawned":[1,4],"killed_by":"Gremlin Nob","ascension_level":18}}