{"host":"hka8b3f4pkvnp4ei","time":1612182297,"event":{"mods":["BaseMod","Minty Spire (QoL Compilation)","Quick Restart","Replay The Spire","StSLib"],"gold_per_floor":[115,85,13,13,13,48,48,77,151,151,178,190,222,254,566,676,688,716,728,740,766,540,570,390,424,424,424,424],"floor_reached":27,"language":"ZHS","playtime":880,"items_purged":["Strike_B","Strike_B"],"score":378,"play_id":"bb406876-eb4e-43ef-a559-91305cde0823","local_time":"20210201202457","is_ascension_mode":true,"campfire_choices":[{"data":"Defragment","floor":10.0,"key":"SMITH"},{"data":"Dualcast","floor":12.0,"key":"SMITH"},{"floor":15.0,"key":"DIG"}],"circlet_count":0,"master_deck":["Strike_B","Strike_B","Defend_B","Defend_B","Defend_B","Zap","Dualcast+1","Genetic Algorithm","Defragment+1","ReplayTheSpireMod:GoodbyeWorld+1","Recycle","Streamline","Ball Lightning","Machine Learning","Echo Form","Coolheaded+1","Coolheaded+1","Apotheosis","Defragment","Double Energy"],"relics":["Cracked Core","NeowsBlessing","Divine Protection","Blood Vial","Gremlin Horn","MawBank","Old Coin","Inserter","Onion Ring","ReplayTheSpireMod:TigerMarble"],"acts_visited":["Exordium","TheCity"],"potions_floor_usage":[],"damage_taken":[{"damage":0.0,"enemies":"Cultist","floor":1.0,"turns":1.0},{"damage":0.0,"enemies":"Lagavulin","floor":6.0,"turns":1.0},{"damage":0.0,"enemies":"3 Sentries","floor":8.0,"turns":1.0},{"damage":24.0,"enemies":"Gremlin Nob","floor":11.0,"turns":4.0},{"damage":0.0,"enemies":"2 Louse","floor":13.0,"turns":3.0},{"damage":0.0,"enemies":"Jaw Worm","floor":14.0,"turns":3.0},{"damage":19.0,"enemies":"The Guardian","floor":16.0,"turns":10.0},{"damage":20.0,"enemies":"Spheric Guardian","floor":18.0,"turns":4.0},{"damage":9.0,"enemies":"Chosen","floor":21.0,"turns":5.0},{"damage":15.0,"enemies":"Slavers","floor":23.0,"turns":6.0},{"damage":33.0,"enemies":"Book of Stabbing","floor":25.0,"turns":12.0},{"damage":0,"enemies":"3 Cultists","floor":27,"turns":3}],"seed_played":"-733816148367829743","potions_obtained":[{"floor":1.0,"key":"SteroidPotion"},{"floor":2.0,"key":"FearPotion"},{"floor":2.0,"key":"Toxic Potion"},{"floor":8.0,"key":"Languid Potion"},{"floor":11.0,"key":"Milkshake"},{"floor":16.0,"key":"FocusPotion"},{"floor":18.0,"key":"SkillPotion"},{"floor":23.0,"key":"Cursed Concoction"}],"is_trial":false,"path_per_floor":["M","?","$","?","?","E","$","E","T","R","E","R","M","M","R","B",null,"M","?","?","M","$","E","$","E","T","M"],"character_chosen":"DEFECT","items_purchased":["Defragment","Apotheosis","Defragment"],"campfire_rested":0,"item_purchase_floors":[3,22,24],"current_hp_per_floor":[75,75,75,80,80,80,80,80,80,80,56,56,58,60,60,43,80,60,60,60,53,53,40,40,9,9,11,11],"gold":424,"neow_bonus":"THREE_ENEMY_KILL","is_daily":false,"chose_seed":false,"campfire_upgraded":2,"win_rate":0.0,"timestamp":1612182297,"path_taken":["M","?","?","?","?","E","$","E","T","R","E","R","M","M","R","BOSS","M","?","?","?","$","E","$","E","T","M"],"items_purchased_type":["Card","Card","Card"],"build_version":"2020-12-22","purchased_purges":2,"victory":false,"max_hp_per_floor":[75,75,75,80,80,80,80,80,80,80,80,80,80,80,80,80,80,80,80,80,80,80,80,80,80,80,80,80],"card_choices":[{"not_picked":["Doom and Gloom","Conserve Battery"],"picked":"Genetic Algorithm","floor":1.0},{"not_picked":["Sweeping Beam","Conserve Battery"],"picked":"Recycle","floor":6.0},{"not_picked":["Static Discharge","Tempest"],"picked":"Streamline","floor":8.0},{"not_picked":["Time Bomb","BasicCrystalCard"],"picked":"Ball Lightning","floor":11.0},{"not_picked":["Conserve Battery","Auto Shields","Darkness"],"picked":"SKIP","floor":13.0},{"not_picked":["Go for the Eyes","Consume"],"picked":"Machine Learning","floor":14.0},{"not_picked":["ReplayRNGCard","Reboot"],"picked":"Echo Form","floor":16.0},{"not_picked":["Hologram","Go for the Eyes"],"picked":"Coolheaded+1","floor":18.0},{"not_picked":["Panic Button+1","Undo"],"picked":"Coolheaded+1","floor":21.0},{"not_picked":["Static Discharge","Hologram+1","Barrage+1"],"picked":"SKIP","floor":23.0},{"not_picked":["ReplayGash+1","Buffer"],"picked":"Double Energy","floor":25.0}],"player_experience":1077142,"relics_obtained":[{"floor":6.0,"key":"Divine Protection"},{"floor":8.0,"key":"Blood Vial"},{"floor":9.0,"key":"Gremlin Horn"},{"floor":11.0,"key":"MawBank"},{"floor":15.0,"key":"Old Coin"},{"floor":23.0,"key":"Onion Ring"},{"floor":25.0,"key":"ReplayTheSpireMod:TigerMarble"}],"event_choices":[{"damage_healed":0.0,"max_hp_gain":0.0,"max_hp_loss":0.0,"gold_gain":0.0,"event_name":"The Woman in Blue","player_choice":"Bought 2 Potions","floor":2.0,"gold_loss":0.0,"damage_taken":0.0},{"damage_healed":0.0,"max_hp_gain":5.0,"max_hp_loss":0.0,"gold_gain":0.0,"event_name":"Big Fish","player_choice":"Donut","floor":4.0,"gold_loss":0.0,"damage_taken":0.0},{"damage_healed":0.0,"max_hp_gain":0.0,"max_hp_loss":0.0,"gold_gain":0.0,"event_name":"Vampires","player_choice":"Ignored","floor":19.0,"gold_loss":0.0,"damage_taken":0.0},{"damage_healed":0.0,"max_hp_gain":0.0,"max_hp_loss":0.0,"gold_gain":0.0,"event_name":"The Mausoleum","player_choice":"Ignored","floor":20.0,"gold_loss":0.0,"damage_taken":0.0}],"is_beta":false,"boss_relics":[{"not_picked":["Runic Pyramid","Replay:Bronze Core"],"picked":"Inserter"}],"items_purged_floors":[22,24],"is_endless":false,"potions_floor_spawned":[1,8,11,16,18,23],"killed_by":"3 Cultists","ascension_level":4}}