{"host":"vca5odlxycr7xk6d","time":1612177402,"event":{"mods":["Act Like it!","Arknights","BaseMod","Better Note","BetterRewards","Gensokyo","GungeonMod","Hermit","Hubris","Infinite Spire","Marisa????????","Minty Spire (QoL Compilation)","Morshu Shopkeeper","Reimu??????","Replay The Spire","Shop Mod","Spire Arcade","StSLib","The Animator","The Cursed","The Fake Hero","The Poker Player"],"gold_per_floor":[118,118,135,151,165,165,165,165,165,165,175,350,382,51,51,149,149,165,182,182,196,213,213,231,231,255,290,306,306,324,324,324,429,429,448,465,465,483,496,526,557,583,670,697,743,773,810,840,852,864],"floor_reached":51,"language":"ENG","playtime":3310,"items_purged":["Doubt","ats:Strike V"],"score":817,"play_id":"3884a338-23a8-4a98-9230-484eb184b462","local_time":"20210201180322","is_ascension_mode":false,"campfire_choices":[{"data":"ats:Closed Bolt Burst Fire","floor":6,"key":"SMITH"},{"data":"ats:Consecutive Shot Auto","floor":8,"key":"SMITH"},{"data":"ats:Blood Oath","floor":10,"key":"SMITH"},{"data":"ats:Demon Strength","floor":15,"key":"SMITH"},{"data":"ats:Powerful Strike","floor":23,"key":"SMITH"},{"data":"ats:Apocalypse","floor":25,"key":"SMITH"},{"data":"ats:Healing Strengthening","floor":32,"key":"SMITH"},{"floor":49,"key":"REST"}],"circlet_count":0,"master_deck":["ats:Strike C","ats:Strike G","ats:Strike S","ats:Armor Crushing Shot","ats:Defend","ats:Defend","ats:Defend","ats:Defend","ats:Emotion Absorption","ats:Closed Bolt Burst Fire+1","ats:Support Order","ats:Blood Oath+1","ats:Consecutive Shot Auto+1","ats:Powerful Strike+1","ats:Demon Strength+1","ats:Soul Rend","ats:Healing Strengthening+1","ats:Magnetic Hammer+1","ats:Composite Medical Shells","ats:Defend Order+1","ats:Apocalypse+1","ats:Blood Oath+1","ats:Spore Proliferation","ats:Leaping Hammer+1","ats:Volcano+1","ats:Disruption Kick+1","ats:Assault Order+1","ats:Poison Spread+1","ats:Healing Drone+1","ats:Sword Rain+1","Parasite","ats:Curse Doll","ats:Flexible Camouflage+1","ats:Automatic Cover+1","ats:Neurotoxin","ats:Very Hot Blade+1","ats:True Silver Slash+1","ats:Red Shift+1"],"relics":["ats:Sanity","NeowsBlessing","FaceOfCleric","hubris:TenFootPole","ats:Originium","Molten Egg 2","infinitespire:EmpoweringShard","hubris:Backtick","Oddly Smooth Stone","Pocketwatch","ats:Tactical Delivery","Bag of Preparation","Replay:Rubber Ducky","Nloth\u0027s Gift","Black Star","Art of War","Vajra","MawBank","infinitespire:BottledMercury","RuthlessExorcism:ReiMu","hubris:Teleporter","Akabeko","hubris:TinFlute"],"acts_visited":["Exordium","TheCity","TheBeyond"],"potions_floor_usage":[5,5,13,16,27,33,33,45,45,45,50],"damage_taken":[{"damage":0,"enemies":"Jaw Worm","floor":1,"turns":1},{"damage":0,"enemies":"Cultist","floor":3,"turns":1},{"damage":0,"enemies":"2 Louse","floor":4,"turns":1},{"damage":3,"enemies":"Exordium Thugs","floor":5,"turns":4},{"damage":0,"enemies":"Large Slime","floor":11,"turns":5},{"damage":33,"enemies":"3 Sentries","floor":13,"turns":7},{"damage":55,"enemies":"The Guardian","floor":16,"turns":7},{"damage":4,"enemies":"Spheric Guardian","floor":18,"turns":3},{"damage":7,"enemies":"2 Thieves","floor":19,"turns":4},{"damage":18,"enemies":"Shelled Parasite and Fungi","floor":21,"turns":4},{"damage":17,"enemies":"Snecko","floor":22,"turns":4},{"damage":27,"enemies":"Snake Plant","floor":24,"turns":4},{"damage":53,"enemies":"Nightmare","floor":27,"turns":6},{"damage":0,"enemies":"3 Cultists","floor":28,"turns":3},{"damage":17,"enemies":"Centurion and Healer","floor":30,"turns":5},{"damage":55,"enemies":"Collector","floor":33,"turns":8},{"damage":35,"enemies":"3 Darklings","floor":35,"turns":5},{"damage":0,"enemies":"3 Shapes","floor":36,"turns":4},{"damage":38,"enemies":"Jaw Worm Horde","floor":38,"turns":3},{"damage":7,"enemies":"Maw","floor":39,"turns":7},{"damage":20,"enemies":"R_Hoarder","floor":40,"turns":7},{"damage":29,"enemies":"Writhing Mass","floor":41,"turns":7},{"damage":15,"enemies":"4 Shapes","floor":42,"turns":3},{"damage":16,"enemies":"Jaw Worm Horde","floor":44,"turns":5},{"damage":9,"enemies":"Nightmare","floor":45,"turns":7},{"damage":23,"enemies":"3 Darklings","floor":46,"turns":5},{"damage":35,"enemies":"R_Hoarder","floor":47,"turns":7},{"damage":9,"enemies":"Spire Growth","floor":48,"turns":4},{"damage":77,"enemies":"Donu and Deca","floor":50,"turns":8}],"seed_played":"-8787719937129017098","potions_obtained":[{"floor":1,"key":"Block Potion"},{"floor":2,"key":"SmokeBomb"},{"floor":2,"key":"LiquidBronze"},{"floor":2,"key":"Milkshake"},{"floor":4,"key":"Dexterity Potion"},{"floor":11,"key":"FearPotion"},{"floor":16,"key":"ZuzhouPotion:ReiMu"},{"floor":18,"key":"Elixir"},{"floor":19,"key":"ColorlessPotion"},{"floor":28,"key":"PowerPotion"},{"floor":30,"key":"FearPotion"},{"floor":33,"key":"GamblersBrew"},{"floor":39,"key":"Swift Potion"},{"floor":42,"key":"DuplicationPotion"},{"floor":45,"key":"GamblersBrew"},{"floor":47,"key":"Flashbang"},{"floor":48,"key":"LiquidMemories"}],"is_trial":false,"path_per_floor":["M","?","M","M","M","R","?","R","T","R","M","?","E","$","R","B",null,"M","M","AVR","M","M","R","M","R","T","NM","M","?","M","?","R","B",null,"M","M","?","M","M","E","M","M","T","M","NM","M","E","M","R","B",null],"character_chosen":"DOCTOR_CLASS","items_purchased":["infinitespire:EmpoweringShard"],"campfire_rested":1,"item_purchase_floors":[14],"current_hp_per_floor":[72,72,72,72,72,72,72,72,72,72,73,73,51,51,51,7,75,76,77,77,65,56,56,40,40,40,18,39,39,62,62,62,47,84,59,72,72,50,88,78,90,86,86,92,93,77,77,79,96,79],"gold":876,"neow_bonus":"THREE_ENEMY_KILL","is_daily":false,"chose_seed":false,"campfire_upgraded":7,"win_rate":0.0,"timestamp":1612177402,"path_taken":["M","?","M","?","M","R","?","R","T","R","?","?","E","?","R","BOSS","M","M","AVR","M","M","R","?","R","T","NM","M","?","M","?","R","BOSS","M","M","?","M","M","E","M","M","T","?","NM","M","E","M","R","BOSS"],"items_purchased_type":["Relic"],"build_version":"2020-12-22","purchased_purges":2,"victory":true,"max_hp_per_floor":[72,72,72,72,72,72,72,72,72,72,73,73,74,74,74,75,75,76,77,77,78,79,79,80,80,80,81,82,82,83,83,83,84,84,85,86,86,87,88,89,90,91,91,92,93,94,95,96,96,97],"card_choices":[{"not_picked":["ats:Thorns","ats:Absolute Focus"],"picked":"ats:Closed Bolt Burst Fire","floor":1},{"not_picked":["ats:Curse Doll","ats:Powerful Strike"],"picked":"ats:Support Order","floor":3},{"not_picked":["ats:Absolute Focus","ats:Song Of Battle"],"picked":"ats:Blood Oath","floor":4},{"not_picked":["ats:Revitalization","ats:Leaping Hammer"],"picked":"ats:Consecutive Shot Auto","floor":5},{"not_picked":["ats:Revitalization","ats:Guard Mode"],"picked":"ats:Powerful Strike","floor":11},{"not_picked":["ats:Durian","ats:Flame Of Heaven"],"picked":"ats:Demon Strength","floor":13},{"not_picked":["ats:True Silver Slash+1","ats:Fractured Body"],"picked":"ats:Soul Rend","floor":16},{"not_picked":["ats:Very Hot Blade+1","ats:Absolute Focus"],"picked":"ats:Healing Strengthening","floor":18},{"not_picked":["ats:Poison Spread+1","ats:Assault Order+1"],"picked":"ats:Magnetic Hammer+1","floor":19},{"not_picked":["ats:Absolute Focus","ats:Shell Defense"],"picked":"ats:Composite Medical Shells","floor":21},{"not_picked":["ats:Closed Bolt Burst Fire+1","ats:Shadow Raid"],"picked":"ats:Defend Order+1","floor":22},{"not_picked":["ats:Very Hot Blade+1","ats:Spore Proliferation"],"picked":"ats:Apocalypse","floor":24},{"not_picked":["ats:Poison Spread+1","ats:Consecutive Shot Auto+1"],"picked":"ats:Blood Oath+1","floor":27},{"not_picked":["ats:Magnetic Hammer+1","ats:Poison Spread+1"],"picked":"ats:Spore Proliferation","floor":28},{"not_picked":["ats:Closed Bolt Burst Fire+1","ats:Flexible Camouflage"],"picked":"ats:Volcano+1","floor":30},{"not_picked":["ats:Fractured Body","ats:Wolf Pack+1"],"picked":"ats:Disruption Kick+1","floor":33},{"not_picked":["ats:Automatic Cover","ats:Hammer On+1"],"picked":"ats:Assault Order+1","floor":35},{"not_picked":["ats:Disruption Kick+1","ats:Magnetic Hammer+1"],"picked":"ats:Poison Spread+1","floor":36},{"not_picked":["ats:Shell Defense","ats:Powerful Strike+1"],"picked":"ats:Healing Drone+1","floor":38},{"not_picked":["ats:Blood Oath+1","ats:Absolute Focus+1"],"picked":"ats:Sword Rain+1","floor":39},{"not_picked":["ats:LN2 Cannon+1","ats:Consecutive Shot Auto+1","ats:Shadow Raid"],"picked":"SKIP","floor":40},{"not_picked":["ats:Powerful Strike+1","ats:Absolute Focus+1"],"picked":"ats:Curse Doll","floor":41},{"not_picked":["ats:Blood Oath+1","ats:Consecutive Shot Auto+1"],"picked":"ats:Flexible Camouflage+1","floor":42},{"not_picked":["ats:Healing Drone","ats:Revitalization"],"picked":"ats:Automatic Cover+1","floor":44},{"not_picked":["ats:Rat Pack","ats:Shadow Raid"],"picked":"ats:Neurotoxin","floor":45},{"not_picked":["ats:Healing Drone","ats:Soul Absorption+1"],"picked":"ats:Very Hot Blade+1","floor":46},{"not_picked":["ats:Wolf Pack+1","ats:Shadow Raid+1"],"picked":"ats:True Silver Slash+1","floor":47},{"not_picked":["ats:Powerful Strike+1","ats:Closed Bolt Burst Fire+1"],"picked":"ats:Red Shift+1","floor":48}],"player_experience":531797,"relics_obtained":[{"floor":9,"key":"hubris:TenFootPole"},{"floor":13,"key":"ats:Originium"},{"floor":13,"key":"Molten Egg 2"},{"floor":26,"key":"Bag of Preparation"},{"floor":27,"key":"ats:Originium"},{"floor":27,"key":"Replay:Rubber Ducky"},{"floor":40,"key":"Vajra"},{"floor":40,"key":"MawBank"},{"floor":43,"key":"infinitespire:BottledMercury"},{"floor":45,"key":"RuthlessExorcism:ReiMu"},{"floor":45,"key":"hubris:Teleporter"},{"floor":47,"key":"Akabeko"},{"floor":47,"key":"hubris:TinFlute"}],"event_choices":[{"damage_healed":0,"gold_gain":0,"player_choice":"Got Potions","damage_taken":0,"max_hp_gain":0,"max_hp_loss":0,"event_name":"Lab","floor":2,"gold_loss":0},{"damage_healed":0,"gold_gain":0,"player_choice":"Trade","damage_taken":0,"relics_obtained":["FaceOfCleric"],"max_hp_gain":0,"max_hp_loss":0,"event_name":"FaceTrader","floor":7,"gold_loss":0},{"damage_healed":0,"gold_gain":175,"player_choice":"AGREE","damage_taken":0,"max_hp_gain":0,"max_hp_loss":0,"event_name":"Liars Game","floor":12,"gold_loss":0,"cards_obtained":["Doubt"]},{"damage_healed":0,"gold_gain":0,"player_choice":"1 cards matched","damage_taken":0,"max_hp_gain":0,"max_hp_loss":0,"event_name":"Match and Keep!","floor":29,"gold_loss":0,"cards_obtained":["ats:Leaping Hammer"]},{"damage_healed":0,"gold_gain":0,"player_choice":"Traded Relic","damage_taken":0,"relics_obtained":["Nloth\u0027s Gift"],"max_hp_gain":0,"max_hp_loss":0,"event_name":"N\u0027loth","floor":31,"relics_lost":["DemoMod:GlassGuonStoneRelic"],"gold_loss":0},{"damage_healed":0,"gold_gain":0,"player_choice":"Gave Potion","damage_taken":0,"relics_obtained":["Art of War"],"max_hp_gain":0,"max_hp_loss":0,"event_name":"WeMeetAgain","floor":37,"gold_loss":0}],"is_beta":false,"boss_relics":[{"not_picked":["Empty Cage","hubris:HollowSoul"],"picked":"hubris:Backtick"},{"not_picked":["hubris:GrandSneckoEye","Fusion Hammer"],"picked":"Black Star"}],"items_purged_floors":[14,20],"is_endless":false,"potions_floor_spawned":[1,4,11,16,18,19,28,30,33,39,42,44,45,47,48],"ascension_level":0}}