{"host":"36zn1fhase90d3ns","time":1612168938,"event":{"mods":["100% Spire Juice","2.2 Compatiblity","AchievementEnabler","Act Like it!","Aspiration","BaseMod","BetterRewards","Block Reminder","Colored Map","Colored Powertips","Conspire","Curses Come First","Custom Start","Dark Map","Energized Spire","Friendly Minions","Halation","Hermit","Hubris","Lobotomy","Minty Spire (QoL Compilation)","Prisma Mod","Quick Restart","Reimu??????","Relic Sorter","Reliquary","Remilia??????","Replay The Spire","Spicy Shops","StSLib","The Necromancer","Unceasing Turn Reminder","Yohane!","??????REMEMod"],"gold_per_floor":[113,113,38,38,38,68,68,95,122,122,122,137,151,151,151,250,250,160,176,192,204,204],"floor_reached":21,"language":"ENG","playtime":2221,"items_purged":["Strike_Lin:ReiMu","Strike_Lin:ReiMu"],"score":187,"play_id":"d9a1dace-df79-4293-9b02-a7605557e815","local_time":"20210201024218","is_ascension_mode":false,"campfire_choices":[{"floor":11,"key":"REST"},{"data":"NineCharacters:ReiMu","floor":15,"key":"SMITH"}],"circlet_count":0,"master_deck":["Strike_Lin:ReiMu","Defend_Lin:ReiMu","Defend_Lin:ReiMu","Defend_Lin:ReiMu","Defend_Lin:ReiMu","NB:ReiMu","Stagnation:ReiMu","NineCharacters:ReiMu+1","SpreadBorder2:ReiMu+1","hubris:EnhanceAbility","Moonworks:BigBangBell","SealNeedle:ReiMu","BlastKick2:ReiMu","NineCharacters:ReiMu","YinYangSange:ReiMu","hubris:DuctTapeCard+2","Intuition:ReiMu","SubcavityFantasy:ReiMu","Amulet:ReiMu+1"],"relics":["FlyPower:ReiMu","REME_ComplimentaryCards","Mummified Hand","hubris:Towel","reliquary:TatteredRug","hubris:DuctTape","Replay:Wax Seal","reliquary:Craggleroot"],"acts_visited":["Exordium","TheCity"],"potions_floor_usage":[8,16,19,20],"damage_taken":[{"damage":3.0,"enemies":"2 Louse","floor":1.0,"turns":5.0},{"damage":2.0,"enemies":"3 Sentries","floor":6.0,"turns":13.0},{"damage":3,"enemies":"Gremlin Nob","floor":8,"turns":6},{"damage":0,"enemies":"Small Slimes","floor":12,"turns":6},{"damage":0,"enemies":"Cultist","floor":13,"turns":6},{"damage":16,"enemies":"Fading Forest","floor":16,"turns":11},{"damage":3,"enemies":"2 Thieves","floor":18,"turns":5},{"damage":3,"enemies":"3 Byrds","floor":19,"turns":12},{"damage":50,"enemies":"3 Cultists","floor":20,"turns":10},{"damage":0,"enemies":"conspire:HollyBat","floor":21,"turns":14}],"seed_played":"-3215720529658135438","potions_obtained":[{"floor":6.0,"key":"Swift Potion"},{"floor":8,"key":"Explosive Potion"},{"floor":12,"key":"LiquidFlight:ReiMu"},{"floor":13,"key":"Weak Potion"},{"floor":20,"key":"Elixir"},{"floor":21,"key":"Death Potion"}],"is_trial":false,"path_per_floor":["M","?","$","?","$","E","?","E","T","?","R","M","M","?","R","B",null,"M","M","M","M"],"character_chosen":"REIMU","items_purchased":["NineCharacters:ReiMu","Mummified Hand","SpreadBorder2:ReiMu","InherentArray:ReiMu","hubris:EnhanceAbility","BlastKick2:ReiMu"],"campfire_rested":1,"item_purchase_floors":[0,0,0,0,0,3],"current_hp_per_floor":[31,31,31,18,18,16,16,13,13,13,32,32,32,25,25,19,65,62,59,9,9,9],"gold":204,"neow_bonus":"","is_daily":false,"chose_seed":false,"campfire_upgraded":1,"win_rate":0.0,"timestamp":1612168938,"path_taken":["M","?","$","?","$","E","?","E","T","?","R","?","M","?","R","BOSS","M","M","M","M"],"items_purchased_type":["Card","Relic","Card","Card","Card","Card"],"build_version":"2020-12-22","purchased_purges":2,"victory":false,"max_hp_per_floor":[65,65,65,65,65,65,65,65,65,65,65,65,65,65,65,65,65,65,65,65,65,65],"card_choices":[{"not_picked":["WonderfulDomain:ReiMu","CareerPray:ReiMu"],"picked":"SealNeedle:ReiMu","floor":1.0},{"not_picked":["WonderfulDomain:ReiMu","Intuition:ReiMu"],"picked":"NineCharacters:ReiMu","floor":6.0},{"not_picked":["SafetyPray:ReiMu","FantasyMoon:ReiMu"],"picked":"YinYangSange:ReiMu","floor":8},{"not_picked":["Enchanting:ReiMu","EmergencyTakeOff:ReiMu"],"picked":"Intuition:ReiMu","floor":12},{"not_picked":["ShadowOfCrow2:ReiMu","CollectionFlower2:ReiMu","Conquer:ReiMu"],"picked":"SKIP","floor":13},{"not_picked":["OctopathSalyBorderN:ReiMu","Free:ReiMu"],"picked":"SubcavityFantasy:ReiMu","floor":16},{"not_picked":["TightArray:ReiMu+1","Gathering:ReiMu"],"picked":"Amulet:ReiMu+1","floor":18},{"not_picked":["SpringWay:ReiMu","FoulBorder2:ReiMu","OrbThrow:ReiMu"],"picked":"SKIP","floor":19},{"not_picked":["BarrageOfMoneybags:ReiMu","MikOfLucky:ReiMu","AirStrike:ReiMu"],"picked":"SKIP","floor":20}],"player_experience":538595,"relics_obtained":[{"floor":6.0,"key":"reliquary:TatteredRug"},{"floor":8,"key":"hubris:DuctTape"},{"floor":9,"key":"Replay:Wax Seal"}],"event_choices":[{"damage_healed":0.0,"max_hp_gain":0.0,"max_hp_loss":0.0,"gold_gain":0.0,"event_name":"Shining Light","player_choice":"Entered Light","floor":4.0,"gold_loss":0.0,"damage_taken":13.0,"cards_upgraded":["SpreadBorder2:ReiMu","NineCharacters:ReiMu"]},{"damage_healed":0,"gold_gain":0,"player_choice":"Upgraded","damage_taken":0,"max_hp_gain":0,"max_hp_loss":0,"event_name":"Upgrade Shrine","floor":10,"gold_loss":0,"cards_upgraded":["hubris:DuctTapeCard"]},{"cards_removed":["Strike_Lin:ReiMu"],"damage_healed":0,"gold_gain":0,"player_choice":"Card Removal","damage_taken":7,"max_hp_gain":0,"max_hp_loss":0,"event_name":"Golden Wing","floor":14,"gold_loss":0}],"is_beta":false,"boss_relics":[{"not_picked":["aspiration:SecretTechniqueScroll","REME_DuelDisc"],"picked":"reliquary:Craggleroot"}],"items_purged_floors":[0,0],"is_endless":false,"potions_floor_spawned":[6,8,12,13,20,21],"killed_by":"conspire:HollyBat","ascension_level":0}}