{"host":"xwgrz7y3g1a3iikb","time":1612215517,"event":{"mods":["BaseMod","Bestiary","Minty Spire (QoL Compilation)","Permanent Neow","Quick Restart","Relic Stats","StSLib","ojb\u0027s Info Mod"],"gold_per_floor":[110,121,121,133,143,170,170,189,212,246,261,261,287,287,287,361,361,375,390,7,282,292,292,292,317,317,347,347,362,362,377,377,377,377],"floor_reached":33,"language":"ENG","playtime":1438,"items_purged":["Strike_G"],"score":664,"play_id":"2b62d8fe-109a-4fac-9c2a-c3f9265512b5","local_time":"20210201133837","is_ascension_mode":true,"campfire_choices":[{"floor":7,"key":"REST"},{"data":"Dash","floor":12,"key":"SMITH"},{"data":"Neutralize","floor":15,"key":"SMITH"},{"data":"After Image","floor":23,"key":"SMITH"},{"floor":28,"key":"REST"},{"data":"Wraith Form v2","floor":30,"key":"SMITH"},{"data":"Leg Sweep","floor":32,"key":"SMITH"}],"circlet_count":0,"master_deck":["AscendersBane","Strike_G+1","Strike_G+1","Defend_G+1","Defend_G+1","Defend_G+1","Defend_G+1","Defend_G+1","Survivor","Neutralize+1","Endless Agony","Dash+1","Flying Knee","Dagger Throw","Adrenaline","Finisher","Corpse Explosion","Cloak And Dagger","Tools of the Trade","Leg Sweep+1","After Image+1","Deflect","Wraith Form v2+1","PiercingWail","Footwork+1","Crippling Poison","Dodge and Roll","PiercingWail","Dodge and Roll+1"],"relics":["Ring of the Snake","Centennial Puzzle","Bottled Flame","Smiling Mask","Omamori","Snake Skull","Runic Dome","Sling","Dream Catcher","Blue Candle","Ninja Scroll"],"acts_visited":["Exordium","TheCity"],"potions_floor_usage":[6,16,19,25,27],"damage_taken":[{"damage":4,"enemies":"Jaw Worm","floor":1,"turns":6},{"damage":0,"enemies":"Cultist","floor":2,"turns":4},{"damage":0,"enemies":"Small Slimes","floor":4,"turns":3},{"damage":3,"enemies":"3 Louse","floor":5,"turns":4},{"damage":27,"enemies":"3 Sentries","floor":6,"turns":10},{"damage":0,"enemies":"Red Slaver","floor":8,"turns":3},{"damage":4,"enemies":"Gremlin Nob","floor":10,"turns":3},{"damage":0,"enemies":"Looter","floor":11,"turns":1},{"damage":5,"enemies":"Lagavulin","floor":13,"turns":7},{"damage":9,"enemies":"The Guardian","floor":16,"turns":9},{"damage":22,"enemies":"Spheric Guardian","floor":18,"turns":6},{"damage":0,"enemies":"3 Byrds","floor":19,"turns":3},{"damage":6,"enemies":"Centurion and Healer","floor":22,"turns":5},{"damage":1,"enemies":"Slavers","floor":25,"turns":4},{"damage":14,"enemies":"Gremlin Leader","floor":27,"turns":6},{"damage":0,"enemies":"Snake Plant","floor":29,"turns":5},{"damage":0,"enemies":"Snecko","floor":31,"turns":6},{"damage":33,"enemies":"Automaton","floor":33,"turns":8}],"seed_played":"6004468138274186116","potions_obtained":[{"floor":2,"key":"CunningPotion"},{"floor":5,"key":"GamblersBrew"},{"floor":13,"key":"Strength Potion"},{"floor":18,"key":"SkillPotion"},{"floor":22,"key":"ColorlessPotion"},{"floor":25,"key":"EssenceOfSteel"}],"is_trial":false,"path_per_floor":["M","M","?","M","M","E","R","M","T","E","M","R","E","?","R","B",null,"M","M","$","?","M","R","?","E","T","E","R","M","R","M","R","B"],"character_chosen":"THE_SILENT","items_purchased":["Wraith Form v2","Sling"],"campfire_rested":2,"item_purchase_floors":[20,20],"current_hp_per_floor":[55,55,55,55,52,25,44,44,44,40,40,40,35,35,35,26,56,34,34,34,34,28,28,28,27,27,13,32,32,32,32,32,0,0],"gold":377,"neow_bonus":"RANDOM_COMMON_RELIC","is_daily":false,"chose_seed":false,"campfire_upgraded":5,"win_rate":0.0,"timestamp":1612215517,"path_taken":["M","M","?","?","M","E","R","M","T","E","M","R","E","?","R","BOSS","M","?","$","?","?","R","?","E","T","E","R","M","R","M","R","BOSS"],"items_purchased_type":["Card","Relic"],"build_version":"2020-12-22","purchased_purges":1,"victory":false,"max_hp_per_floor":[66,66,66,66,66,66,66,66,66,66,66,66,66,66,66,66,66,66,66,66,66,66,66,66,66,66,66,66,66,66,66,66,66,66],"relic_stats":{"Centennial Puzzle":[33],"Dream Catcher":1,"counters":[18,93],"Blue Candle":[0],"Snake Skull":[17],"Smiling Mask":25,"obtain_stats":[{"Runic Dome":17,"Centennial Puzzle":0,"Bottled Flame":6,"Dream Catcher":25,"Ninja Scroll":27,"Blue Candle":26,"Snake Skull":13,"Omamori":10,"Smiling Mask":9,"Sling":20,"Ring of the Snake":0},{"Runic Dome":10,"Centennial Puzzle":0,"Bottled Flame":5,"Dream Catcher":14,"Ninja Scroll":15,"Blue Candle":14,"Snake Skull":9,"Omamori":7,"Smiling Mask":6,"Sling":12,"Ring of the Snake":0},{"Runic Dome":50,"Centennial Puzzle":0,"Bottled Flame":27,"Dream Catcher":68,"Ninja Scroll":74,"Blue Candle":68,"Snake Skull":41,"Omamori":33,"Smiling Mask":30,"Sling":59,"Ring of the Snake":0}],"Ring of the Snake":[39]},"card_choices":[{"not_picked":["Dagger Spray","Backflip"],"picked":"Endless Agony","floor":1},{"not_picked":["Outmaneuver","Deadly Poison"],"picked":"Dash","floor":2},{"not_picked":["Bane","Sucker Punch"],"picked":"Flying Knee","floor":4},{"not_picked":["Masterful Stab","Reflex"],"picked":"Dagger Throw","floor":5},{"not_picked":["Deadly Poison","Backstab"],"picked":"Adrenaline","floor":6},{"not_picked":["Flying Knee","Heel Hook"],"picked":"Finisher","floor":8},{"not_picked":["Deflect","Poisoned Stab"],"picked":"Corpse Explosion","floor":10},{"not_picked":["Flying Knee","Expertise"],"picked":"Cloak And Dagger","floor":11},{"not_picked":["Blur","Underhanded Strike"],"picked":"Tools of the Trade","floor":13},{"not_picked":["Unload","Grand Finale"],"picked":"After Image","floor":16},{"not_picked":["Underhanded Strike","Dodge and Roll"],"picked":"Deflect","floor":18},{"not_picked":["Quick Slash","Underhanded Strike","Flying Knee+1"],"picked":"SKIP","floor":19},{"not_picked":["Unload","Riddle With Holes"],"picked":"PiercingWail","floor":22},{"not_picked":["Sucker Punch","Prepared"],"picked":"Footwork+1","floor":25},{"not_picked":["Dash","Dagger Throw"],"picked":"Crippling Poison","floor":27},{"not_picked":["Masterful Stab","Deadly Poison"],"picked":"Dodge and Roll","floor":28},{"not_picked":["Backstab","Deadly Poison"],"picked":"PiercingWail","floor":29},{"not_picked":["Backflip","Blade Dance"],"picked":"Dodge and Roll+1","floor":31}],"player_experience":308907,"relics_obtained":[{"floor":6,"key":"Bottled Flame"},{"floor":9,"key":"Smiling Mask"},{"floor":10,"key":"Omamori"},{"floor":13,"key":"Snake Skull"},{"floor":25,"key":"Dream Catcher"},{"floor":26,"key":"Blue Candle"},{"floor":27,"key":"Ninja Scroll"}],"event_choices":[{"cards_removed":["Strike_G"],"damage_healed":0,"gold_gain":0,"player_choice":"Offered Basic","damage_taken":0,"max_hp_gain":0,"max_hp_loss":0,"event_name":"Bonfire Elementals","floor":3,"gold_loss":0},{"damage_healed":0,"gold_gain":0,"cards_transformed":["Strike_G"],"player_choice":"Transformed","damage_taken":0,"max_hp_gain":0,"max_hp_loss":0,"event_name":"Transmorgrifier","floor":14,"gold_loss":0,"cards_obtained":["Leg Sweep"]},{"damage_healed":0,"gold_gain":275,"player_choice":"Desecrate","damage_taken":0,"max_hp_gain":0,"max_hp_loss":0,"event_name":"Golden Shrine","floor":21,"gold_loss":0,"cards_obtained":["Regret"]},{"damage_healed":0,"gold_gain":0,"player_choice":"Simplicity","damage_taken":0,"max_hp_gain":0,"max_hp_loss":0,"event_name":"Back to Basics","floor":24,"gold_loss":0,"cards_upgraded":["Strike_G","Strike_G","Defend_G","Defend_G","Defend_G","Defend_G","Defend_G"]}],"is_beta":false,"boss_relics":[{"not_picked":["Ectoplasm","Black Star"],"picked":"Runic Dome"}],"items_purged_floors":[20],"is_endless":false,"potions_floor_spawned":[2,5,13,18,22,25],"killed_by":"Automaton","ascension_level":20}}