{"host":"eketvm4dld8igxnv","time":1612212592,"event":{"mods":["BaseMod","Better Skull","Better Third Choice","Downfall","Googly Eyes","Minty Spire (QoL Compilation)","StSLib"],"gold_per_floor":[99,119,36,47,32,58,85,360,370,470,270,287,287,305,325,429,429,429,442,112,112,112,49,96,96,96,96,127,27,47,59,79,79,79,79],"floor_reached":33,"language":"ENG","playtime":3318,"items_purged":["bronze:Defend","bronze:Defend"],"score":340,"play_id":"79182df4-bde2-431c-9905-0e8cd3c7bb02","local_time":"20210201154952","is_ascension_mode":false,"campfire_choices":[{"data":"bronze:Replicate","floor":1.0,"key":"SMITH"},{"floor":11,"key":"REST"},{"floor":13,"key":"REST"},{"floor":18,"key":"RECALL"},{"data":"Discovery","floor":27,"key":"SMITH"},{"floor":29,"key":"REST"}],"circlet_count":0,"master_deck":["bronze:Defend","bronze:Defend","bronze:Replicate+1","bronze:Goto","bronze:Frontload","bronze:ChosenStrike","bronze:FineTuning","bronze:DigitalCarnage","bronze:WhirlingStrike","bronze:FineTuning","bronze:Branch","bronze:Overload","bronze:Goto","bronze:Shield","bronze:NullPointer","bronze:BurnOut","Discovery+1","bronze:ChosenStrike","bronze:CutThrough","bronze:DelayedSlice","bronze:FineTuning","bronze:Break","bronze:WildBeam+1","expansioncontent:QuickStudy","bronze:CutThrough","Slimebound:Tackle+1","Slimebound:Tackle+1","Slimebound:Tackle+1","bronze:FindAndReplace","Bite","Bite","Bite","Bite","Bite","bronze:ClassDefault+1","bronze:Shield","bronze:BuggyMess+1","bronze:ForceShield","bronze:BitShift","bronze:Branch","bronze:Branch"],"relics":["bronze:BronzeCore","downfall:GremlinSack","downfall:HeartBlessingGreen","downfall:HeartBlessingBlue","Empty Cage","downfall:RedIOU","FossilizedHelix","Nilry\u0027s Codex","Prayer Wheel","downfall:HeartBlessingRed"],"acts_visited":["Exordium","TheCity"],"potions_floor_usage":[5,15,16,33,33],"damage_taken":[{"damage":12.0,"enemies":"2 Louse","floor":2.0,"turns":2.0},{"damage":0.0,"enemies":"downfall:FleeingMerchant","floor":3.0,"turns":4.0},{"damage":0.0,"enemies":"Cultist","floor":4.0,"turns":2.0},{"damage":10,"enemies":"downfall:FleeingMerchant","floor":5,"turns":4},{"damage":7,"enemies":"Gremlin Nob","floor":6,"turns":4},{"damage":0,"enemies":"Small Slimes","floor":9,"turns":3},{"damage":20,"enemies":"Small Slimes","floor":10,"turns":4},{"damage":3,"enemies":"Gremlin Gang","floor":12,"turns":2},{"damage":3,"enemies":"Red Slaver","floor":14,"turns":3},{"damage":12,"enemies":"3 Louse","floor":15,"turns":2},{"damage":22,"enemies":"IC_STATUS_ARCHETYPE","floor":16,"turns":6},{"damage":1,"enemies":"Chosen","floor":19,"turns":4},{"damage":8,"enemies":"downfall:FleeingMerchant","floor":20,"turns":4},{"damage":25,"enemies":"downfall:FleeingMerchant","floor":23,"turns":3},{"damage":28,"enemies":"Book of Stabbing","floor":28,"turns":5},{"damage":0,"enemies":"3 Cultists","floor":30,"turns":3},{"damage":5,"enemies":"Chosen and Byrds","floor":31,"turns":3},{"damage":16,"enemies":"Cultist and Chosen","floor":32,"turns":5},{"damage":55,"enemies":"SI_MIRROR_ARCHETYPE","floor":33,"turns":10}],"seed_played":"-2639363972191669434","potions_obtained":[{"floor":4,"key":"hexamod:SoulburnPotion"},{"floor":6,"key":"FairyPotion"},{"floor":9,"key":"bronze:FreeFunctionsPotion"},{"floor":14,"key":"Fire Potion"},{"floor":15,"key":"BlessingOfTheForge"},{"floor":28,"key":"SpeedPotion"},{"floor":30,"key":"EssenceOfSteel"}],"is_trial":false,"path_per_floor":["R","M","$","M","$","E","T","?","M","?","R","M","R","M","M","B",null,"R","M","$","?","?","$","T","?","?","R","E","R","M","M","M","B"],"character_chosen":"THE_AUTOMATON","items_purchased":["bronze:DigitalCarnage","expansioncontent:QuickStudy","bronze:CutThrough","FossilizedHelix"],"campfire_rested":3,"item_purchase_floors":[3,20,20,23],"current_hp_per_floor":[70,58,58,58,48,41,41,41,41,21,55,52,76,73,61,39,80,80,79,71,71,71,46,46,30,30,30,4,28,34,31,19,0,0,0],"gold":79,"neow_bonus":"THREE_CARDS","is_daily":false,"chose_seed":false,"campfire_upgraded":2,"win_rate":0.0,"timestamp":1612212592,"path_taken":["R","M","$","M","$","E","T","?","?","?","R","M","R","M","M","BOSS","R","?","$","?","?","?","T","?","?","R","E","R","M","M","M","BOSS"],"items_purchased_type":["Card","Card","Card","Relic"],"build_version":"2020-12-22","purchased_purges":2,"victory":false,"max_hp_per_floor":[70,70,70,70,70,70,70,70,70,70,80,80,80,80,80,80,80,80,80,80,80,80,80,80,80,80,80,80,80,80,80,80,80,80,80],"card_choices":[{"not_picked":["bronze:Shield","bronze:Invalidate"],"picked":"bronze:Frontload","floor":0.0},{"not_picked":["bronze:Invalidate","bronze:Optimize"],"picked":"bronze:ChosenStrike","floor":2.0},{"not_picked":["bronze:DelayedGuard","bronze:Philosophize"],"picked":"bronze:FineTuning","floor":3.0},{"not_picked":["bronze:Shell","bronze:ShipIt"],"picked":"bronze:WhirlingStrike","floor":4},{"not_picked":["bronze:GetLatest","bronze:Turbo"],"picked":"bronze:FineTuning","floor":5},{"not_picked":["bronze:MaxOutput","bronze:DelayedGuard"],"picked":"bronze:Branch","floor":6},{"not_picked":["bronze:Invalidate","bronze:Iterate"],"picked":"bronze:Overload","floor":9},{"not_picked":["bronze:MaxOutput","bronze:WildBeam"],"picked":"bronze:ChosenStrike","floor":10},{"not_picked":["bronze:FineTuning","bronze:NullPointer"],"picked":"bronze:CutThrough","floor":12},{"not_picked":["bronze:Shield","bronze:Return"],"picked":"bronze:DelayedSlice","floor":14},{"not_picked":["bronze:ShipIt","bronze:Frontload"],"picked":"bronze:FineTuning","floor":15},{"not_picked":["bronze:AlphaBuild","bronze:Mutator"],"picked":"bronze:Break","floor":16},{"not_picked":["bronze:Optimize","bronze:DelayedSlice"],"picked":"bronze:WildBeam+1","floor":19},{"not_picked":["bronze:Frontload","bronze:DarkDash","bronze:Invalidate"],"picked":"SKIP","floor":20},{"not_picked":["bronze:DelayedGuard","bronze:Philosophize"],"picked":"bronze:FindAndReplace","floor":23},{"not_picked":["bronze:BugBarrage","bronze:Backtrace"],"picked":"bronze:ClassDefault+1","floor":28},{"not_picked":["bronze:DigitalCarnage","bronze:Deprecate"],"picked":"bronze:Shield","floor":30},{"not_picked":["bronze:Philosophize","bronze:Repulsor+1"],"picked":"bronze:BuggyMess+1","floor":30},{"not_picked":["bronze:FollowUp","bronze:CutThrough"],"picked":"bronze:ForceShield","floor":31},{"not_picked":["bronze:ClassDefault","bronze:BuggyMess"],"picked":"bronze:BitShift","floor":31},{"not_picked":["bronze:Flail","bronze:ClassDefault"],"picked":"bronze:Branch","floor":32},{"not_picked":["bronze:Deprecate","bronze:DelayedSlice+1"],"picked":"bronze:Branch","floor":32}],"player_experience":294660,"relics_obtained":[{"floor":6,"key":"Incense Burner"},{"floor":10,"key":"downfall:GremlinSack"},{"floor":24,"key":"Blood Vial"},{"floor":25,"key":"Nilry\u0027s Codex"},{"floor":28,"key":"Prayer Wheel"}],"event_choices":[{"damage_healed":0,"gold_gain":0,"player_choice":"Became a vampire (Vial)","damage_taken":0,"max_hp_gain":0,"max_hp_loss":0,"event_name":"Vampires","floor":26,"relics_lost":["Blood Vial"],"gold_loss":0,"cards_obtained":["Bite","Bite","Bite","Bite","Bite"]}],"is_beta":false,"boss_relics":[{"not_picked":["Black Star","SacredBark"],"picked":"Empty Cage"}],"items_purged_floors":[20,23],"is_endless":false,"potions_floor_spawned":[4,6,9,14,15,28,30],"killed_by":"SI_MIRROR_ARCHETYPE","ascension_level":0}}