{"host":"0ricjaa7rfq9v76t","time":1612148325,"event":{"mods":["AchievementEnabler","Aspiration","BaseMod","Better Altar","Better Match","Better Sensory Stone","Better Skull","Better Vampires","BetterRewards","Colored Powertips","Downfall","Energized Spire","Highlight Path","Hubris","Infinite Spire","Minty Spire (QoL Compilation)","Quick Restart","Rare Cards Sparkle","Relic Sorter","Reliquary","Replay The Spire","StSLib","SuperFastMode","Synergy Search","The Cursed","The Disciple","The Jungle","The Marked","The Mystic","Uncapped"],"gold_per_floor":[115,128,128,128,128,128,140,140,140,154,229,229,264,279,279,376,376,391,391,391,391,240,240,273,273,328,328,356,356,356,74,74,181,231,251,276,276,297,355,355,379,421,421,421,421,421,421,539,539,547],"floor_reached":51,"language":"ENG","playtime":2953,"items_purged":["Strike_B","Defend_B","Defend_B"],"score":955,"play_id":"3c4705c5-ddef-4e05-9fa2-74f3b8b203a1","local_time":"20210201105845","is_ascension_mode":false,"campfire_choices":[{"floor":6.0,"key":"REST"},{"floor":8.0,"key":"REST"},{"floor":15.0,"key":"DIG"},{"data":"Buffer","floor":23.0,"key":"SMITH"},{"data":"Turbo","floor":25.0,"key":"SMITH"},{"data":"hubris:PowerSurge","floor":30.0,"key":"SMITH"},{"data":"Replay:Dark Deal","floor":32.0,"key":"SMITH"},{"data":"infinitespire:Oblivion","floor":40.0,"key":"SMITH"},{"data":"Biased Cognition","floor":49,"key":"SMITH"}],"circlet_count":0,"master_deck":["Defend_B","Defend_B+1","Zap","Dualcast+1","Gash","hubris:PowerSurge+1","Ball Lightning","Buffer+1","Conserve Battery","Seek","Double Energy+1","Self Repair+1","Turbo+1","Biased Cognition+1","Slimebound:Tackle+1","Slimebound:Tackle+1","Slimebound:Tackle+1","Replay:Dark Deal+1","Self Repair+1","infinitespire:Oblivion+1","Turbo+1","Scrape","Undo+1","infinitespire:NeuralNetwork"],"relics":["Cracked Core","reliquary:FerryPass","Iron Hammer","hubris:Towel","Prayer Wheel","Pet Ghost","reliquary:LoveEmittingDiode","CaptainsWheel","Cables","infinitespire:CursedDice","MutagenicStrength","Blue Candle","Juzu Bracelet","Replay:Bandana","Tiny House","MealTicket","Emotion Chip","Omamori","reliquary:JackalopeAntler","hubris:CrystalStatue","hubris:64BitClover"],"acts_visited":["Exordium","TheCity","TheBeyond"],"potions_floor_usage":[],"damage_taken":[{"damage":0.0,"enemies":"Small Slimes","floor":1.0,"turns":4.0},{"damage":0.0,"enemies":"2 Louse","floor":2.0,"turns":2.0},{"damage":3.0,"enemies":"Jaw Worm","floor":7.0,"turns":2.0},{"damage":0.0,"enemies":"Lots of Slimes","floor":10.0,"turns":3.0},{"damage":0.0,"enemies":"Gremlin Nob","floor":13.0,"turns":2.0},{"damage":0.0,"enemies":"Blue Slaver","floor":14.0,"turns":1.0},{"damage":52.0,"enemies":"Fading Forest","floor":16.0,"turns":11.0},{"damage":0.0,"enemies":"Chosen","floor":18.0,"turns":3.0},{"damage":2.0,"enemies":"Replay:Snechameleon","floor":24.0,"turns":4.0},{"damage":6.0,"enemies":"Book of Stabbing","floor":28.0,"turns":3.0},{"damage":15.0,"enemies":"Automaton","floor":33.0,"turns":4.0},{"damage":22.0,"enemies":"3 Darklings","floor":35.0,"turns":3.0},{"damage":8.0,"enemies":"3 Shapes","floor":36.0,"turns":5.0},{"damage":10.0,"enemies":"3 Darklings","floor":38.0,"turns":2.0},{"damage":37.0,"enemies":"Mind Bloom Boss Battle","floor":39.0,"turns":3.0},{"damage":0.0,"enemies":"Sphere and 2 Shapes","floor":41.0,"turns":4.0},{"damage":17.0,"enemies":"Giant Head","floor":42.0,"turns":9.0},{"damage":14.0,"enemies":"infinitespire:Three Voidlings","floor":48.0,"turns":3.0},{"damage":108.0,"enemies":"Nightmare_Alpha","floor":48.0,"turns":10.0},{"damage":23,"enemies":"Donu and Deca","floor":50,"turns":6}],"seed_played":"8991890482527336654","potions_obtained":[{"floor":10.0,"key":"PowerPotion"},{"floor":14.0,"key":"Adrenaline Potion"},{"floor":16.0,"key":"Regen Potion"},{"floor":18.0,"key":"Reflective Coating"},{"floor":34.0,"key":"Energy Potion"},{"floor":35.0,"key":"LifebloodPotion"}],"is_trial":false,"path_per_floor":["M","M","?","?","$","R","M","R","T","M","T","?","E","M","R","B",null,"M","?","?","?","$","R","E","R","T","?","E","?","R","$","R","B",null,"M","M","AVR","M","?","R","M","E","T","?","?","T","?","?","R","B",null],"character_chosen":"DEFECT","items_purchased":["Iron Hammer","Prayer Wheel","Self Repair","Replay:Dark Deal"],"campfire_rested":2,"item_purchase_floors":[0,5,22,31],"current_hp_per_floor":[67,67,67,52,32,54,51,73,73,73,73,73,73,73,73,21,75,75,75,75,70,70,70,75,75,75,75,75,75,75,75,75,60,80,68,70,70,80,63,63,80,80,80,76,76,76,76,66,66,63],"gold":547,"neow_bonus":"","is_daily":false,"chose_seed":false,"campfire_upgraded":6,"win_rate":0.0,"timestamp":1612148325,"path_taken":["M","M","?","?","?","R","M","R","T","M","?","?","E","?","R","BOSS","M","?","?","?","$","R","E","R","T","?","E","?","R","$","R","BOSS","M","M","AVR","M","?","R","M","E","T","?","?","?","?","?","R","BOSS"],"items_purchased_type":["Relic","Relic","Card","Card"],"build_version":"2020-12-22","purchased_purges":3,"victory":true,"max_hp_per_floor":[75,75,75,75,75,75,75,75,75,75,75,75,75,75,75,75,75,75,75,75,75,75,75,75,75,75,75,75,75,75,75,75,75,80,80,80,80,80,80,80,80,80,80,76,76,76,76,76,76,76],"card_choices":[{"not_picked":["Compile Driver","Panic Button","Redo"],"picked":"SKIP","floor":1.0},{"not_picked":["Leap","Compile Driver","BasicCrystalCard"],"picked":"SKIP","floor":2.0},{"not_picked":["Beam Cell","Auto Shields"],"picked":"Gash","floor":7.0},{"not_picked":["Chaos","Streamline"],"picked":"hubris:PowerSurge","floor":7.0},{"not_picked":["Conserve Battery","Hello World"],"picked":"Ball Lightning","floor":10.0},{"not_picked":["Barrage","Coolheaded","Compile Driver"],"picked":"SKIP","floor":10.0},{"not_picked":["Self Repair","Turbo"],"picked":"Buffer","floor":13.0},{"not_picked":["ReplayTheSpireMod:Repulse","Genetic Algorithm"],"picked":"Conserve Battery","floor":14.0},{"not_picked":["Compile Driver","Rebound","Panic Button"],"picked":"SKIP","floor":14.0},{"not_picked":["Hyperbeam","Core Surge"],"picked":"Seek","floor":16.0},{"not_picked":["Stack","Beam Cell"],"picked":"Double Energy+1","floor":18.0},{"not_picked":["Cold Snap","Aggregate","Redo+1"],"picked":"SKIP","floor":18.0},{"not_picked":["Cold Snap","Aggregate","Redo+1"],"picked":"SKIP","floor":18.0},{"not_picked":["BootSequence+1","Multi-Cast"],"picked":"Turbo","floor":24.0},{"not_picked":["Compile Driver","Skim","Darkness"],"picked":"SKIP","floor":28.0},{"not_picked":["Leap","Melter+1","Ball Lightning"],"picked":"SKIP","floor":35.0},{"not_picked":["Hologram+1","Panic Button","BasicCrystalCard+1"],"picked":"SKIP","floor":35.0},{"not_picked":["Coolheaded","Rebound"],"picked":"Self Repair+1","floor":36.0},{"not_picked":["Rebound+1","Melter+1","Streamline+1"],"picked":"SKIP","floor":36.0},{"not_picked":["Hologram+1","ReplayTheSpireMod:Calculation Training+1","Blizzard"],"picked":"SKIP","floor":38.0},{"not_picked":["Steam+1","Go for the Eyes","Blizzard+1"],"picked":"SKIP","floor":38.0},{"not_picked":["Double Energy","Auto Shields+1"],"picked":"Turbo+1","floor":41.0},{"not_picked":["ReplayTheSpireMod:Repulse+1","Hello World+1","Streamline"],"picked":"SKIP","floor":41.0},{"not_picked":["Glacier","ReplaySort","Double Energy"],"picked":"SKIP","floor":42.0},{"not_picked":["Go for the Eyes","Streamline"],"picked":"Undo+1","floor":48},{"not_picked":["ReplayTheSpireMod:Haul","infinitespire:FutureSight"],"picked":"infinitespire:NeuralNetwork","floor":48}],"player_experience":253368,"relics_obtained":[{"floor":9.0,"key":"Pet Ghost"},{"floor":11.0,"key":"reliquary:LoveEmittingDiode"},{"floor":12.0,"key":"CaptainsWheel"},{"floor":13.0,"key":"Cables"},{"floor":15.0,"key":"infinitespire:CursedDice"},{"floor":24.0,"key":"Juzu Bracelet"},{"floor":26.0,"key":"reliquary:FerryPass"},{"floor":28.0,"key":"Replay:Bandana"},{"floor":39.0,"key":"Emotion Chip"},{"floor":42.0,"key":"Omamori"},{"floor":43.0,"key":"reliquary:JackalopeAntler"},{"floor":46.0,"key":"hubris:CrystalStatue"},{"floor":48,"key":"hubris:64BitClover"}],"event_choices":[{"damage_healed":0.0,"max_hp_gain":0.0,"max_hp_loss":0.0,"gold_gain":0.0,"event_name":"Shining Light","player_choice":"Entered Light","floor":4.0,"gold_loss":0.0,"damage_taken":15.0,"cards_upgraded":["Defend_B","Dualcast"]},{"damage_healed":0.0,"max_hp_gain":0.0,"max_hp_loss":0.0,"gold_gain":0.0,"event_name":"Vampires","player_choice":"Ignored","floor":19.0,"gold_loss":0.0,"damage_taken":0.0},{"damage_healed":0.0,"max_hp_gain":0.0,"max_hp_loss":0.0,"gold_gain":0.0,"event_name":"Drug Dealer","player_choice":"Inject Mutagens","floor":20.0,"gold_loss":0.0,"damage_taken":0.0,"relics_obtained":["MutagenicStrength"]},{"damage_healed":0.0,"max_hp_gain":0.0,"max_hp_loss":0.0,"gold_gain":0.0,"event_name":"The Library","player_choice":"Read","floor":27.0,"gold_loss":0.0,"damage_taken":0.0,"cards_obtained":["Biased Cognition"]},{"damage_healed":0.0,"max_hp_gain":0.0,"max_hp_loss":0.0,"gold_gain":0.0,"event_name":"MindBloom","player_choice":"Fight","floor":39.0,"gold_loss":0.0,"damage_taken":0.0},{"damage_healed":0.0,"max_hp_gain":0.0,"max_hp_loss":4.0,"gold_gain":0.0,"event_name":"Winding Halls","player_choice":"Max HP","floor":44.0,"gold_loss":0.0,"damage_taken":0.0},{"damage_healed":0.0,"max_hp_gain":0.0,"max_hp_loss":0.0,"gold_gain":0.0,"event_name":"Tomb of Lord Red Mask","player_choice":"Ignored","floor":45.0,"gold_loss":0.0,"damage_taken":0.0},{"damage_healed":0,"gold_gain":0,"player_choice":"Ignored","damage_taken":0,"max_hp_gain":0,"max_hp_loss":0,"event_name":"Tomb of Lord Red Mask","floor":48,"gold_loss":0}],"is_beta":false,"boss_relics":[{"not_picked":["energizedSpire:OgreHead","Velvet Choker","reliquary:RedCape"]},{"not_picked":["Astrolabe","Busted Crown"],"picked":"Tiny House"}],"items_purged_floors":[22,31,37],"is_endless":false,"potions_floor_spawned":[10,14,16,18,35,36,42,48],"ascension_level":0}}