{"host":"yfkezq0m1a8tfmul","time":1612160833,"event":{"mods":["100% Spire Juice","2.2 Compatiblity","AchievementEnabler","Act Like it!","Arknights","Ascension Reborn","Aspiration","Astrologer","BaseMod","Bestiary","Better Altar","Better Match","Better Note","Better Sensory Stone","Better Skull","Better Third Choice","BetterRewards","Block Reminder","Challenge The Spire","Colored Map","Colored Powertips","Conspire","Curses Come First","DeckTracker","Downfall","Duelist Mod","Energized Spire","Fox Events","GifTheSpireLib","GungeonMod","Halation","Hermit","HololiveMod","Hubris","Infinite Spire","Jedi Mod","Minty Spire (QoL Compilation)","Pale of the Ancients","Permanent Neow","Random Character Button","Reliquary","Replay The Spire","Robot Space Explorer","Shade Mod","Shop Mod","Spicy Shops","StSLib","Stuff the Spire","SuperFastMode","The Animator","The Blackbeard","The Blue Laboratory","The Bug Knight","The Construct","The Cursed","The Disciple","The Dragon Tamer","The Exalted","The Forsaken","The Gatherer","The Hierophant","The Marked","The Necromancer","The Poker Player","The Runesmith","The Servant 0.9.4","TheFirefly","UnlockEverythingMod","Wandering Minibosses","Weighted Paths"],"gold_per_floor":[114,38,48,48,63,98,98,108,158,173,173,190,190,190,190],"floor_reached":14,"language":"ENG","playtime":685,"items_purged":[],"score":92,"play_id":"f3288eb3-3121-4c00-9c07-920bb194d1e0","local_time":"20210201012713","is_ascension_mode":true,"campfire_choices":[{"data":"construct:FlameCore","floor":7,"key":"SMITH"},{"data":"construct:Zapper","floor":11,"key":"SMITH"}],"circlet_count":0,"master_deck":["construct:Strike_Gold+1","construct:Strike_Gold","construct:Strike_Gold","construct:Strike_Gold","construct:Strike_Gold","construct:Defend_Gold","construct:Defend_Gold","construct:Defend_Gold","construct:Defend_Gold","construct:Defend_Gold+1","construct:AttackMode","construct:DefenseMode","construct:FlameCore+1","construct:PointDefense","construct:Missile","ReplayTheSpireMod:Black Plague","construct:Zapper+1","construct:CriticalHit"],"relics":["construct:Cogwheel","jedi:bottledfury","hubris:OldNail"],"acts_visited":["Exordium"],"potions_floor_usage":[14],"damage_taken":[{"damage":4,"enemies":"Cultist","floor":1,"turns":4},{"damage":2,"enemies":"2 Louse","floor":3,"turns":3},{"damage":4,"enemies":"conspire:RoseBush","floor":5,"turns":3},{"damage":12,"enemies":"Gremlin Nob","floor":6,"turns":3},{"damage":8,"enemies":"Blue Slaver","floor":8,"turns":3},{"damage":13,"enemies":"Looter","floor":10,"turns":4},{"damage":3,"enemies":"Red Slaver","floor":12,"turns":5},{"damage":15,"enemies":"Lagavulin","floor":14,"turns":3}],"seed_played":"-2001232733420600320","potions_obtained":[{"floor":1,"key":"SkillPotion"},{"floor":5,"key":"blueLaboratory:PhilterOfMotion"}],"is_trial":false,"path_per_floor":["M","$","M","?","M","E","R","M","T","M","R","M","?","E"],"character_chosen":"THE_CONSTRUCT_MOD","items_purchased":["construct:PointDefense"],"campfire_rested":0,"item_purchase_floors":[2],"current_hp_per_floor":[89,89,87,65,61,49,49,41,41,28,28,25,6,0,0],"gold":190,"neow_bonus":"TEN_PERCENT_HP_BONUS","is_daily":false,"chose_seed":false,"campfire_upgraded":2,"win_rate":0.0,"timestamp":1612160833,"path_taken":["M","?","M","?","M","E","R","M","T","M","R","M","?","E"],"items_purchased_type":["Card"],"build_version":"2020-12-22","purchased_purges":0,"victory":false,"max_hp_per_floor":[93,93,93,93,93,93,93,93,93,93,93,93,93,93,93],"card_choices":[{"not_picked":["construct:Isolate","construct:Versatility"],"picked":"construct:FlameCore","floor":1},{"not_picked":["construct:FlakBarrage","construct:Reinforce"],"picked":"construct:Missile","floor":3},{"not_picked":["infinitespire:Execution","infinitespire:SealOfDarkness+"],"picked":"ReplayTheSpireMod:Black Plague","floor":4},{"not_picked":["construct:Anticipate","construct:HeavyBolt"],"picked":"construct:Zapper","floor":5},{"not_picked":["construct:ClusterMines","construct:MemoryTap"],"picked":"construct:CriticalHit","floor":6},{"not_picked":["construct:UnbalancingBlast","construct:ClusterMines","construct:Accumulate"],"picked":"SKIP","floor":8},{"not_picked":["construct:FlakBarrage","construct:HeavyBolt","construct:FierceBash"],"picked":"SKIP","floor":10},{"not_picked":["construct:Reinforce","construct:FierceBash","construct:GatlingGun"],"picked":"SKIP","floor":12}],"player_experience":6558,"relics_obtained":[{"floor":6,"key":"jedi:bottledfury"},{"floor":9,"key":"hubris:OldNail"}],"event_choices":[{"damage_healed":25,"gold_gain":0,"player_choice":"Upgrade","damage_taken":19,"max_hp_gain":0,"max_hp_loss":93,"event_name":"betterThird:BetterShining","floor":13,"gold_loss":0,"cards_upgraded":["construct:Defend_Gold","construct:Strike_Gold"]}],"is_beta":false,"boss_relics":[],"items_purged_floors":[],"is_endless":false,"potions_floor_spawned":[1,5,12],"killed_by":"Lagavulin","ascension_level":0}}