{"host":"qm1va34thld9e1ze","time":1612170696,"event":{"mods":["BaseMod","BetterRewards","Colored Powertips","Downfall","Hubris","Infinite Spire","Minty Spire (QoL Compilation)","Quick Restart","Replay The Spire","StSLib","everything is the same but u backflip on backflip"],"gold_per_floor":[109,109,109,127,140,169,182,182,237,187,187,187,187,187,187,287,287,298,100,100,100,116,116,116,131,131,131,165,165,176,186,186,285,285,302,368,368,380,405,405,405],"floor_reached":40,"language":"ENG","playtime":7187,"items_purged":["Pain"],"score":402,"play_id":"9f945504-e4e4-4b0f-be9c-066c736a9c9a","local_time":"20210201101136","is_ascension_mode":false,"campfire_choices":[{"floor":11,"key":"REST"},{"floor":15,"key":"REST"},{"data":"Apotheosis","floor":23,"key":"SMITH"},{"floor":27,"key":"REST"},{"floor":29,"key":"REST"},{"floor":32,"key":"REST"}],"circlet_count":0,"master_deck":["Strike_G+1","Strike_G+1","Strike_G+1","Strike_G+1","Strike_G+1","Defend_G+1","Defend_G+1","Defend_G+1","Defend_G+1","Defend_G+1","Survivor","Neutralize+1","Backstab","Infinite Blades","Sucker Punch","Sucker Punch","Flying Knee","Dagger Spray","Phantasmal Killer","Violence","Jack Of All Trades","Apotheosis+1","Wraith Form v2","Predator+1","Cloak And Dagger","Slice","Deflect+1","Dagger Spray","After Image","Riddle With Holes","Flying Knee+1","Cloak And Dagger+1"],"relics":["Ring of the Snake","NeowsBlessing","Quantum Egg","Juzu Bracelet","WarpedTongs","Blue Candle","hubris:ScarierMask","ReplayTheSpireMod:ShopPack","Calipers","infinitespire:Beetle Shell","Honey Jar","ReplayTheSpireMod:Shallot","hubris:Towel","Replay:Mystery Machine"],"acts_visited":["Exordium","TheCity","TheBeyond"],"potions_floor_usage":[16,16,40],"damage_taken":[{"damage":0,"enemies":"Small Slimes","floor":1,"turns":1},{"damage":0,"enemies":"Jaw Worm","floor":4,"turns":1},{"damage":0,"enemies":"Cultist","floor":5,"turns":1},{"damage":32,"enemies":"Lagavulin","floor":6,"turns":8},{"damage":0,"enemies":"Exordium Wildlife","floor":7,"turns":3},{"damage":36,"enemies":"Slime Boss","floor":16,"turns":13},{"damage":5,"enemies":"3 Byrds","floor":18,"turns":4},{"damage":0,"enemies":"2 Thieves","floor":22,"turns":2},{"damage":10,"enemies":"Shelled Parasite and Fungi","floor":25,"turns":5},{"damage":5,"enemies":"Replay:Snechameleon","floor":28,"turns":7},{"damage":0,"enemies":"Sentry and Sphere","floor":30,"turns":2},{"damage":6,"enemies":"Chosen and Byrds","floor":31,"turns":4},{"damage":67,"enemies":"Collector","floor":33,"turns":12},{"damage":5,"enemies":"Orb Walker","floor":35,"turns":3},{"damage":7,"enemies":"3 Darklings","floor":38,"turns":3},{"damage":76,"enemies":"Giant Head","floor":40,"turns":8}],"seed_played":"8971771816450563506","potions_obtained":[{"floor":6,"key":"LiquidMemories"},{"floor":7,"key":"Regen Potion"},{"floor":30,"key":"Venom Potion"},{"floor":31,"key":"Elixir"},{"floor":36,"key":"Milkshake"}],"is_trial":false,"path_per_floor":["M","?","?","M","M","E","M","$","T","$","R","?","?","?","R","B",null,"M","$","?","?","M","R","?","M","T","R","E","R","M","M","R","B",null,"M","?","?","M","T","E"],"character_chosen":"THE_SILENT","items_purchased":["Dagger Spray","ReplayTheSpireMod:ShopPack"],"campfire_rested":5,"item_purchase_floors":[10,19],"current_hp_per_floor":[70,75,75,75,75,43,43,43,43,43,65,65,65,60,75,54,75,70,70,70,70,70,70,70,60,60,75,70,75,75,69,75,8,75,70,70,70,63,63,0,0],"gold":405,"neow_bonus":"THREE_ENEMY_KILL","is_daily":false,"chose_seed":false,"campfire_upgraded":1,"win_rate":0.0,"timestamp":1612170696,"path_taken":["M","?","?","?","M","E","M","$","T","$","R","?","?","?","R","BOSS","M","$","?","?","M","R","?","M","T","R","E","R","M","M","R","BOSS","M","?","?","M","?","E"],"items_purchased_type":["Card","Relic"],"build_version":"2020-12-22","purchased_purges":1,"victory":false,"max_hp_per_floor":[70,75,75,75,75,75,75,75,75,75,75,75,75,75,75,75,75,75,75,75,75,75,75,75,75,75,75,75,75,75,75,75,75,75,75,75,75,75,75,75,75],"card_choices":[{"not_picked":["Outmaneuver","Poisoned Stab"],"picked":"Backstab","floor":1},{"not_picked":["Slice","Dodge and Roll"],"picked":"Infinite Blades","floor":4},{"not_picked":["Dagger Throw","Underhanded Strike"],"picked":"Sucker Punch","floor":5},{"not_picked":["Backflip","Dodge and Roll"],"picked":"Sucker Punch","floor":6},{"not_picked":["Slice","Acrobatics"],"picked":"Flying Knee","floor":7},{"not_picked":["Night Terror","Poison Darts"],"picked":"Phantasmal Killer","floor":16},{"not_picked":["Masterful Stab","ReplayTheSpireMod:Speed Training"],"picked":"hubris:Sniper","floor":18},{"not_picked":["HandOfGreed","Secret Weapon"],"picked":"Violence","floor":19},{"not_picked":["Replay:Parry","Transmutation"],"picked":"Jack Of All Trades","floor":19},{"not_picked":["Mayhem","Discovery"],"picked":"Apotheosis","floor":19},{"not_picked":["Blade Dance+1","Acrobatics"],"picked":"Predator+1","floor":22},{"not_picked":["Outmaneuver","Acrobatics+1"],"picked":"Cloak And Dagger","floor":25},{"not_picked":["Hidden Blade","Skewer"],"picked":"Slice","floor":28},{"not_picked":["hubris:TrickCloak","Eviscerate"],"picked":"Deflect+1","floor":30},{"not_picked":["Malaise","Flying Knee+1"],"picked":"Dagger Spray","floor":31},{"not_picked":["Tools of the Trade","Unload"],"picked":"After Image","floor":33},{"not_picked":["hubris:SlightOfHand+1","Dagger Throw","Underhanded Strike+1"],"picked":"Riddle With Holes","floor":35},{"not_picked":["Deadly Poison","Caltrops+1","Dagger Throw+1"],"picked":"Flying Knee+1","floor":36},{"not_picked":["Underhanded Strike+1","Quick Slash","Dodge and Roll+1"],"picked":"Cloak And Dagger+1","floor":38}],"player_experience":221861,"relics_obtained":[{"floor":6,"key":"Quantum Egg"},{"floor":9,"key":"Juzu Bracelet"},{"floor":26,"key":"Calipers"},{"floor":28,"key":"infinitespire:Beetle Shell"},{"floor":36,"key":"ReplayTheSpireMod:Shallot"},{"floor":39,"key":"Replay:Mystery Machine"}],"event_choices":[{"damage_healed":0,"gold_gain":0,"player_choice":"Donut","damage_taken":0,"max_hp_gain":5,"max_hp_loss":0,"event_name":"Big Fish","floor":2,"gold_loss":0},{"damage_healed":0,"gold_gain":0,"player_choice":"Upgraded","damage_taken":0,"max_hp_gain":0,"max_hp_loss":0,"event_name":"Upgrade Shrine","floor":3,"gold_loss":0,"cards_upgraded":["Neutralize"]},{"damage_healed":0,"gold_gain":0,"player_choice":"Rummage","damage_taken":0,"relics_obtained":["WarpedTongs"],"max_hp_gain":0,"max_hp_loss":0,"event_name":"Accursed Blacksmith","floor":12,"gold_loss":0,"cards_obtained":["Pain"]},{"damage_healed":0,"gold_gain":0,"player_choice":"Simplicity","damage_taken":0,"max_hp_gain":0,"max_hp_loss":0,"event_name":"Back to Basics","floor":20,"gold_loss":0,"cards_upgraded":["Strike_G","Strike_G","Strike_G","Strike_G","Strike_G","Defend_G","Defend_G","Defend_G","Defend_G"]},{"damage_healed":0,"gold_gain":0,"cards_transformed":["hubris:Sniper"],"player_choice":"Transformed","damage_taken":0,"max_hp_gain":0,"max_hp_loss":0,"event_name":"Transmorgrifier","floor":21,"gold_loss":0,"cards_obtained":["Wraith Form v2"]}],"is_beta":false,"boss_relics":[{"not_picked":["ReplayTheSpireMod:SealedPack","HoveringKite"],"picked":"hubris:ScarierMask"},{"not_picked":["Snecko Scales","Kintsugi"],"picked":"Honey Jar"}],"items_purged_floors":[19],"is_endless":false,"potions_floor_spawned":[6,7,30,31],"killed_by":"Giant Head","ascension_level":0}}