{"host":"yy8mitdds7tg9c5m","time":1612160143,"event":{"mods":["Act Like it!","AlwaysNeverKeys","BaseMod","Better Note","Duelist Mod","GifTheSpireLib","Minty Spire (QoL Compilation)","Permanent Neow","Quick Restart","StSLib","egg"],"gold_per_floor":[139,139,139,186,258,258,272,306,332,344,39,57,68,87,87,191,191],"floor_reached":16,"language":"ENG","playtime":3648,"items_purged":["theDuelist:Sparks"],"score":177,"play_id":"e554862e-6287-40ec-bee8-f74dd39269a8","local_time":"20210201021543","is_ascension_mode":false,"campfire_choices":[{"floor":6,"key":"REST"},{"data":"theDuelist:YamiForm","floor":15,"key":"SMITH"}],"circlet_count":0,"master_deck":["theDuelist:CastleWalls","theDuelist:CastleWalls","theDuelist:DarkMagician","theDuelist:MysticalElf+1","theDuelist:MysticalElf","theDuelist:NeoMagic","theDuelist:NeoMagic","theDuelist:Sparks","theDuelist:Sparks","theDuelist:YamiForm+1","theDuelist:StampingDestruction"],"relics":["theDuelist:MillenniumPuzzle","theDuelist:CardPoolRelic","theDuelist:CardPoolBasicRelic","theDuelist:BoosterPackPoolRelic","theDuelist:CardPoolAddRelic","theDuelist:CardPoolMinusRelic","theDuelist:CardPoolSaveRelic","theDuelist:CardPoolOptionsRelic","Regal Pillow","Torii","Dead Branch","theDuelist:DuelistUrn","Pantograph","Anchor"],"acts_visited":["Exordium"],"potions_floor_usage":[4],"damage_taken":[{"damage":0,"enemies":"Cultist","floor":1,"turns":3},{"damage":27,"enemies":"Cultist","floor":4,"turns":5},{"damage":0,"enemies":"Small Slimes","floor":7,"turns":3},{"damage":6,"enemies":"Lagavulin","floor":8,"turns":11},{"damage":0,"enemies":"Jaw Worm","floor":10,"turns":4},{"damage":1,"enemies":"3 Louse","floor":12,"turns":3},{"damage":1,"enemies":"Exordium Thugs","floor":13,"turns":6},{"damage":0,"enemies":"2 Fungi Beasts","floor":14,"turns":2},{"damage":37,"enemies":"The Guardian","floor":16,"turns":15}],"seed_played":"-7007450266626666386","potions_obtained":[{"floor":1,"key":"Weak Potion"},{"floor":8,"key":"ColorlessPotion"},{"floor":13,"key":"Fire Potion"}],"is_trial":false,"path_per_floor":["M","?","?","?","?","R","M","E","T","M","$","M","M","M","R","B"],"character_chosen":"THE_DUELIST","items_purchased":["theDuelist:YamiForm","theDuelist:StampingDestruction"],"campfire_rested":1,"item_purchase_floors":[11,11],"current_hp_per_floor":[80,64,64,37,37,76,76,76,76,76,76,75,76,76,76,53,53],"gold":191,"neow_bonus":"RANDOM_COMMON_RELIC","is_daily":false,"chose_seed":false,"campfire_upgraded":1,"win_rate":0.0,"timestamp":1612160143,"path_taken":["M","?","?","?","?","R","M","E","T","M","$","?","M","M","R","BOSS"],"items_purchased_type":["Card","Card"],"build_version":"2020-12-22","purchased_purges":1,"victory":false,"max_hp_per_floor":[80,80,80,80,80,80,80,80,80,80,80,80,80,80,80,80,80],"card_choices":[{"not_picked":["theDuelist:PowerGiant","theDuelist:Reload","theDuelist:GolemSentry","theDuelist:GoldenApples"],"picked":"theDuelist:Wiseman","floor":1},{"not_picked":["theDuelist:YamataDragon","theDuelist:FrostflameDragon","theDuelist:SphereChaos","theDuelist:LavaDragon","theDuelist:Berserking"],"picked":"SKIP","floor":7},{"not_picked":["theDuelist:GravityLash","theDuelist:BusterBladerDDS","theDuelist:GaiaDragonChamp","theDuelist:QueenDragunDjinn","theDuelist:TailSwipe"],"picked":"SKIP","floor":8},{"not_picked":["theDuelist:ArmageddonDragonEmp","theDuelist:ArmedProtectorDragon","theDuelist:ChimeratechOverdragon","theDuelist:FiveHeaded","theDuelist:TailSwipe"],"picked":"SKIP","floor":10},{"not_picked":["theDuelist:LightningVortex","theDuelist:SilverApples","theDuelist:HaneHane","theDuelist:Reload","theDuelist:PreventRat"],"picked":"SKIP","floor":12},{"not_picked":["theDuelist:Earthquake","theDuelist:StampingDestruction","theDuelist:CyberRevsystem","theDuelist:DefenseZone","theDuelist:ArtifactIgnition"],"picked":"SKIP","floor":13},{"not_picked":["theDuelist:RainbowOverdragon","theDuelist:EarthEffigy","theDuelist:GaiaFierce","theDuelist:ForbiddenChalice","theDuelist:LabyrinthWall"],"picked":"SKIP","floor":14}],"player_experience":298108,"relics_obtained":[{"floor":4,"key":"Torii"},{"floor":4,"key":"Dead Branch"},{"floor":4,"key":"theDuelist:DuelistUrn"},{"floor":8,"key":"Pantograph"},{"floor":9,"key":"Anchor"}],"event_choices":[{"damage_healed":0,"gold_gain":0,"player_choice":"Entered Light","damage_taken":16,"max_hp_gain":0,"max_hp_loss":0,"event_name":"Shining Light","floor":2,"gold_loss":0,"cards_upgraded":["theDuelist:MysticalElf","theDuelist:Wiseman"]},{"damage_healed":0,"gold_gain":0,"player_choice":"Leave","duelist":true,"damage_taken":0,"max_hp_gain":0,"max_hp_loss":0,"event_name":"Relic Duplicator","floor":3,"gold_loss":0},{"damage_healed":0,"gold_gain":0,"player_choice":"Fight","duelist":true,"damage_taken":0,"max_hp_gain":0,"max_hp_loss":0,"event_name":"Battle City","floor":4,"gold_loss":0},{"damage_healed":0,"gold_gain":72,"player_choice":"Gained Gold","damage_taken":0,"max_hp_gain":0,"max_hp_loss":0,"event_name":"Golden Wing","floor":5,"gold_loss":0}],"is_beta":false,"boss_relics":[],"items_purged_floors":[11],"is_endless":false,"potions_floor_spawned":[1,8,13],"killed_by":"The Guardian","ascension_level":0}}