{"host":"gl5rgsfncjl28cj1","time":1612146197,"event":{"mods":["BaseMod","Colored Map","Highlight Path","Minty Spire (QoL Compilation)","Permanent Neow","StSLib"],"gold_per_floor":[168,43,55,73,92,92,112,144,144,59,59,59,79,89,89,168,168,142,1,21,37,48,48,59,59,83,83,83],"floor_reached":27,"language":"KOR","playtime":887,"items_purged":["Strike_G","Defend_G"],"score":438,"play_id":"21dc1c2b-8545-4c6e-ae34-991ec9407fd7","local_time":"20210201112317","is_ascension_mode":true,"campfire_choices":[{"data":"Dagger Spray","floor":6,"key":"SMITH"},{"data":"Noxious Fumes","floor":11,"key":"SMITH"},{"data":"Deadly Poison","floor":15,"key":"SMITH"},{"floor":23,"key":"REST"},{"floor":25,"key":"REST"}],"circlet_count":0,"master_deck":["AscendersBane","Strike_G","Strike_G","Strike_G","Defend_G+1","Defend_G","Defend_G","Survivor","Neutralize","Catalyst+1","Backstab","Slice","Escape Plan+1","Dash","Dagger Spray+1","Dash","Dodge and Roll+1","Noxious Fumes+1","Deadly Poison+1","After Image","Crippling Poison","Catalyst"],"relics":["Tiny House","Calipers","Blue Candle","Empty Cage","War Paint"],"acts_visited":["Exordium","TheCity"],"potions_floor_usage":[1,8,8,24],"damage_taken":[{"damage":8,"enemies":"Cultist","floor":1,"turns":5},{"damage":0,"enemies":"2 Louse","floor":3,"turns":4},{"damage":3,"enemies":"Small Slimes","floor":4,"turns":5},{"damage":6,"enemies":"Looter","floor":5,"turns":3},{"damage":4,"enemies":"2 Fungi Beasts","floor":7,"turns":3},{"damage":10,"enemies":"3 Sentries","floor":8,"turns":7},{"damage":3,"enemies":"Blue Slaver","floor":13,"turns":3},{"damage":24,"enemies":"Exordium Thugs","floor":14,"turns":4},{"damage":8,"enemies":"Hexaghost","floor":16,"turns":7},{"damage":17,"enemies":"2 Thieves","floor":18,"turns":4},{"damage":12,"enemies":"Chosen","floor":20,"turns":5},{"damage":11,"enemies":"Centurion and Healer","floor":21,"turns":8},{"damage":16,"enemies":"Sentry and Sphere","floor":22,"turns":4},{"damage":24,"enemies":"Shelled Parasite and Fungi","floor":24,"turns":9},{"damage":31,"enemies":"Masked Bandits","floor":27,"turns":3}],"seed_played":"3432592064122298289","potions_obtained":[{"floor":0,"key":"Regen Potion"},{"floor":1,"key":"Fruit Juice"},{"floor":5,"key":"CunningPotion"},{"floor":7,"key":"Fire Potion"},{"floor":22,"key":"Energy Potion"}],"is_trial":false,"path_per_floor":["M","$","M","M","M","R","M","E","T","$","R","?","M","M","R","B",null,"M","$","M","M","M","R","M","R","T","?"],"character_chosen":"THE_SILENT","items_purchased":["Slice","Noxious Fumes","Crippling Poison"],"campfire_rested":2,"item_purchase_floors":[2,10,19],"current_hp_per_floor":[61,61,61,58,52,52,48,53,53,53,53,53,50,26,26,18,62,45,45,33,22,6,28,4,26,26,0,0],"gold":83,"neow_bonus":"BOSS_RELIC","is_daily":false,"chose_seed":false,"campfire_upgraded":3,"win_rate":0.0,"timestamp":1612146197,"path_taken":["M","$","?","M","M","R","M","E","T","?","R","?","M","M","R","BOSS","M","$","?","M","M","R","M","R","T","?"],"items_purchased_type":["Card","Card","Card"],"build_version":"2020-12-22","purchased_purges":2,"victory":false,"max_hp_per_floor":[76,76,76,76,76,76,76,76,76,76,76,76,76,76,76,76,76,76,76,76,76,76,76,76,76,76,76,76],"card_choices":[{"not_picked":["Poisoned Stab","Blur"],"picked":"Catalyst","floor":0},{"not_picked":["Acrobatics","Slice"],"picked":"Backstab","floor":1},{"not_picked":["Poisoned Stab","Riddle With Holes"],"picked":"Escape Plan","floor":3},{"not_picked":["Sucker Punch","Catalyst"],"picked":"Dash","floor":4},{"not_picked":["Flying Knee","Cloak And Dagger"],"picked":"Dagger Spray","floor":5},{"not_picked":["Well Laid Plans","Prepared"],"picked":"Dash","floor":7},{"not_picked":["Bouncing Flask","Infinite Blades"],"picked":"Dodge and Roll","floor":8},{"not_picked":["Dodge and Roll","Concentrate"],"picked":"Deadly Poison","floor":13},{"not_picked":["Blade Dance","Setup","Slice"],"picked":"SKIP","floor":14},{"not_picked":["Doppelganger","Storm of Steel"],"picked":"After Image","floor":16},{"not_picked":["Poisoned Stab","Riddle With Holes","Underhanded Strike"],"picked":"SKIP","floor":18},{"not_picked":["Endless Agony","Predator","Bane+1"],"picked":"SKIP","floor":20},{"not_picked":["Backstab","PiercingWail"],"picked":"Catalyst","floor":21},{"not_picked":["Poisoned Stab","Dodge and Roll","Acrobatics"],"picked":"SKIP","floor":22},{"not_picked":["Unload","Outmaneuver","Calculated Gamble"],"picked":"SKIP","floor":24}],"player_experience":1005095,"relics_obtained":[{"floor":8,"key":"Calipers"},{"floor":9,"key":"Blue Candle"},{"floor":26,"key":"War Paint"}],"event_choices":[{"damage_healed":0,"gold_gain":0,"player_choice":"Forge","damage_taken":0,"max_hp_gain":0,"max_hp_loss":0,"event_name":"Accursed Blacksmith","floor":12,"gold_loss":0,"cards_upgraded":["Catalyst"]},{"damage_healed":0,"gold_gain":0,"player_choice":"Fought Bandits","damage_taken":0,"max_hp_gain":0,"max_hp_loss":0,"event_name":"Masked Bandits","floor":27,"gold_loss":0}],"is_beta":false,"boss_relics":[{"not_picked":["Pandora\u0027s Box","Astrolabe"],"picked":"Empty Cage"}],"items_purged_floors":[2,19],"is_endless":false,"potions_floor_spawned":[1,5,7,22],"killed_by":"Masked Bandits","ascension_level":20}}