{"host":"dmx5z5o7si81zeeg","time":1612186303,"event":{"mods":["Act Like it!","BaseMod","Downfall","Gensokyo","Marisa£®ÏF”Í°°ƒß¿Ì…≥£©","Minty Spire (QoL Compilation)","StSLib"],"gold_per_floor":[99,113,113,133,133,151,233,252,53,63,75,85,85,85,85,85],"floor_reached":14,"language":"ZHS","playtime":1239,"items_purged":["Slimebound:Strike_Slimebound"],"score":84,"play_id":"76fe05af-6e20-433b-87b2-05c404040c7d","local_time":"20210201213143","is_ascension_mode":false,"campfire_choices":[{"floor":1,"key":"RECALL"},{"data":"Slimebound:Gluttony","floor":13,"key":"SMITH"}],"circlet_count":0,"master_deck":["Slimebound:Strike_Slimebound","Slimebound:Strike_Slimebound","Slimebound:Tackle","Slimebound:Defend_Slimebound","Slimebound:Defend_Slimebound","Slimebound:Defend_Slimebound","Slimebound:Defend_Slimebound","Slimebound:Split","Slimebound:CorrosiveSpit","Slimebound:Gluttony+1","Slimebound:SlimeSpikes","Slimebound:GoopTackle","Slimebound:SlimeBarrage","Slimebound:LeechLife","Slimebound:DisruptingSlam","Slimebound:LeadByExample","Slimebound:Repurpose","Slimebound:TongueLash","Slimebound:ItLooksTasty"],"relics":["Slimebound:AbsorbEndCombat","The Courier"],"acts_visited":["Exordium"],"potions_floor_usage":[12],"damage_taken":[{"damage":2,"enemies":"2 Louse","floor":2,"turns":4},{"damage":5,"enemies":"Cultist","floor":4,"turns":4},{"damage":1,"enemies":"Jaw Worm","floor":6,"turns":5},{"damage":10,"enemies":"2 Fungi Beasts","floor":8,"turns":5},{"damage":6,"enemies":"downfall:FleeingMerchant","floor":9,"turns":4},{"damage":13,"enemies":"Large Slime","floor":10,"turns":5},{"damage":27,"enemies":"Gremlin Gang","floor":11,"turns":4},{"damage":13,"enemies":"Red Slaver","floor":12,"turns":4},{"damage":22,"enemies":"3 Sentries","floor":14,"turns":4}],"seed_played":"-1019279349137082159","potions_obtained":[{"floor":5,"key":"Energy Potion"},{"floor":5,"key":"SkillPotion"},{"floor":5,"key":"Energy Potion"}],"is_trial":false,"path_per_floor":["R","M","?","M","?","M","T","M","$","M","M","M","R","E"],"character_chosen":"SLIMEBOUND","items_purchased":["Slimebound:DisruptingSlam","Slimebound:LeadByExample"],"campfire_rested":0,"item_purchase_floors":[9,9],"current_hp_per_floor":[71,69,69,71,71,71,71,65,65,58,31,22,22,0,0,0],"gold":85,"neow_bonus":"TEN_PERCENT_HP_BONUS","is_daily":false,"chose_seed":false,"campfire_upgraded":1,"win_rate":0.0,"timestamp":1612186303,"path_taken":["R","M","?","M","?","M","T","M","$","M","M","?","R","E"],"items_purchased_type":["Card","Card"],"build_version":"2020-12-22","purchased_purges":1,"victory":false,"max_hp_per_floor":[71,71,71,71,71,71,71,71,71,71,71,71,71,71,71,71],"card_choices":[{"not_picked":["Slimebound:LivingWall","Slimebound:MegaLick"],"picked":"Slimebound:Gluttony","floor":2},{"not_picked":["Slimebound:SplitAcid","Slimebound:SlimeBrawl"],"picked":"Slimebound:SlimeSpikes","floor":4},{"not_picked":["Slimebound:SlimeBrawl","Slimebound:ForwardTackle"],"picked":"Slimebound:GoopTackle","floor":6},{"not_picked":["Slimebound:Dissolve","Slimebound:RejuvenatingLick"],"picked":"Slimebound:SlimeBarrage","floor":8},{"not_picked":["Slimebound:ComboTackle","Slimebound:Prepare"],"picked":"Slimebound:LeechLife","floor":9},{"not_picked":["Slimebound:LeadByExample","Slimebound:HauntingLick"],"picked":"Slimebound:Repurpose","floor":10},{"not_picked":["Slimebound:SamplingLick","Slimebound:RainOfGoop"],"picked":"Slimebound:TongueLash","floor":11},{"not_picked":["Slimebound:AcidTongue","Slimebound:Repurpose"],"picked":"Slimebound:ItLooksTasty","floor":12}],"player_experience":130937,"relics_obtained":[{"floor":7,"key":"The Courier"}],"event_choices":[{"damage_healed":0,"gold_gain":0,"player_choice":"Got Potions","damage_taken":0,"max_hp_gain":0,"max_hp_loss":0,"event_name":"Lab","floor":5,"gold_loss":0}],"is_beta":false,"boss_relics":[],"items_purged_floors":[9],"is_endless":false,"potions_floor_spawned":[6,8,11],"killed_by":"3 Sentries","ascension_level":0}}