{"host":"lxihx0b6awoz2w1j","time":1612220829,"event":{"mods":["Act Like it!","Ascension Reborn","BaseMod","Better Third Choice","BetterRewards","CapriCore","Colored Powertips","Conspire","Downfall","Fox Events","Gensokyo","Hermit","Hubris","Infinite Spire","JesterMod","Luminous","Melee Mod","Minty Spire (QoL Compilation)","Permanent Neow","Prisma Mod","Quick Restart","Relic Stats","Reliquary","Replay The Spire","Shade Mod","Spicy Shops","StSLib","Td1madao Mod","The Alterego","The Blue Laboratory","The Construct","The Cursed","The Death Knight","The Disciple","The Forsaken","The Gatherer","The Immortal","The Jungle","The Marked","The Mystic","The Runesmith","The Senshi","The Servant 0.9.4","The Spell Scribe","Waifu the Spire"],"gold_per_floor":[117,135,145,2,19,19,30,50,50,61,61,30,30,60,60,60,60],"floor_reached":16,"language":"ENG","playtime":751,"items_purged":[],"score":154,"play_id":"c7edb4fb-5efe-4dcb-a651-2797959b23d6","local_time":"20210202000709","is_ascension_mode":false,"campfire_choices":[{"data":"alterego_mod:ChallengeComplete","floor":6.0,"key":"SMITH"},{"data":"alterego_mod:BrynhildrRomantia","floor":15,"key":"SMITH"}],"circlet_count":0,"master_deck":["alterego_mod:Strike","alterego_mod:Strike","alterego_mod:Strike","alterego_mod:Strike","alterego_mod:Defend","alterego_mod:Defend+1","alterego_mod:Defend","alterego_mod:Defend","alterego_mod:Impale","alterego_mod:BigMeatyClaws+1","alterego_mod:BrynhildrsRune","alterego_mod:Punishment","alterego_mod:Stockings","alterego_mod:BiFurious","alterego_mod:DiscoLights","alterego_mod:ChallengeComplete+1","alterego_mod:BrynhildrRomantia+1","alterego_mod:BustOut","alterego_mod:Swimsuit","Injury","Gensokyo:TarnishedGold","Pain","alterego_mod:Swimsuit"],"relics":["alterego_mod:MasochisticConstitution","Lee\u0027s Waffle","Replay:Wax Seal","hubris:Teleporter","War Paint","StoneCalendar","Darkstone Periapt","reliquary:IridiumChain","Gensokyo:LunaticRedEyes","Golden Egg"],"acts_visited":["Gensokyo:Gensokyo"],"potions_floor_usage":[14],"damage_taken":[{"damage":3.0,"enemies":"Gensokyo:Gryphon","floor":1.0,"turns":3.0},{"damage":7.0,"enemies":"Gensokyo:3_Fairies","floor":2.0,"turns":4.0},{"damage":0.0,"enemies":"Gensokyo:Python","floor":3.0,"turns":3.0},{"damage":20.0,"enemies":"Gensokyo:2_Rabbits","floor":5.0,"turns":5.0},{"damage":0.0,"enemies":"Gensokyo:LivingMonolith","floor":7.0,"turns":3.0},{"damage":1.0,"enemies":"Gensokyo:Kitsune","floor":8.0,"turns":4.0},{"damage":3.0,"enemies":"Gensokyo:2_Rabbits","floor":10.0,"turns":4.0},{"damage":16,"enemies":"Gensokyo:Aya","floor":14,"turns":6},{"damage":2,"enemies":"Gensokyo:Reimu","floor":16,"turns":2}],"seed_played":"5899687602115504873","potions_obtained":[{"floor":2.0,"key":"BlessingOfTheForge"},{"floor":3.0,"key":"hexamod:SoulburnPotion"},{"floor":5.0,"key":"PowerPotion"},{"floor":10.0,"key":"LiquidMemories"}],"is_trial":false,"path_per_floor":["M","M","M","$","M","R","M","M","T","M","?","COS","?","E","R","B"],"character_chosen":"The_Alterego","items_purchased":["Lee\u0027s Waffle","Replay:Wax Seal","alterego_mod:Punishment","War Paint","StoneCalendar"],"campfire_rested":0,"item_purchase_floors":[0,0,0,0,4],"current_hp_per_floor":[75,69,69,69,64,64,64,74,74,87,93,93,99,99,99,97,97],"gold":60,"neow_bonus":"","is_daily":false,"chose_seed":false,"campfire_upgraded":2,"win_rate":0.0,"timestamp":1612220829,"path_taken":["M","M","M","?","M","R","M","M","T","M","?","COS","?","E","R","BOSS"],"items_purchased_type":["Relic","Relic","Card","Relic","Relic"],"build_version":"2020-12-22","purchased_purges":0,"victory":false,"max_hp_per_floor":[78,79,79,79,80,80,80,84,84,88,94,94,100,104,104,104,104],"relic_stats":{"Darkstone Periapt":12,"Lee\u0027s Waffle":14,"counters":[14,55],"StoneCalendar":[0],"War Paint":["alterego_mod:BigMeatyClaws","alterego_mod:Defend"],"obtain_stats":[{"Darkstone Periapt":9,"Golden Egg":14,"alterego_mod:MasochisticConstitution":0,"Lee\u0027s Waffle":0,"hubris:Teleporter":0,"Dead Branch":0,"Circlet":0,"StoneCalendar":4,"Frozen Egg 2":0,"War Paint":0,"reliquary:IridiumChain":11,"Gensokyo:LunaticRedEyes":13,"BranchBurnRelic":7,"Bronze Scales":5,"ReplayTheSpireMod:TigerMarble":6,"Replay:Wax Seal":0},{"Darkstone Periapt":11,"Golden Egg":13,"alterego_mod:MasochisticConstitution":0,"Lee\u0027s Waffle":5,"hubris:Teleporter":5,"Dead Branch":0,"Circlet":0,"StoneCalendar":8,"Frozen Egg 2":0,"War Paint":5,"reliquary:IridiumChain":12,"Gensokyo:LunaticRedEyes":12,"BranchBurnRelic":4,"Bronze Scales":3,"ReplayTheSpireMod:TigerMarble":4,"Replay:Wax Seal":5},{"Darkstone Periapt":43,"Golden Egg":53,"alterego_mod:MasochisticConstitution":0,"Lee\u0027s Waffle":21,"hubris:Teleporter":21,"Dead Branch":0,"Circlet":0,"StoneCalendar":31,"Frozen Egg 2":0,"War Paint":21,"reliquary:IridiumChain":47,"Gensokyo:LunaticRedEyes":47,"BranchBurnRelic":21,"Bronze Scales":14,"ReplayTheSpireMod:TigerMarble":21,"Replay:Wax Seal":21}]},"card_choices":[{"not_picked":["alterego_mod:TrashNCrash","alterego_mod:Complex"],"picked":"alterego_mod:Stockings","floor":1.0},{"not_picked":["alterego_mod:Skirt","alterego_mod:PerceptionDisorder"],"picked":"alterego_mod:BiFurious","floor":2.0},{"not_picked":["alterego_mod:MagicResistance","alterego_mod:Rip"],"picked":"alterego_mod:DiscoLights","floor":3.0},{"not_picked":["alterego_mod:Cooking","alterego_mod:Mirror"],"picked":"alterego_mod:ChallengeComplete","floor":5.0},{"not_picked":["alterego_mod:Smother","alterego_mod:BreastValley"],"picked":"alterego_mod:BrynhildrRomantia","floor":7.0},{"not_picked":["alterego_mod:Skirt","alterego_mod:IndependentAction"],"picked":"alterego_mod:BustOut","floor":8.0},{"not_picked":["alterego_mod:MagicResistance","alterego_mod:Cooking"],"picked":"alterego_mod:Swimsuit","floor":10.0},{"not_picked":["alterego_mod:TrashNCrash","alterego_mod:Pet"],"picked":"alterego_mod:Swimsuit","floor":14}],"player_experience":699777,"relics_obtained":[{"floor":9.0,"key":"Darkstone Periapt"},{"floor":14,"key":"Golden Egg"}],"event_choices":[],"is_beta":false,"boss_relics":[],"items_purged_floors":[],"is_endless":false,"potions_floor_spawned":[2,3,5,10],"killed_by":"Gensokyo:Reimu","ascension_level":0}}