{"host":"kdt6w7ix8lwe69i9","time":1612155922,"event":{"mods":["100% Spire Juice","BaseMod","ChefMod","Evolution","Minty Spire (QoL Compilation)","Poor People Problems","Reimu（博丽灵梦）","Robot Space Explorer","Shade Mod","StSLib","The Dragonkin","The Gatherer","TheSurvivalist"],"gold_per_floor":[119,294,311,323,342,342,342,342],"floor_reached":6,"language":"ENG","playtime":1710,"items_purged":[],"score":38,"play_id":"54877a03-bbef-4082-bb56-ba32d14a6d44","local_time":"20210201000522","is_ascension_mode":false,"metric_token":849,"campfire_choices":[],"circlet_count":0,"master_deck":["Gatherer:Strike_Gatherer","Gatherer:Strike_Gatherer","Gatherer:Strike_Gatherer","Gatherer:Strike_Gatherer","Gatherer:Strike_Gatherer","Gatherer:Defend_Gatherer","Gatherer:Defend_Gatherer","Gatherer:Defend_Gatherer","Gatherer:Defend_Gatherer","Gatherer:Defend_Gatherer","Gatherer:Centralize","Gatherer:FlowerWhip+1","Gatherer:StoneFence","Gatherer:BigPouch","Doubt","Gatherer:FragileHammer","Gatherer:Nutrients","Gatherer:AromaProtection"],"relics":["Gatherer:AlchemyBag","EVO:Axolotl"],"acts_visited":["Exordium"],"potions_floor_usage":[6,6],"damage_taken":[{"damage":13,"enemies":"Jaw Worm","floor":1,"turns":4},{"damage":1,"enemies":"Small Slimes","floor":3,"turns":4},{"damage":12,"enemies":"Cultist","floor":4,"turns":6},{"damage":12,"enemies":"Lots of Slimes","floor":5,"turns":6},{"damage":35,"enemies":"Gremlin Nob","floor":6,"turns":4}],"seed_played":"-7198598888310517165","potions_obtained":[{"floor":3,"key":"Fire Potion"},{"floor":5,"key":"Dexterity Potion"}],"is_trial":false,"path_per_floor":["M","?","M","M","M","E"],"character_chosen":"THE_GATHERER","items_purchased":[],"campfire_rested":0,"item_purchase_floors":[],"current_hp_per_floor":[59,59,58,46,34,0,0,0],"gold":342,"neow_bonus":"ONE_RANDOM_RARE_CARD","is_daily":false,"chose_seed":false,"campfire_upgraded":0,"win_rate":0.0,"timestamp":1612155922,"path_taken":["M","?","M","M","M","E"],"items_purchased_type":[],"build_version":"2020-12-22","purchased_purges":0,"victory":false,"max_hp_per_floor":[72,72,72,72,72,72,72,72],"card_choices":[{"not_picked":["Gatherer:Frenzy","Gatherer:DrugPower"],"picked":"Gatherer:BigPouch","floor":1},{"not_picked":["Gatherer:GatherMaterial","Gatherer:Convert"],"picked":"Gatherer:FragileHammer","floor":3},{"not_picked":["Gatherer:Duality","Gatherer:EnergyBasket"],"picked":"Gatherer:Nutrients","floor":4},{"not_picked":["Gatherer:DrugPower","Gatherer:FragileHammer"],"picked":"Gatherer:AromaProtection","floor":5}],"player_experience":1171537,"relics_obtained":[],"event_choices":[{"damage_healed":0,"gold_gain":175,"player_choice":"AGREE","damage_taken":0,"max_hp_gain":0,"max_hp_loss":0,"event_name":"Liars Game","floor":2,"gold_loss":0,"cards_obtained":["Doubt"]}],"is_beta":false,"boss_relics":[],"items_purged_floors":[],"is_endless":false,"potions_floor_spawned":[3,5],"killed_by":"Gremlin Nob","ascension_level":0}}