{"host":"rolltorest","time":1612164966,"event":{"mods":["BaseMod","Minty Spire (QoL Compilation)","Relic Stats","Slay the Relics Exporter","StSLib"],"gold_per_floor":[219,219,54,65,65,65,28,28,28,28,62,72,86,86,86],"floor_reached":14,"language":"ENG","playtime":302,"items_purged":["Strike_G"],"score":176,"play_id":"49546194-dc3d-4b38-8f03-88a6d3ecd3e3","local_time":"20210131233606","is_ascension_mode":true,"campfire_choices":[{"data":"Crippling Poison","floor":6,"key":"SMITH"},{"data":"Predator","floor":8,"key":"SMITH"}],"circlet_count":0,"master_deck":["AscendersBane","Strike_G","Strike_G","Strike_G","Defend_G","Defend_G","Defend_G","Defend_G","Defend_G","Survivor","Neutralize","Deadly Poison","Crippling Poison+1","Predator+1","Flying Knee","Bouncing Flask","PiercingWail","Bane+1","Dagger Spray+1"],"relics":["Ring of the Snake","Smiling Mask","Molten Egg 2","Boot"],"acts_visited":["Exordium"],"potions_floor_usage":[14],"damage_taken":[{"damage":7,"enemies":"Cultist","floor":1,"turns":5},{"damage":0,"enemies":"Jaw Worm","floor":4,"turns":4},{"damage":18,"enemies":"Lagavulin","floor":11,"turns":8},{"damage":0,"enemies":"Small Slimes","floor":12,"turns":2},{"damage":6,"enemies":"Gremlin Gang","floor":13,"turns":2},{"damage":0,"enemies":"Gremlin Nob","floor":14,"turns":2}],"seed_played":"609320556593741048","potions_obtained":[{"floor":11,"key":"Fire Potion"},{"floor":13,"key":"Swift Potion"}],"is_trial":false,"path_per_floor":["M","?","$","M","?","R","$","R","T","$","E","M","M","E"],"character_chosen":"THE_SILENT","items_purchased":["Crippling Poison","Predator","Bouncing Flask"],"campfire_rested":0,"item_purchase_floors":[3,3,7],"current_hp_per_floor":[52,26,26,26,26,26,26,26,26,26,8,8,2,2,2],"gold":86,"neow_bonus":"HUNDRED_GOLD","is_daily":false,"chose_seed":false,"campfire_upgraded":2,"win_rate":0.0,"timestamp":1612164966,"path_taken":["M","?","$","M","?","R","$","R","T","$","E","M","?","E"],"items_purchased_type":["Card","Card","Card"],"build_version":"2020-12-18","purchased_purges":1,"victory":false,"max_hp_per_floor":[66,66,66,66,66,66,66,66,66,66,66,66,66,66,66],"relic_stats":{"counters":[6,23],"Smiling Mask":25,"Boot":[4],"obtain_stats":[{"Molten Egg 2":9,"Smiling Mask":2,"Boot":11,"Ring of the Snake":0},{"Molten Egg 2":2,"Smiling Mask":1,"Boot":3,"Ring of the Snake":0},{"Molten Egg 2":9,"Smiling Mask":5,"Boot":17,"Ring of the Snake":0}],"Ring of the Snake":[12]},"card_choices":[{"not_picked":["Outmaneuver","Finisher"],"picked":"Deadly Poison","floor":1},{"not_picked":["Slice","Heel Hook","Eviscerate"],"picked":"SKIP","floor":4},{"not_picked":["Choke+1","Quick Slash+1"],"picked":"PiercingWail","floor":11},{"not_picked":["Backflip","Sucker Punch+1"],"picked":"Bane+1","floor":12},{"not_picked":["Tactician","Dodge and Roll"],"picked":"Dagger Spray+1","floor":13}],"player_experience":1790370,"relics_obtained":[{"floor":9,"key":"Molten Egg 2"},{"floor":11,"key":"Boot"}],"event_choices":[{"damage_healed":0,"gold_gain":0,"player_choice":"Success","damage_taken":26,"relics_obtained":["Smiling Mask"],"max_hp_gain":0,"max_hp_loss":0,"event_name":"Scrap Ooze","floor":2,"gold_loss":0},{"damage_healed":0,"gold_gain":0,"cards_transformed":["Strike_G"],"player_choice":"Transformed","damage_taken":0,"max_hp_gain":0,"max_hp_loss":0,"event_name":"Transmorgrifier","floor":5,"gold_loss":0,"cards_obtained":["Flying Knee"]}],"is_beta":true,"boss_relics":[],"items_purged_floors":[3],"is_endless":false,"potions_floor_spawned":[11,13],"killed_by":"Gremlin Nob","ascension_level":20}}