{"host":"vyjryxuuuxkt43k4","time":1612160601,"event":{"mods":["AchievementEnabler","BaseMod","Colored Map","DeckTracker","Keyboard Shortcuts","Minty Spire (QoL Compilation)","Permanent Neow","Quick Restart","Rare Cards Sparkle","StSLib","SuperFastMode","everything is the same but u backflip on backflip"],"gold_per_floor":[111,121,140,157,157,16,16,46,46,46,57,72,86,97,97,171,171,181,191,204,204,204],"floor_reached":21,"language":"KOR","playtime":4281,"items_purged":[],"score":327,"play_id":"323ce283-94f5-4ebd-98b5-19223a163e5e","local_time":"20210201152321","is_ascension_mode":true,"campfire_choices":[{"floor":7.0,"key":"REST"},{"floor":10.0,"key":"REST"},{"floor":15.0,"key":"REST"}],"circlet_count":0,"master_deck":["AscendersBane","Strike_G","Strike_G","Strike_G","Strike_G","Defend_G","Defend_G","Defend_G","Defend_G","Defend_G","Survivor","Neutralize","Noxious Fumes","Deadly Poison","All Out Attack","Bane","Die Die Die","Caltrops","Backstab","Skewer","Bullet Time","Backflip","Acrobatics+1"],"relics":["Ring of the Snake","Incense Burner","Lantern","InkBottle","MealTicket","Velvet Choker"],"acts_visited":["Exordium","TheCity"],"potions_floor_usage":[19,21],"damage_taken":[{"damage":0.0,"enemies":"Cultist","floor":1.0,"turns":4.0},{"damage":2.0,"enemies":"Jaw Worm","floor":2.0,"turns":6.0},{"damage":3.0,"enemies":"2 Louse","floor":3.0,"turns":4.0},{"damage":13.0,"enemies":"Gremlin Gang","floor":4.0,"turns":3.0},{"damage":33.0,"enemies":"Gremlin Nob","floor":8.0,"turns":5.0},{"damage":0.0,"enemies":"3 Louse","floor":11.0,"turns":2.0},{"damage":0.0,"enemies":"2 Fungi Beasts","floor":12.0,"turns":2.0},{"damage":4.0,"enemies":"Blue Slaver","floor":13.0,"turns":3.0},{"damage":0.0,"enemies":"Large Slime","floor":14.0,"turns":5.0},{"damage":24.0,"enemies":"Slime Boss","floor":16.0,"turns":7.0},{"damage":17.0,"enemies":"Shell Parasite","floor":18.0,"turns":4.0},{"damage":8,"enemies":"2 Thieves","floor":19,"turns":4},{"damage":19,"enemies":"Snecko","floor":20,"turns":5},{"damage":13,"enemies":"Shelled Parasite and Fungi","floor":21,"turns":4}],"seed_played":"-6912488393521107929","potions_obtained":[{"floor":1.0,"key":"DistilledChaos"},{"floor":8.0,"key":"FearPotion"},{"floor":12.0,"key":"LiquidBronze"},{"floor":16.0,"key":"ColorlessPotion"},{"floor":18.0,"key":"Explosive Potion"},{"floor":19,"key":"SpeedPotion"},{"floor":20,"key":"Strength Potion"}],"is_trial":false,"path_per_floor":["M","M","M","M","?","?","R","E","T","R","M","M","M","M","R","B",null,"M","M","M","M"],"character_chosen":"THE_SILENT","items_purchased":[],"campfire_rested":3,"item_purchase_floors":[],"current_hp_per_floor":[44,42,39,26,19,19,38,5,5,24,24,24,20,20,39,15,53,36,28,9,0,0],"gold":204,"neow_bonus":"ONE_RARE_RELIC","is_daily":false,"chose_seed":false,"campfire_upgraded":0,"win_rate":0.0,"timestamp":1612160601,"path_taken":["M","M","M","?","?","?","R","E","T","R","M","M","M","M","R","BOSS","M","M","?","M"],"items_purchased_type":[],"build_version":"2020-12-22","purchased_purges":0,"victory":false,"max_hp_per_floor":[66,66,66,66,66,66,66,66,66,66,66,66,66,66,66,66,66,66,66,66,66,66],"card_choices":[{"not_picked":["Crippling Poison","Concentrate"],"picked":"Noxious Fumes","floor":1.0},{"not_picked":["Deflect","Outmaneuver"],"picked":"Deadly Poison","floor":2.0},{"not_picked":["Distraction","Flechettes"],"picked":"All Out Attack","floor":3.0},{"not_picked":["Outmaneuver","Sucker Punch"],"picked":"Bane","floor":4.0},{"not_picked":["Well Laid Plans","Backstab"],"picked":"Die Die Die","floor":8.0},{"not_picked":["Prepared","Quick Slash"],"picked":"Caltrops","floor":11.0},{"not_picked":["Quick Slash","Deadly Poison"],"picked":"Backstab","floor":12.0},{"not_picked":["Flying Knee","Acrobatics","Underhanded Strike"],"picked":"SKIP","floor":13.0},{"not_picked":["Blade Dance","Predator"],"picked":"Skewer","floor":14.0},{"not_picked":["Night Terror","Doppelganger"],"picked":"Bullet Time","floor":16.0},{"not_picked":["Slice","Blade Dance"],"picked":"Backflip","floor":18.0},{"not_picked":["Skewer","Dash"],"picked":"Acrobatics+1","floor":19},{"not_picked":["Dagger Throw+1","Finisher","Outmaneuver"],"picked":"SKIP","floor":20}],"player_experience":559623,"relics_obtained":[{"floor":8.0,"key":"InkBottle"},{"floor":9.0,"key":"MealTicket"}],"event_choices":[{"cards_removed":["Strike_G"],"damage_healed":0.0,"max_hp_gain":0.0,"max_hp_loss":0.0,"gold_gain":0.0,"event_name":"Golden Wing","player_choice":"Card Removal","floor":5.0,"gold_loss":0.0,"damage_taken":7.0},{"damage_healed":0.0,"max_hp_gain":0.0,"max_hp_loss":0.0,"gold_gain":0.0,"event_name":"WeMeetAgain","player_choice":"Paid Gold","floor":6.0,"gold_loss":141.0,"damage_taken":0.0,"relics_obtained":["Lantern"]}],"is_beta":false,"boss_relics":[{"not_picked":["Empty Cage","WristBlade"],"picked":"Velvet Choker"}],"items_purged_floors":[],"is_endless":false,"potions_floor_spawned":[1,8,12,16,18,19,20],"killed_by":"Shelled Parasite and Fungi","ascension_level":15}}