{"host":"r53pw7z744tg3fxg","time":1612217412,"event":{"mods":["AchievementEnabler","BaseMod","Colored Map","Colored Powertips","Highlight Path","Minty Spire (QoL Compilation)","Quick Restart","Transform Curses"],"gold_per_floor":[18,31,46,46,66,66,93,93,117,131,131,131,131,144,144,235,235,249,124,124,124,124],"floor_reached":21,"language":"ENG","playtime":1314,"items_purged":[],"score":435,"play_id":"3b033f3c-72c8-44ef-b06d-1fb33b2f789d","local_time":"20210201151012","is_ascension_mode":true,"campfire_choices":[{"data":"Chrysalis","floor":6,"key":"SMITH"},{"data":"Devotion","floor":12,"key":"SMITH"},{"floor":15,"key":"REST"}],"circlet_count":0,"master_deck":["AscendersBane","Strike_P","Strike_P","Strike_P","Strike_P","Defend_P","Defend_P","Defend_P","Defend_P","Eruption+1","Vigilance","Chrysalis+1","FlurryOfBlows","BowlingBash","Wallop","Devotion+1","Consecrate","WindmillStrike","Establishment","FlyingSleeves","Perseverance"],"relics":["PureWater","Oddly Smooth Stone","Regal Pillow","Golden Idol","SlaversCollar"],"acts_visited":["Exordium","TheCity"],"potions_floor_usage":[18,21],"damage_taken":[{"damage":0.0,"enemies":"Cultist","floor":1.0,"turns":2.0},{"damage":0.0,"enemies":"Jaw Worm","floor":2.0,"turns":3.0},{"damage":1,"enemies":"2 Louse","floor":3,"turns":3},{"damage":0,"enemies":"Large Slime","floor":5,"turns":4},{"damage":3,"enemies":"Lagavulin","floor":7,"turns":7},{"damage":3,"enemies":"2 Fungi Beasts","floor":10,"turns":6},{"damage":11,"enemies":"3 Louse","floor":14,"turns":4},{"damage":0,"enemies":"Slime Boss","floor":16,"turns":6},{"damage":59,"enemies":"Shell Parasite","floor":18,"turns":8},{"damage":24,"enemies":"Chosen","floor":21,"turns":5}],"seed_played":"71800676180591472","potions_obtained":[{"floor":1.0,"key":"LiquidBronze"},{"floor":3,"key":"Energy Potion"},{"floor":7,"key":"Fruit Juice"}],"is_trial":false,"path_per_floor":["M","M","M","?","M","R","E","?","T","M","?","R","?","M","R","B",null,"M","$","?","M"],"character_chosen":"WATCHER","items_purchased":["Regen Potion","Perseverance"],"campfire_rested":1,"item_purchase_floors":[19,19],"current_hp_per_floor":[61,61,60,60,60,60,57,57,57,54,54,54,47,36,68,68,68,9,9,9,0,0],"gold":124,"neow_bonus":"RANDOM_COLORLESS_2","is_daily":false,"chose_seed":false,"campfire_upgraded":2,"win_rate":0.0,"timestamp":1612217412,"path_taken":["M","M","?","?","M","R","E","?","T","M","?","R","?","M","R","BOSS","M","$","?","M"],"items_purchased_type":["Potion","Card"],"build_version":"2020-12-22","purchased_purges":0,"victory":false,"max_hp_per_floor":[68,68,68,68,68,68,68,68,68,68,68,68,68,68,68,68,68,68,68,68,68,68],"card_choices":[{"not_picked":["Sadistic Nature","Secret Weapon"],"picked":"Chrysalis","floor":0.0},{"not_picked":["Prostrate","WaveOfTheHand"],"picked":"FlurryOfBlows","floor":1.0},{"not_picked":["ClearTheMind","FollowUp"],"picked":"BowlingBash","floor":2.0},{"not_picked":["FlurryOfBlows","Crescendo","JustLucky"],"picked":"SKIP","floor":3},{"not_picked":["Evaluate","CutThroughFate"],"picked":"Wallop","floor":5},{"not_picked":["SashWhip","Conclude"],"picked":"Devotion","floor":7},{"not_picked":["Indignation","JustLucky"],"picked":"Consecrate","floor":10},{"not_picked":["InnerPeace","JustLucky"],"picked":"WindmillStrike","floor":14},{"not_picked":["Brilliance","Blasphemy"],"picked":"Establishment","floor":16},{"not_picked":["CutThroughFate","EmptyFist"],"picked":"FlyingSleeves","floor":18}],"player_experience":1407398,"relics_obtained":[{"floor":7,"key":"Oddly Smooth Stone"},{"floor":9,"key":"Regal Pillow"}],"event_choices":[{"damage_healed":0,"gold_gain":0,"player_choice":"Grow","damage_taken":0,"max_hp_gain":0,"max_hp_loss":0,"event_name":"Living Wall","floor":4,"gold_loss":0,"cards_upgraded":["Eruption"]},{"damage_healed":0,"gold_gain":0,"player_choice":"Ignored","damage_taken":0,"max_hp_gain":0,"max_hp_loss":0,"event_name":"Liars Game","floor":8,"gold_loss":0},{"damage_healed":0,"gold_gain":0,"player_choice":"Take Wound","damage_taken":0,"relics_obtained":["Golden Idol"],"max_hp_gain":0,"max_hp_loss":0,"event_name":"Golden Idol","floor":11,"gold_loss":0,"cards_obtained":["Injury"]},{"cards_removed":["Injury"],"damage_healed":0,"gold_gain":0,"player_choice":"Card Removal","damage_taken":7,"max_hp_gain":0,"max_hp_loss":0,"event_name":"Golden Wing","floor":13,"gold_loss":0},{"damage_healed":0,"gold_gain":0,"player_choice":"Ignored","damage_taken":0,"max_hp_gain":0,"max_hp_loss":0,"event_name":"Vampires","floor":20,"gold_loss":0}],"is_beta":false,"boss_relics":[{"not_picked":["Sozu","Fusion Hammer"],"picked":"SlaversCollar"}],"items_purged_floors":[],"is_endless":false,"potions_floor_spawned":[1,3,7],"killed_by":"Chosen","ascension_level":18}}