{"host":"vm8b3ptwl81uq21f","time":1612206645,"event":{"mods":["Act Like it!","Aspiration","BaseMod","BetterRewards","Colored Map","Colored Powertips","GifTheSpireLib","Googly Eyes","GungeonMod","Halation","Hallownest","Hubris","Infinite Spire","Minty Spire (QoL Compilation)","Quick Restart","Rare Cards Sparkle","Replay The Spire","Shop Mod","Spicy Shops","StSLib","Stuff the Spire","The IronCluck","[IsaacMod]????"],"gold_per_floor":[118,132,151,151,169,195,195,205,205,232,77,109,109,122,122,221,221,240,43,58,58,117,151,166,196,221,254,254,169,169,203,203,320,320,354,52,67,2,102,131,149,149,172,202,215,65,91,102,102,102],"floor_reached":51,"language":"ENG","playtime":2182,"items_purged":["Doubt","Shame","Defend_G","Defend_G","Defend_G","Strike_G","Strike_G","Strike_G"],"score":2235,"play_id":"8632af1e-f240-482a-bf9f-de7a6eee3bdd","local_time":"20210201141045","is_ascension_mode":true,"campfire_choices":[{"data":"infinitespire:Execution","floor":7,"key":"SMITH"},{"data":"Neutralize","floor":15,"key":"SMITH"},{"data":"infinitespire:FutureSight","floor":32,"key":"SMITH"},{"data":"Accuracy","floor":49,"key":"SMITH"}],"circlet_count":0,"master_deck":["Strike_G","Strike_G","Defend_G","Defend_G","Survivor","Neutralize+1","Blade Dance+1","Cloak And Dagger+1","Blade Dance","Backflip","Backflip+1","infinitespire:Execution+1","Concentrate","PiercingWail","Blade Dance+1","Replay:Bag of Tricks","StuffTheSpire:DoubleShiv","Blade Dance+1","ReplayTheSpireMod:Shiv Toss+1","infinitespire:FutureSight+1","Storm of Steel","Accuracy+1","Calculated Gamble+1","Backflip+1"],"relics":["Ring of the Snake","HushsDoor","Void","Iron Hammer","Blood Vial","MerchantsRug","hubris:AncientText","infinitespire:Satchel","Quantum Egg","infinitespire:Beetle Shell","StuffTheSpire:RunicHypercube","StuffTheSpire:GrapeVine","Calipers","hubris:SlimyHat","Replay:Bronze Core","Bag of Marbles","StuffTheSpire:RunicHypercube","Pen Nib","infinitespire:PuzzleCube"],"acts_visited":["Exordium","TheCity","TheBeyond"],"potions_floor_usage":[39],"damage_taken":[{"damage":0,"enemies":"2 Louse","floor":1,"turns":2},{"damage":0,"enemies":"Cultist","floor":2,"turns":2},{"damage":3,"enemies":"Jaw Worm","floor":3,"turns":2},{"damage":0,"enemies":"3 Louse","floor":5,"turns":3},{"damage":0,"enemies":"3 Sentries","floor":6,"turns":1},{"damage":0,"enemies":"Looter","floor":8,"turns":1},{"damage":0,"enemies":"Lagavulin","floor":10,"turns":2},{"damage":5,"enemies":"Replay:BlueRogue","floor":12,"turns":2},{"damage":0,"enemies":"Lots of Slimes","floor":14,"turns":2},{"damage":0,"enemies":"Hexaghost","floor":16,"turns":3},{"damage":0,"enemies":"Spheric Guardian","floor":18,"turns":1},{"damage":0,"enemies":"2 Thieves","floor":20,"turns":1},{"damage":0,"enemies":"Book of Stabbing","floor":23,"turns":1},{"damage":0,"enemies":"Snake Plant","floor":24,"turns":1},{"damage":0,"enemies":"Slavers","floor":25,"turns":4},{"damage":0,"enemies":"Book of Stabbing","floor":27,"turns":1},{"damage":0,"enemies":"Slavers","floor":31,"turns":1},{"damage":0,"enemies":"Pondfish","floor":33,"turns":3},{"damage":0,"enemies":"3 Shapes","floor":35,"turns":1},{"damage":0,"enemies":"3 Darklings","floor":37,"turns":1},{"damage":0,"enemies":"infinitespire:Three Voidlings","floor":39,"turns":2},{"damage":12,"enemies":"Nightmare_Alpha","floor":39,"turns":7},{"damage":0,"enemies":"R_Hoarder","floor":40,"turns":2},{"damage":0,"enemies":"Sphere and 2 Shapes","floor":41,"turns":1},{"damage":0,"enemies":"Nemesis","floor":44,"turns":1},{"damage":0,"enemies":"Transient","floor":45,"turns":2},{"damage":0,"enemies":"R_Hoarder","floor":47,"turns":2},{"damage":0,"enemies":"Jaw Worm Horde","floor":48,"turns":1},{"damage":8,"enemies":"infinitespire:MassOfShapes","floor":50,"turns":3}],"seed_played":"6213146124685093352","potions_obtained":[{"floor":1,"key":"Strength Potion"},{"floor":2,"key":"Fire Potion"},{"floor":3,"key":"PowerPotion"},{"floor":12,"key":"Reflective Coating"},{"floor":14,"key":"DemoMod:LeadSkinPotion"},{"floor":16,"key":"LiquidBronze"},{"floor":25,"key":"Fire Potion"},{"floor":27,"key":"Weak Potion"},{"floor":33,"key":"DistilledChaos"},{"floor":41,"key":"Swift Potion"},{"floor":45,"key":"Elixir"}],"is_trial":false,"path_per_floor":["M","M","M","?","M","E","R","M","T","E","$","E","$","M","R","B",null,"M","$","M","?","$","E","M","E","T","E","?","?","AVR","E","R","B",null,"M","$","M","$","?","E","M","?","T","E","M","$","E","M","R","B",null],"character_chosen":"THE_SILENT","items_purchased":["Iron Hammer","Blade Dance+1","Blood Vial","Cloak And Dagger+1","Blade Dance","MerchantsRug","hubris:AncientText","Quantum Egg","ReplayTheSpireMod:CursedCoin","Blade Dance","StuffTheSpire:DoubleShiv","Dream Catcher","Bag of Marbles","War Paint","Accuracy"],"campfire_rested":0,"item_purchase_floors":[0,0,0,0,0,0,0,11,11,11,17,19,36,36,38],"current_hp_per_floor":[40,42,41,25,27,29,29,31,31,33,33,30,26,28,28,30,54,56,56,58,58,58,60,62,69,69,69,69,69,69,69,69,69,62,62,62,62,62,50,52,54,54,54,56,58,58,60,62,62,54],"gold":102,"neow_bonus":"","is_daily":false,"chose_seed":false,"campfire_upgraded":4,"win_rate":0.0,"timestamp":1612206645,"path_taken":["M","M","M","?","M","E","R","M","T","E","$","E","?","M","R","BOSS","M","?","M","?","$","E","?","E","T","E","?","?","AVR","E","R","BOSS","M","$","M","?","?","E","M","?","T","E","M","$","E","?","R","BOSS"],"items_purchased_type":["Relic","Card","Relic","Card","Card","Relic","Relic","Relic","Relic","Card","Card","Relic","Relic","Relic","Card"],"build_version":"2020-12-22","purchased_purges":8,"victory":true,"max_hp_per_floor":[70,70,70,70,70,70,70,70,70,70,70,70,70,70,70,70,62,62,62,62,62,62,62,62,69,69,69,69,69,69,69,69,69,62,62,62,62,62,62,62,62,62,62,62,62,62,62,62,62,62],"card_choices":[{"not_picked":["Deadly Poison","Replay:Poison Smokescreen","Outmaneuver"],"picked":"SKIP","floor":1},{"not_picked":["Prepared","ReplayTheSpireMod:Exploit Weakness"],"picked":"Backflip","floor":2},{"not_picked":["Deflect","Outmaneuver"],"picked":"Backflip","floor":3},{"not_picked":["ReplayTheSpireMod:Chaos Vortex","infinitespire:Fortify"],"picked":"infinitespire:Execution","floor":4},{"not_picked":["StuffTheSpire:Repulse","ReplayTheSpireMod:From All Sides"],"picked":"Bomb","floor":5},{"not_picked":["Crippling Poison","StuffTheSpire:Python"],"picked":"Concentrate","floor":6},{"not_picked":["StuffTheSpire:Sprint","hubris:Counter"],"picked":"PiercingWail","floor":8},{"not_picked":["StuffTheSpire:Python","aspiration:Lunge","Tools of the Trade"],"picked":"SKIP","floor":10},{"not_picked":["Poisoned Stab","After Image","StuffTheSpire:BumpUp"],"picked":"SKIP","floor":12},{"not_picked":["Deflect","Masterful Stab","Replay:Poison Smokescreen"],"picked":"SKIP","floor":14},{"not_picked":["ReplayTheSpireMod:From All Sides","Venomology"],"picked":"Replay:Bag of Tricks","floor":16},{"not_picked":["Catalyst","Slice","StuffTheSpire:BumpUp"],"picked":"SKIP","floor":18},{"not_picked":["Outmaneuver","ReplayTheSpireMod:Speed Training+1"],"picked":"Blade Dance+1","floor":20},{"not_picked":["Caltrops+1","Underhanded Strike","ReplayTheSpireMod:Speed Training"],"picked":"SKIP","floor":23},{"not_picked":["StuffTheSpire:ClusterCrunch","hubris:Sniper"],"picked":"ReplayTheSpireMod:Shiv Toss+1","floor":24},{"not_picked":["Flying Knee","Underhanded Strike","StuffTheSpire:ReptileScales+1"],"picked":"SKIP","floor":25},{"not_picked":["StuffTheSpire:Sprint","Skewer","Blade Dance"],"picked":"SKIP","floor":27},{"not_picked":["StuffTheSpire:ClusterCrunch","PiercingWail","Corpse Explosion"],"picked":"SKIP","floor":31},{"not_picked":["Malaise","Doppelganger"],"picked":"Storm of Steel","floor":33},{"not_picked":["hubris:SlightOfHand+1","StuffTheSpire:Incursion","Skewer"],"picked":"SKIP","floor":35},{"not_picked":["hubris:Counter","StuffTheSpire:Python","Bane"],"picked":"SKIP","floor":37},{"not_picked":["Calculated Gamble","Poisoned Stab+1","StuffTheSpire:ClusterCrunch"],"picked":"SKIP","floor":40},{"not_picked":["Sucker Punch+1","All Out Attack"],"picked":"Calculated Gamble+1","floor":41},{"not_picked":["Prepared","StuffTheSpire:ClusterCrunch+1","Distraction"],"picked":"SKIP","floor":44},{"not_picked":["Blade Dance","Cloak And Dagger+1","ReplayTheSpireMod:From All Sides"],"picked":"SKIP","floor":45},{"not_picked":["Endless Agony+1","Footwork+1","Quick Slash"],"picked":"SKIP","floor":47},{"not_picked":["Cloak And Dagger","StuffTheSpire:BumpUp+1"],"picked":"Backflip+1","floor":48}],"player_experience":374930,"relics_obtained":[{"floor":6,"key":"TungstenRod"},{"floor":9,"key":"infinitespire:Satchel"},{"floor":10,"key":"aspiration:TomeofQuesting"},{"floor":12,"key":"infinitespire:Beetle Shell"},{"floor":23,"key":"halation:Toothbrush"},{"floor":25,"key":"StuffTheSpire:CocoNut"},{"floor":26,"key":"StuffTheSpire:GrapeVine"},{"floor":27,"key":"halation:KoshaPiece"},{"floor":31,"key":"TheBean"},{"floor":39,"key":"Diplopia"},{"floor":40,"key":"Centennial Puzzle"},{"floor":43,"key":"Replay:Wax Seal"},{"floor":44,"key":"Pen Nib"},{"floor":47,"key":"infinitespire:PuzzleCube"}],"event_choices":[{"damage_healed":0,"gold_gain":0,"player_choice":"Obtained Relic","damage_taken":0,"relics_obtained":["Calipers"],"max_hp_gain":0,"max_hp_loss":0,"event_name":"Addict","floor":29,"gold_loss":85}],"is_beta":false,"boss_relics":[{"not_picked":["aspiration:FutureDiary","hubris:TerracottaHorce"],"picked":"StuffTheSpire:RunicHypercube"},{"not_picked":[]},{"not_picked":["halation:Risk","Fusion Hammer"],"picked":"Replay:Bronze Core"},{"not_picked":[]}],"items_purged_floors":[11,11,13,17,19,30,34,46],"is_endless":false,"potions_floor_spawned":[1,2,3,12,14,16,20,25,27,33,39,41,45,47,48],"ascension_level":5}}