{"host":"vyjryxuuuxkt43k4","time":1612187801,"event":{"mods":["AchievementEnabler","BaseMod","Colored Map","DeckTracker","Keyboard Shortcuts","Minty Spire (QoL Compilation)","Permanent Neow","Quick Restart","Rare Cards Sparkle","Relic Stats","StSLib","SuperFastMode","everything is the same but u backflip on backflip"],"gold_per_floor":[119,119,131,144,144,185,185,199,226,226,242,257,257,291,291,382,382,405,405,405,418,461,461,476,476,501,517,553,22,22,38,38,132,132,157,3,1002,1002,1021,1021,1021,1021],"floor_reached":41,"language":"KOR","playtime":2132,"items_purged":["Writhe"],"score":856,"play_id":"2aa1a260-e05b-444c-97ad-98726eddc65e","local_time":"20210201225641","is_ascension_mode":true,"campfire_choices":[{"data":"Dagger Spray","floor":7.0,"key":"SMITH"},{"floor":10.0,"key":"REST"},{"floor":13.0,"key":"REST"},{"floor":15.0,"key":"REST"},{"data":"Prepared","floor":23.0,"key":"SMITH"},{"data":"Bullet Time","floor":25.0,"key":"SMITH"},{"data":"Skewer","floor":30.0,"key":"SMITH"},{"data":"Adrenaline","floor":32.0,"key":"SMITH"},{"data":"Calculated Gamble","floor":40.0,"key":"SMITH"}],"circlet_count":0,"master_deck":["AscendersBane","Defend_G","Defend_G","Defend_G","Defend_G","Survivor","Neutralize","Bullet Time+1","Dagger Throw","Underhanded Strike","Dagger Spray+1","Quick Slash","Backflip","Adrenaline+1","Skewer+1","Well Laid Plans","Corpse Explosion","Eviscerate","Noxious Fumes","Unload","Prepared+1","Bite","Bite","Bite","Bite","Bite","Backflip","PiercingWail+1","Calculated Gamble+1","Reflex","Dodge and Roll","Crippling Poison","Bullet Time","PiercingWail","Acrobatics","Noxious Fumes+1","Footwork","Outmaneuver+1","Backflip+1"],"relics":["Ring of the Snake","Golden Idol","Nunchaku","Dream Catcher","Bag of Preparation","Cursed Key","Red Mask","Orichalcum","Juzu Bracelet","Chemical X","Omamori","SlaversCollar","Orrery"],"acts_visited":["Exordium","TheCity","TheBeyond"],"potions_floor_usage":[41],"damage_taken":[{"damage":0.0,"enemies":"2 Louse","floor":1.0,"turns":4.0},{"damage":0.0,"enemies":"Cultist","floor":3.0,"turns":4.0},{"damage":4.0,"enemies":"Small Slimes","floor":4.0,"turns":3.0},{"damage":11.0,"enemies":"Gremlin Nob","floor":6.0,"turns":4.0},{"damage":11.0,"enemies":"Looter","floor":8.0,"turns":3.0},{"damage":0.0,"enemies":"2 Fungi Beasts","floor":11.0,"turns":2.0},{"damage":16.0,"enemies":"Exordium Thugs","floor":12.0,"turns":6.0},{"damage":17.0,"enemies":"Lagavulin","floor":14.0,"turns":6.0},{"damage":32.0,"enemies":"Slime Boss","floor":16.0,"turns":6.0},{"damage":39.0,"enemies":"2 Thieves","floor":18.0,"turns":5.0},{"damage":0.0,"enemies":"Chosen","floor":21.0,"turns":4.0},{"damage":2.0,"enemies":"Masked Bandits","floor":22.0,"turns":2.0},{"damage":13.0,"enemies":"Snake Plant","floor":24.0,"turns":4.0},{"damage":1.0,"enemies":"Centurion and Healer","floor":27.0,"turns":5.0},{"damage":0.0,"enemies":"Slavers","floor":28.0,"turns":2.0},{"damage":3.0,"enemies":"Shelled Parasite and Fungi","floor":31.0,"turns":4.0},{"damage":46.0,"enemies":"Collector","floor":33.0,"turns":11.0},{"damage":0.0,"enemies":"3 Darklings","floor":35.0,"turns":3.0},{"damage":0.0,"enemies":"Orb Walker","floor":39.0,"turns":3.0},{"damage":49,"enemies":"Giant Head","floor":41,"turns":7}],"seed_played":"3211287308197789909","potions_obtained":[{"floor":1.0,"key":"EssenceOfSteel"},{"floor":3.0,"key":"Dexterity Potion"},{"floor":6.0,"key":"Strength Potion"},{"floor":8.0,"key":"SpeedPotion"},{"floor":12.0,"key":"Dexterity Potion"},{"floor":18.0,"key":"Dexterity Potion"},{"floor":22.0,"key":"PowerPotion"},{"floor":24.0,"key":"Swift Potion"}],"is_trial":false,"path_per_floor":["M","?","M","M","?","E","R","M","T","R","M","M","R","E","R","B",null,"M","?","?","M","?","R","M","R","T","M","E","$","R","M","R","B",null,"M","$","?","?","M","R","E"],"character_chosen":"THE_SILENT","items_purchased":["Dodge and Roll","Crippling Poison","Chemical X","Omamori","SpeedPotion","Orrery"],"campfire_rested":3,"item_purchase_floors":[29,29,29,29,29,36],"current_hp_per_floor":[59,59,59,55,34,23,23,12,12,30,30,14,32,15,33,1,45,6,6,6,16,18,18,11,11,11,22,26,26,26,31,31,5,33,39,39,39,39,42,42,0,0],"gold":1021,"neow_bonus":"THREE_RARE_CARDS","is_daily":false,"chose_seed":false,"campfire_upgraded":6,"win_rate":0.0,"timestamp":1612187801,"path_taken":["M","?","M","?","?","E","R","M","T","R","M","M","R","E","R","BOSS","M","?","?","?","?","R","M","R","T","M","E","$","R","M","R","BOSS","M","$","?","?","M","R","E"],"items_purchased_type":["Card","Card","Relic","Relic","Potion","Relic"],"build_version":"2020-12-22","purchased_purges":1,"victory":false,"max_hp_per_floor":[60,60,60,60,60,60,60,60,60,60,60,60,60,60,60,60,60,60,60,42,42,42,42,42,42,42,42,42,42,42,42,42,42,42,42,42,42,42,42,42,42,42],"relic_stats":{"Nunchaku":[15],"Dream Catcher":2,"counters":[14,68],"Golden Idol":92,"Bag of Preparation":[24],"Juzu Bracelet":0,"Chemical X":[6],"Orichalcum":[30],"Cursed Key":1,"obtain_stats":[{"Golden Idol":0,"Bag of Preparation":14,"Juzu Bracelet":28,"Omamori":29,"Orichalcum":26,"Cursed Key":17,"SlaversCollar":34,"Nunchaku":0,"Dream Catcher":0,"Orrery":36,"Red Mask":22,"Chemical X":29,"Ring of the Snake":0},{"Golden Idol":0,"Bag of Preparation":2,"Juzu Bracelet":9,"Omamori":9,"Orichalcum":7,"Cursed Key":3,"SlaversCollar":11,"Nunchaku":0,"Dream Catcher":0,"Orrery":12,"Red Mask":6,"Chemical X":9,"Ring of the Snake":0},{"Golden Idol":0,"Bag of Preparation":12,"Juzu Bracelet":40,"Omamori":40,"Orichalcum":33,"Cursed Key":18,"SlaversCollar":55,"Nunchaku":0,"Dream Catcher":0,"Orrery":58,"Red Mask":29,"Chemical X":40,"Ring of the Snake":0}],"Ring of the Snake":[28]},"card_choices":[{"not_picked":["Night Terror","Burst"],"picked":"Bullet Time","floor":0.0},{"not_picked":["Underhanded Strike","Distraction"],"picked":"Dagger Throw","floor":1.0},{"not_picked":["Poisoned Stab","Backflip"],"picked":"Dagger Spray","floor":3.0},{"not_picked":["Cloak And Dagger","Prepared"],"picked":"Quick Slash","floor":4.0},{"not_picked":["Quick Slash","Caltrops"],"picked":"Backflip","floor":6.0},{"not_picked":["Concentrate","Underhanded Strike"],"picked":"Adrenaline","floor":8.0},{"not_picked":["Accuracy","Calculated Gamble"],"picked":"Skewer","floor":11.0},{"not_picked":["Bouncing Flask","Sucker Punch"],"picked":"Well Laid Plans","floor":12.0},{"not_picked":["Dagger Throw","Quick Slash"],"picked":"Corpse Explosion","floor":13.0},{"not_picked":["Tools of the Trade","PiercingWail"],"picked":"Eviscerate","floor":14.0},{"not_picked":["Choke","Poisoned Stab"],"picked":"Noxious Fumes","floor":15.0},{"not_picked":["Glass Knife","Corpse Explosion"],"picked":"Unload","floor":16.0},{"not_picked":["Dodge and Roll","Skewer"],"picked":"Prepared","floor":18.0},{"not_picked":["Outmaneuver","Slice"],"picked":"Backflip","floor":21.0},{"not_picked":["Dagger Throw","Underhanded Strike"],"picked":"PiercingWail+1","floor":22.0},{"not_picked":["Prepared","Cloak And Dagger","Dagger Spray"],"picked":"SKIP","floor":24.0},{"not_picked":["Expertise","Heel Hook+1"],"picked":"Calculated Gamble","floor":27.0},{"not_picked":["Dagger Throw","Quick Slash"],"picked":"Reflex","floor":28.0},{"not_picked":["Flying Knee","Quick Slash+1","Cloak And Dagger"],"picked":"SKIP","floor":31.0},{"not_picked":["Envenom","Glass Knife"],"picked":"Bullet Time","floor":33.0},{"not_picked":["Backflip","Flying Knee+1"],"picked":"PiercingWail","floor":35.0},{"not_picked":["Bouncing Flask","Blade Dance+1"],"picked":"Acrobatics","floor":36.0},{"not_picked":["Grand Finale","Blade Dance"],"picked":"Noxious Fumes+1","floor":36.0},{"not_picked":["Blade Dance","Phantasmal Killer"],"picked":"Footwork","floor":36.0},{"not_picked":["PiercingWail+1","Blade Dance"],"picked":"Outmaneuver+1","floor":36.0},{"not_picked":["Blade Dance","Reflex"],"picked":"Backflip+1","floor":36.0},{"not_picked":["Underhanded Strike+1","Flying Knee","Cloak And Dagger"],"picked":"SKIP","floor":39.0}],"player_experience":581928,"relics_obtained":[{"floor":6.0,"key":"Nunchaku"},{"floor":9.0,"key":"Dream Catcher"},{"floor":14.0,"key":"Bag of Preparation"},{"floor":22.0,"key":"Red Mask"},{"floor":26.0,"key":"Orichalcum"},{"floor":28.0,"key":"Juzu Bracelet"}],"event_choices":[{"damage_healed":0.0,"max_hp_gain":0.0,"max_hp_loss":0.0,"gold_gain":0.0,"event_name":"Match and Keep!","player_choice":"1 cards matched","floor":2.0,"gold_loss":0.0,"damage_taken":0.0,"cards_obtained":["Underhanded Strike"]},{"damage_healed":0.0,"max_hp_gain":0.0,"max_hp_loss":0.0,"gold_gain":0.0,"event_name":"Golden Idol","player_choice":"Take Damage","floor":5.0,"gold_loss":0.0,"damage_taken":21.0,"relics_obtained":["Golden Idol"]},{"damage_healed":0.0,"max_hp_gain":0.0,"max_hp_loss":0.0,"gold_gain":0.0,"event_name":"The Mausoleum","player_choice":"Ignored","floor":19.0,"gold_loss":0.0,"damage_taken":0.0},{"damage_healed":0.0,"max_hp_gain":0.0,"max_hp_loss":18.0,"gold_gain":0.0,"event_name":"Vampires","player_choice":"Became a vampire","floor":20.0,"gold_loss":0.0,"damage_taken":0.0,"cards_obtained":["Bite","Bite","Bite","Bite","Bite"]},{"damage_healed":0.0,"max_hp_gain":0.0,"max_hp_loss":0.0,"gold_gain":0.0,"event_name":"Masked Bandits","player_choice":"Fought Bandits","floor":22.0,"gold_loss":0.0,"damage_taken":0.0},{"damage_healed":0.0,"max_hp_gain":0.0,"max_hp_loss":0.0,"gold_gain":999.0,"event_name":"MindBloom","player_choice":"Gold","floor":37.0,"gold_loss":0.0,"damage_taken":0.0,"cards_obtained":["Normality","Normality"]},{"cards_removed":["Defend_G"],"damage_healed":0.0,"max_hp_gain":0.0,"max_hp_loss":0.0,"gold_gain":0.0,"event_name":"Falling","player_choice":"Removed Skill","floor":38.0,"gold_loss":0.0,"damage_taken":0.0}],"is_beta":false,"boss_relics":[{"not_picked":["Snecko Eye","Busted Crown"],"picked":"Cursed Key"},{"not_picked":["Fusion Hammer","WristBlade"],"picked":"SlaversCollar"}],"items_purged_floors":[29],"is_endless":false,"potions_floor_spawned":[1,3,6,8,12,18,22,24],"killed_by":"Giant Head","ascension_level":15}}