{"host":"gobyjzz6xbwq9f9i","time":1612155632,"event":{"mods":["AchievementEnabler","BaseMod","Bestiary","Colored Map","Minty Spire (QoL Compilation)","Relic Stats"],"gold_per_floor":[113,113,132,147,165,165,183,197,223,233,266,296,324,335,335,440,440,456,473,473,488,158,158,190,190,190,190,209,242,242,242],"floor_reached":30,"language":"ENG","playtime":1447,"items_purged":[],"score":401,"play_id":"9d6925c6-c74f-458c-8caf-1b0318f231b2","local_time":"20210131210032","is_ascension_mode":true,"campfire_choices":[{"data":"Eruption","floor":6.0,"key":"SMITH"},{"data":"Perseverance","floor":15.0,"key":"SMITH"},{"data":"BowlingBash","floor":23,"key":"SMITH"},{"data":"CrushJoints","floor":27,"key":"SMITH"}],"circlet_count":0,"master_deck":["Eruption+1","Vigilance","DeceiveReality","Nirvana","Ragnarok","Establishment","Wireheading","Crescendo","Fasting2","Evaluate","Strike_G","CrushJoints+1","CarveReality","WheelKick","BowlingBash+1","Perseverance+1","BowlingBash","Blasphemy","EmptyBody","Meditate","SandsOfTime","SashWhip","CutThroughFate+1","ClearTheMind","FlurryOfBlows","Halt+1","Ghostly+1","Ghostly+1","Ghostly+1","Ghostly+1","Ghostly+1","Study"],"relics":["Pandora\u0027s Box","Bag of Preparation","Sundial","Odd Mushroom","Regal Pillow","VioletLotus","MutagenicStrength","Toxic Egg 2","Tiny Chest","Ornamental Fan","Red Mask"],"acts_visited":["Exordium","TheCity"],"potions_floor_usage":[21],"damage_taken":[{"damage":6.0,"enemies":"Small Slimes","floor":1.0,"turns":4.0},{"damage":2.0,"enemies":"Cultist","floor":3.0,"turns":4.0},{"damage":0.0,"enemies":"2 Louse","floor":4.0,"turns":2.0},{"damage":5.0,"enemies":"Looter","floor":5.0,"turns":3.0},{"damage":8.0,"enemies":"3 Louse","floor":7.0,"turns":4.0},{"damage":7.0,"enemies":"Exordium Wildlife","floor":8.0,"turns":3.0},{"damage":3.0,"enemies":"Large Slime","floor":10.0,"turns":4.0},{"damage":0.0,"enemies":"Gremlin Nob","floor":11.0,"turns":2.0},{"damage":11.0,"enemies":"The Mushroom Lair","floor":12.0,"turns":4.0},{"damage":1.0,"enemies":"Lagavulin","floor":13.0,"turns":5.0},{"damage":0.0,"enemies":"2 Fungi Beasts","floor":14.0,"turns":1.0},{"damage":4.0,"enemies":"The Guardian","floor":16.0,"turns":7.0},{"damage":0,"enemies":"2 Thieves","floor":18,"turns":1},{"damage":6,"enemies":"Chosen","floor":19,"turns":3},{"damage":12,"enemies":"Snecko","floor":21,"turns":5},{"damage":6,"enemies":"Book of Stabbing","floor":24,"turns":4},{"damage":12,"enemies":"3 Cultists","floor":28,"turns":5},{"damage":6,"enemies":"Masked Bandits","floor":29,"turns":4},{"damage":17,"enemies":"Gremlin Leader","floor":30,"turns":4}],"seed_played":"6293346525382571873","potions_obtained":[{"floor":5.0,"key":"CultistPotion"},{"floor":10.0,"key":"BottledMiracle"},{"floor":13.0,"key":"LiquidBronze"},{"floor":14.0,"key":"AttackPotion"},{"floor":19,"key":"FearPotion"},{"floor":21,"key":"SpeedPotion"},{"floor":29,"key":"DuplicationPotion"}],"is_trial":false,"path_per_floor":["M","?","M","M","M","R","M","M","T","M","E","?","E","M","R","B",null,"M","M","?","M","$","R","E","?","T","R","M","?","E"],"character_chosen":"WATCHER","items_purchased":["Toxic Egg 2","FlurryOfBlows","Halt+1"],"campfire_rested":0,"item_purchase_floors":[22,22,22],"current_hp_per_floor":[59,59,57,57,52,52,44,37,37,34,34,23,22,22,22,18,59,59,53,53,41,41,41,35,35,35,35,23,17,0,0],"gold":242,"neow_bonus":"BOSS_RELIC","is_daily":false,"chose_seed":false,"campfire_upgraded":4,"win_rate":0.0,"timestamp":1612155632,"path_taken":["M","?","?","M","M","R","M","M","T","M","E","?","E","M","R","BOSS","M","M","?","M","$","R","E","?","T","R","M","?","E"],"items_purchased_type":["Relic","Card","Card"],"build_version":"2020-12-22","purchased_purges":0,"victory":false,"max_hp_per_floor":[72,72,72,72,72,72,72,72,72,72,72,72,72,72,72,72,72,72,72,72,72,72,72,72,36,36,36,36,36,36,36],"relic_stats":{"Regal Pillow":0,"counters":[19,69],"Sundial":[4],"Ornamental Fan":[12],"Pandora\u0027s Box":["WreathOfFlame","DeceiveReality","Nirvana","Ragnarok","Establishment","Wireheading","Crescendo","Fasting2"],"Tiny Chest":0,"VioletLotus":[5],"Bag of Preparation":[26],"obtain_stats":[{"Regal Pillow":13,"Sundial":11,"Ornamental Fan":26,"MutagenicStrength":20,"Pandora\u0027s Box":0,"Tiny Chest":24,"VioletLotus":17,"Bag of Preparation":9,"Red Mask":29,"PureWater":0,"Odd Mushroom":12,"Toxic Egg 2":22},{"Regal Pillow":10,"Sundial":8,"Ornamental Fan":16,"MutagenicStrength":14,"Pandora\u0027s Box":0,"Tiny Chest":16,"VioletLotus":12,"Bag of Preparation":6,"Red Mask":18,"PureWater":0,"Odd Mushroom":9,"Toxic Egg 2":15},{"Regal Pillow":35,"Sundial":26,"Ornamental Fan":56,"MutagenicStrength":47,"Pandora\u0027s Box":0,"Tiny Chest":56,"VioletLotus":43,"Bag of Preparation":20,"Red Mask":65,"PureWater":0,"Odd Mushroom":30,"Toxic Egg 2":52}]},"card_choices":[{"not_picked":["Protect","EmptyBody"],"picked":"Evaluate","floor":1.0},{"not_picked":["SandsOfTime","WheelKick"],"picked":"CrushJoints","floor":3.0},{"not_picked":["Vengeance","ThirdEye"],"picked":"CarveReality","floor":4.0},{"not_picked":["Indignation","Prostrate"],"picked":"WheelKick","floor":5.0},{"not_picked":["MentalFortress","Sanctity"],"picked":"BowlingBash","floor":7.0},{"not_picked":["DevaForm","Crescendo"],"picked":"Perseverance","floor":8.0},{"not_picked":["MentalFortress","Prostrate"],"picked":"BowlingBash","floor":10.0},{"not_picked":["Crescendo","WaveOfTheHand"],"picked":"Blasphemy","floor":11.0},{"not_picked":["WindmillStrike","Prostrate"],"picked":"EmptyBody","floor":12.0},{"not_picked":["Indignation","Crescendo"],"picked":"Meditate","floor":13.0},{"not_picked":["CrushJoints","EmptyBody"],"picked":"SandsOfTime","floor":14.0},{"not_picked":["Collect","Halt"],"picked":"SashWhip","floor":18},{"not_picked":["BattleHymn","FlurryOfBlows+1"],"picked":"CutThroughFate+1","floor":19},{"not_picked":["Alpha","Crescendo"],"picked":"ClearTheMind","floor":21},{"not_picked":["WheelKick+1","Study","PathToVictory+1"],"picked":"SKIP","floor":24},{"not_picked":["DeceiveReality+1","CarveReality+1","Prostrate+1"],"picked":"SKIP","floor":28},{"not_picked":["EmptyFist","FearNoEvil+1"],"picked":"Study","floor":29}],"player_experience":1252153,"relics_obtained":[{"floor":9.0,"key":"Bag of Preparation"},{"floor":11.0,"key":"Sundial"},{"floor":12.0,"key":"Odd Mushroom"},{"floor":13.0,"key":"Regal Pillow"},{"floor":24,"key":"Tiny Chest"},{"floor":26,"key":"Ornamental Fan"},{"floor":29,"key":"Red Mask"}],"event_choices":[{"cards_removed":["WreathOfFlame"],"damage_healed":0.0,"max_hp_gain":0.0,"max_hp_loss":0.0,"gold_gain":0.0,"event_name":"NoteForYourself","player_choice":"Took Card","floor":2.0,"gold_loss":0.0,"damage_taken":0.0,"cards_obtained":["Strike_G"]},{"damage_healed":0.0,"max_hp_gain":0.0,"max_hp_loss":0.0,"gold_gain":0.0,"event_name":"Mushrooms","player_choice":"Fought Mushrooms","floor":12.0,"gold_loss":0.0,"damage_taken":0.0},{"damage_healed":0,"gold_gain":0,"player_choice":"Inject Mutagens","damage_taken":0,"relics_obtained":["MutagenicStrength"],"max_hp_gain":0,"max_hp_loss":0,"event_name":"Drug Dealer","floor":20,"gold_loss":0},{"damage_healed":0,"gold_gain":0,"player_choice":"Became a Ghost","damage_taken":0,"max_hp_gain":0,"max_hp_loss":36,"event_name":"Ghosts","floor":25,"gold_loss":0,"cards_obtained":["Ghostly","Ghostly","Ghostly","Ghostly","Ghostly"]},{"damage_healed":0,"gold_gain":0,"player_choice":"Fought Bandits","damage_taken":0,"max_hp_gain":0,"max_hp_loss":0,"event_name":"Masked Bandits","floor":29,"gold_loss":0}],"is_beta":false,"boss_relics":[{"not_picked":["Black Star","Velvet Choker"],"picked":"VioletLotus"}],"items_purged_floors":[],"is_endless":false,"potions_floor_spawned":[5,10,13,14,16,19,21,29],"killed_by":"Gremlin Leader","ascension_level":6}}