{"host":"4rvakrj1idbgia3f","time":1612197139,"event":{"mods":["BaseMod","Colored Map","Colored Powertips","DeckTracker","Highlight Path","Minty Spire (QoL Compilation)","Random Character Button","StSLib"],"gold_per_floor":[119,119,119,139,158,184,184,214,214,214,214,214],"floor_reached":11,"language":"JPN","playtime":508,"items_purged":[],"score":162,"play_id":"7f8f13c6-3b9c-4863-846d-ba1c927e1586","local_time":"20210202013219","is_ascension_mode":true,"campfire_choices":[{"data":"BattleHymn","floor":7,"key":"SMITH"},{"data":"CutThroughFate","floor":10,"key":"SMITH"}],"circlet_count":0,"master_deck":["AscendersBane","Strike_P","Strike_P","Strike_P","Strike_P","Defend_P","Defend_P","Defend_P","Eruption","Vigilance","CutThroughFate+1","Meditate","BattleHymn+1","Indignation","DeusExMachina"],"relics":["VioletLotus","Lantern","Eternal Feather","MealTicket"],"acts_visited":["Exordium"],"potions_floor_usage":[],"damage_taken":[{"damage":7,"enemies":"Small Slimes","floor":1,"turns":4},{"damage":0,"enemies":"Jaw Worm","floor":4,"turns":2},{"damage":0,"enemies":"Cultist","floor":5,"turns":2},{"damage":36,"enemies":"Gremlin Nob","floor":6,"turns":4},{"damage":12,"enemies":"3 Sentries","floor":8,"turns":5},{"damage":36,"enemies":"Gremlin Nob","floor":11,"turns":2}],"seed_played":"-2311801192643132658","potions_obtained":[{"floor":6,"key":"BottledMiracle"}],"is_trial":false,"path_per_floor":["M","?","?","M","M","E","R","E","T","R","E"],"character_chosen":"WATCHER","items_purchased":[],"campfire_rested":0,"item_purchase_floors":[],"current_hp_per_floor":[54,54,54,54,54,18,18,6,6,15,0,0],"gold":214,"neow_bonus":"BOSS_RELIC","is_daily":false,"chose_seed":false,"campfire_upgraded":2,"win_rate":0.0,"timestamp":1612197139,"path_taken":["M","?","?","M","M","E","R","E","T","R","E"],"items_purchased_type":[],"build_version":"2020-12-22","purchased_purges":0,"victory":false,"max_hp_per_floor":[68,68,68,68,68,68,68,68,68,68,68,68],"card_choices":[{"not_picked":["CrushJoints","SashWhip"],"picked":"CutThroughFate","floor":1},{"not_picked":["Evaluate","FollowUp"],"picked":"Meditate","floor":4},{"not_picked":["CrushJoints","LikeWater"],"picked":"BattleHymn","floor":5},{"not_picked":["FlurryOfBlows","PathToVictory"],"picked":"Indignation","floor":6},{"not_picked":["CutThroughFate","Nirvana"],"picked":"DeusExMachina","floor":8}],"player_experience":2186723,"relics_obtained":[{"floor":6,"key":"Lantern"},{"floor":8,"key":"Eternal Feather"},{"floor":9,"key":"MealTicket"}],"event_choices":[{"damage_healed":0,"gold_gain":0,"player_choice":"Ignored","damage_taken":0,"max_hp_gain":0,"max_hp_loss":0,"event_name":"Liars Game","floor":2,"gold_loss":0},{"cards_removed":["Defend_P"],"damage_healed":0,"gold_gain":0,"player_choice":"Purged","damage_taken":0,"max_hp_gain":0,"max_hp_loss":0,"event_name":"Purifier","floor":3,"gold_loss":0}],"is_beta":false,"boss_relics":[],"items_purged_floors":[],"is_endless":false,"potions_floor_spawned":[6],"killed_by":"Gremlin Nob","ascension_level":20}}