{"host":"eswokialmqjd9jwx","time":1612194172,"event":{"mods":["AchievementEnabler","BaseMod","Colored Map","DeckTracker","KOR Keyword Fix","Minty Spire (QoL Compilation)","StSLib","SuperFastMode"],"gold_per_floor":[114,189,206,206,216,216,231,231,231,231,231,246,171,200,200,200,200],"floor_reached":16,"language":"KOR","playtime":340,"items_purged":["Strike_G"],"score":250,"play_id":"15c532e2-a2c6-443c-a595-c8ecbd221d60","local_time":"20210202004252","is_ascension_mode":true,"campfire_choices":[{"data":"Eviscerate","floor":6,"key":"SMITH"},{"data":"Choke","floor":8,"key":"SMITH"},{"data":"Poisoned Stab","floor":10,"key":"SMITH"},{"floor":15,"key":"REST"}],"circlet_count":0,"master_deck":["AscendersBane","Strike_G","Strike_G","Strike_G","Strike_G","Defend_G","Defend_G","Defend_G","Defend_G","Defend_G","Survivor","Neutralize+1","Choke+1","Eviscerate+1","Poisoned Stab+1","Escape Plan","Calculated Gamble"],"relics":["Ring of the Snake","PreservedInsect","Gambling Chip","InkBottle","Torii"],"acts_visited":["Exordium"],"potions_floor_usage":[16,16],"damage_taken":[{"damage":0,"enemies":"2 Louse","floor":1,"turns":4},{"damage":0,"enemies":"Jaw Worm","floor":3,"turns":4},{"damage":0,"enemies":"Cultist","floor":5,"turns":3},{"damage":9,"enemies":"Red Slaver","floor":7,"turns":4},{"damage":14,"enemies":"Gremlin Gang","floor":12,"turns":6},{"damage":0,"enemies":"Gremlin Nob","floor":14,"turns":2},{"damage":46,"enemies":"Hexaghost","floor":16,"turns":12}],"seed_played":"8093001040533768772","potions_obtained":[{"floor":1,"key":"GhostInAJar"},{"floor":3,"key":"Strength Potion"},{"floor":5,"key":"GhostInAJar"}],"is_trial":false,"path_per_floor":["M","?","M","?","M","R","M","R","T","R","T","M","$","E","R","B"],"character_chosen":"THE_SILENT","items_purchased":[],"campfire_rested":1,"item_purchase_floors":[],"current_hp_per_floor":[59,48,48,48,48,48,39,39,39,39,39,25,25,25,44,0,0],"gold":200,"neow_bonus":"RANDOM_COMMON_RELIC","is_daily":false,"chose_seed":false,"campfire_upgraded":3,"win_rate":0.0,"timestamp":1612194172,"path_taken":["M","?","M","?","M","R","M","R","T","R","?","M","?","E","R","BOSS"],"items_purchased_type":[],"build_version":"2020-12-22","purchased_purges":1,"victory":false,"max_hp_per_floor":[66,66,66,66,66,66,66,66,66,66,66,66,66,66,66,66,66],"card_choices":[{"not_picked":["Sucker Punch","Dagger Throw"],"picked":"Choke","floor":1},{"not_picked":["Sucker Punch","Dodge and Roll"],"picked":"Eviscerate","floor":3},{"not_picked":["Slice","Deflect"],"picked":"Poisoned Stab","floor":5},{"not_picked":["Deadly Poison","Deflect"],"picked":"Escape Plan","floor":7},{"not_picked":["Flying Knee","PiercingWail"],"picked":"Calculated Gamble","floor":12},{"not_picked":["Bouncing Flask","Riddle With Holes","Flechettes"],"picked":"SKIP","floor":14}],"player_experience":1176132,"relics_obtained":[{"floor":9,"key":"Gambling Chip"},{"floor":11,"key":"InkBottle"},{"floor":14,"key":"Torii"}],"event_choices":[{"damage_healed":0,"gold_gain":75,"player_choice":"Gather Gold","damage_taken":11,"max_hp_gain":0,"max_hp_loss":0,"event_name":"World of Goop","floor":2,"gold_loss":0},{"damage_healed":0,"gold_gain":0,"player_choice":"Grow","damage_taken":0,"max_hp_gain":0,"max_hp_loss":0,"event_name":"Living Wall","floor":4,"gold_loss":0,"cards_upgraded":["Neutralize"]}],"is_beta":false,"boss_relics":[],"items_purged_floors":[13],"is_endless":false,"potions_floor_spawned":[1,3,5,7],"killed_by":"Hexaghost","ascension_level":20}}