{"host":"smvt3ad3q31g2j4m","time":1612198364,"event":{"mods":["BaseMod","Better Skull","Better Third Choice","Colored Map","Downfall","GifTheSpireLib","Minty Spire (QoL Compilation)","Replay The Spire","StSLib"],"gold_per_floor":[99,147,147,147,147,147,172,206,15,15,32,48,48,59,77,172,172,72,88,103,103,122,22,48,48,59,59,87,87,103,136,152,252,252,252,601,651,669,669,669,723,742,742,753,628,628,658,658,679,679],"floor_reached":51,"language":"ENG","playtime":10872,"items_purged":["Writhe"],"score":838,"play_id":"384e0d63-26e2-4112-883c-8cc02553ca13","local_time":"20210201105244","is_ascension_mode":false,"campfire_choices":[{"data":"hexamod:Sear","floor":1,"key":"SMITH"},{"data":"expansioncontent:QuickStudy","floor":13,"key":"SMITH"},{"data":"hexamod:HeatMetal","floor":18,"key":"SMITH"},{"data":"hexamod:HeatCrush","floor":23,"key":"SMITH"},{"data":"hexamod:ThermalTransfer","floor":29,"key":"SMITH"},{"floor":43,"key":"RECALL"}],"circlet_count":0,"master_deck":["hexamod:Strike","hexamod:Strike","hexamod:Defend","hexamod:Defend","hexamod:Defend","hexamod:Sear+1","hexamod:Float","hexamod:NightmareStrike","hexamod:SwordOfDarkness","hexamod:Hexaguard","hexamod:NightmareGuise","expansioncontent:QuickStudy+1","hexamod:RainOfEmbers","hexamod:HeatMetal+1","hexamod:StepThrough","hexamod:ThermalTransfer+1","hexamod:GiftsFromTheDead","hexamod:BurningTouch+1","hexamod:SpectersWail+1","hexamod:HeatCrush+1","hexamod:NightmareGuise","hexamod:GiftsFromTheDead","hexamod:SearingWound","hexamod:GiftsFromTheDead","hexamod:AdvancingGuard+1","expansioncontent:Chronoboost","hexamod:TimeOfNeed","hexamod:HauntingEcho+1","hexamod:DynamicBlow+1","hexamod:GhostShield+1","Normality","hexamod:NightmareStrike"],"relics":["hexamod:SpiritBrand","downfall:HeartsMalice","ReplayTheSpireMod:Lightbulb","Lizard Tail","Busted Crown","downfall:HeartBlessingGreen","downfall:HeartBlessingBlue","Pet Ghost","ReplayTheSpireMod:Shallot","White Beast Statue","Calipers","Ring of Chaos","Old Coin","Torii","hexamod:MatchstickCase","CeramicFish","ReplayTheSpireMod:CursedCoin","Potion Belt","The Courier"],"acts_visited":["Exordium","TheCity","TheBeyond"],"potions_floor_usage":[14,14,16,26,28,32,33,37,47,50,50,50],"damage_taken":[{"damage":0,"enemies":"Cultist","floor":3,"turns":1},{"damage":0,"enemies":"Jaw Worm","floor":4,"turns":1},{"damage":0,"enemies":"Gremlin Nob","floor":8,"turns":1},{"damage":5,"enemies":"downfall:FleeingMerchant","floor":9,"turns":4},{"damage":0,"enemies":"Small Slimes","floor":11,"turns":2},{"damage":0,"enemies":"2 Fungi Beasts","floor":12,"turns":2},{"damage":0,"enemies":"Blue Slaver","floor":14,"turns":3},{"damage":0,"enemies":"Exordium Wildlife","floor":15,"turns":1},{"damage":37,"enemies":"WA_ARCHETYPE_RETAIN","floor":16,"turns":8},{"damage":0,"enemies":"Shell Parasite","floor":19,"turns":3},{"damage":5,"enemies":"3 Cultists","floor":20,"turns":4},{"damage":0,"enemies":"Snecko","floor":22,"turns":3},{"damage":0,"enemies":"Chosen and Byrds","floor":26,"turns":4},{"damage":8,"enemies":"Gremlin Leader","floor":28,"turns":6},{"damage":1,"enemies":"Centurion and Healer","floor":30,"turns":5},{"damage":10,"enemies":"Slavers","floor":31,"turns":5},{"damage":3,"enemies":"Cultist and Chosen","floor":32,"turns":4},{"damage":40,"enemies":"DF_ARCHETYPE_CLAW","floor":33,"turns":8},{"damage":32,"enemies":"2 Orb Walkers","floor":36,"turns":6},{"damage":6,"enemies":"2 Orb Walkers","floor":37,"turns":6},{"damage":2,"enemies":"3 Darklings","floor":38,"turns":4},{"damage":0,"enemies":"Orb Walker","floor":42,"turns":3},{"damage":1,"enemies":"3 Darklings","floor":44,"turns":4},{"damage":0,"enemies":"downfall:FleeingMerchant","floor":45,"turns":4},{"damage":34,"enemies":"Nemesis","floor":47,"turns":9},{"damage":0,"enemies":"Sphere and 2 Shapes","floor":49,"turns":5},{"damage":15,"enemies":"SI_POISON_ARCHETYPE","floor":50,"turns":7}],"seed_played":"-7231951212634909849","potions_obtained":[{"floor":11,"key":"Energy Potion"},{"floor":12,"key":"FearPotion"},{"floor":15,"key":"GamblersBrew"},{"floor":19,"key":"hexamod:EctoCoolerPotion"},{"floor":22,"key":"Adrenaline Potion"},{"floor":30,"key":"AttackPotion"},{"floor":31,"key":"Reflective Coating"},{"floor":32,"key":"LiquidMemories"},{"floor":33,"key":"hexamod:InfernoChargePotion"},{"floor":36,"key":"PowerPotion"},{"floor":37,"key":"sneckomod:MuddlingPotion"},{"floor":47,"key":"Swift Potion"},{"floor":49,"key":"Energy Potion"}],"is_trial":false,"path_per_floor":["R","T","M","M","?","?","T","E","$","?","M","M","R","M","M","B",null,"R","M","M","?","M","R","T","?","M","?","E","R","M","E","M","B",null,"R_BF","?","?","M","?","?","T","M","R","M","?","?","E","T","M","B",null],"character_chosen":"THE_SPIRIT","items_purchased":["expansioncontent:QuickStudy","hexamod:GhostShield+1","CeramicFish","ReplayTheSpireMod:CursedCoin"],"campfire_rested":0,"item_purchase_floors":[9,45,45,45],"current_hp_per_floor":[70,70,70,70,70,70,70,70,65,70,70,70,70,70,70,33,75,75,75,70,70,70,80,80,80,80,80,72,72,71,61,58,18,85,85,53,47,45,45,45,45,45,45,44,44,44,10,10,10,42],"gold":679,"neow_bonus":"THREE_ENEMY_KILL","is_daily":false,"chose_seed":false,"campfire_upgraded":5,"win_rate":0.0,"timestamp":1612198364,"path_taken":["R","?","?","M","?","?","T","E","$","?","M","M","R","M","M","BOSS","R","M","M","?","M","R","T","?","?","?","E","R","M","E","M","BOSS","R_BF","?","?","M","?","?","T","?","R","M","?","?","E","?","M","BOSS"],"items_purchased_type":["Card","Card","Relic","Relic"],"build_version":"2020-12-22","purchased_purges":1,"victory":true,"max_hp_per_floor":[70,70,70,70,70,70,70,70,70,75,75,75,75,75,75,75,75,75,75,75,75,75,85,85,85,85,85,85,85,85,85,85,85,85,85,85,85,85,85,85,85,85,85,85,85,85,85,85,85,85],"card_choices":[{"not_picked":["hexamod:GhostLash","hexamod:GhostOfSpirePast"],"picked":"hexamod:NightmareStrike","floor":3},{"not_picked":["hexamod:ShieldOfDarkness","hexamod:GhostOfSpireFuture"],"picked":"hexamod:SwordOfDarkness","floor":4},{"not_picked":["hexamod:InspiringFlames","hexamod:NecessarySacrifice"],"picked":"hexamod:Hexaguard","floor":8},{"not_picked":["hexamod:RecurringNightmare","hexamod:Haunt"],"picked":"hexamod:NightmareGuise","floor":9},{"not_picked":["hexamod:GhostOfSpireFuture","hexamod:BacktrackSmack"],"picked":"hexamod:RainOfEmbers","floor":11},{"not_picked":["hexamod:HauntingEcho","hexamod:SkipABeat"],"picked":"hexamod:HeatMetal","floor":12},{"not_picked":["hexamod:FastForward","hexamod:NecessarySacrifice"],"picked":"hexamod:StepThrough","floor":14},{"not_picked":["hexamod:HexaLevel","hexamod:Firestarter"],"picked":"hexamod:ThermalTransfer","floor":15},{"not_picked":["hexamod:TimeOfNeed","hexamod:UnleashSpirits"],"picked":"hexamod:GiftsFromTheDead","floor":16},{"not_picked":[],"picked":"hexamod:BurningTouch+1","floor":19},{"not_picked":[],"picked":"hexamod:SpectersWail+1","floor":20},{"not_picked":[],"picked":"hexamod:HeatCrush","floor":22},{"not_picked":["hexamod:HeatMetal"],"picked":"SKIP","floor":26},{"not_picked":[],"picked":"hexamod:GiftsFromTheDead","floor":28},{"not_picked":["hexamod:PhantomFireball"],"picked":"SKIP","floor":30},{"not_picked":["hexamod:RetreatToShadows"],"picked":"SKIP","floor":31},{"not_picked":["hexamod:FlamesFromBeyond"],"picked":"SKIP","floor":32},{"not_picked":[],"picked":"hexamod:SearingWound","floor":33},{"not_picked":[],"picked":"hexamod:AdvancingGuard+1","floor":38},{"not_picked":["expansioncontent:GuardianWhirl","Replay:SS_hec_1"],"picked":"expansioncontent:Chronoboost","floor":39},{"not_picked":["hexamod:InspiringFlames+1"],"picked":"SKIP","floor":42},{"not_picked":[],"picked":"hexamod:HauntingEcho+1","floor":44},{"not_picked":[],"picked":"hexamod:DynamicBlow+1","floor":45},{"not_picked":["hexamod:BurningTouch"],"picked":"SKIP","floor":47},{"not_picked":[],"picked":"hexamod:NightmareStrike","floor":49}],"player_experience":116484,"relics_obtained":[{"floor":2,"key":"ReplayTheSpireMod:Lightbulb"},{"floor":8,"key":"Lizard Tail"},{"floor":24,"key":"Pet Ghost"},{"floor":28,"key":"White Beast Statue"},{"floor":31,"key":"Calipers"},{"floor":36,"key":"Old Coin"},{"floor":37,"key":"Torii"},{"floor":41,"key":"hexamod:MatchstickCase"},{"floor":47,"key":"Potion Belt"},{"floor":48,"key":"The Courier"}],"event_choices":[{"damage_healed":0,"gold_gain":0,"player_choice":"Donut","damage_taken":0,"max_hp_gain":5,"max_hp_loss":0,"event_name":"Big Fish","floor":10,"gold_loss":0},{"damage_healed":0,"gold_gain":0,"player_choice":"Ignored","damage_taken":0,"max_hp_gain":0,"max_hp_loss":0,"event_name":"Vampires","floor":21,"gold_loss":0},{"damage_healed":0,"gold_gain":0,"player_choice":"Read","damage_taken":0,"max_hp_gain":0,"max_hp_loss":0,"event_name":"The Library","floor":25,"gold_loss":0,"cards_obtained":["hexamod:NightmareGuise"]},{"damage_healed":0,"gold_gain":0,"player_choice":"Fight","damage_taken":0,"max_hp_gain":0,"max_hp_loss":0,"event_name":"Mysterious Sphere","floor":36,"gold_loss":0}],"is_beta":false,"boss_relics":[{"not_picked":["Calling Bell","Velvet Choker"],"picked":"Busted Crown"},{"not_picked":["Replay:Wanted Poster","Painkiller Herb"],"picked":"Ring of Chaos"}],"items_purged_floors":[45],"is_endless":false,"potions_floor_spawned":[11,12,15,19,22,30,31,32,33,36,37,38,42,44,45,47,49],"ascension_level":0}}