{"host":"p34rppyhk302xzzg","time":1612189253,"event":{"mods":["Act Like it!","Ascension Reborn","BaseMod","Better Vampires","BetterRewards","Colored Map","Gensokyo","Googly Eyes","Hallownest","Koishi","KomeijiMod","Lobotomy","LobotomyExtend","Marisa£®ÏF”Í°°ƒß¿Ì…≥£©","Minty Spire (QoL Compilation)","Pale of the Ancients","Quick Restart","Reimu£®≤©¿ˆ¡È√Œ£©","Remilia£®¿Ÿ√◊¿Ú—«£©","Replay The Spire","SOS£®Àπ∞Õ¥Ô÷Æ◊”£©","StSLib","The Administrix","The Bug Knight","UnlockEverythingMod","Waifu the Spire","Yakumo Yukari mod","Youmu£®ªÍ∆«—˝√Œ£©","Yuyuko","noobMod","°æ“≈ŒÔø®≈∆°øREMEMod"],"gold_per_floor":[115,135,135,135,135,135,145,158,185,199,215,215,227,152,152,248,248,262,280,99,114,130,130,161,161,161,161,161,180,180,191,191,295,345,363,374,428,428,428],"floor_reached":38,"language":"ZHS","playtime":2000,"items_purged":[],"score":615,"play_id":"0e217276-0f24-4c4a-a3fa-2785252c255b","local_time":"20210201222053","is_ascension_mode":true,"campfire_choices":[{"data":"Monster Cherry Tree","floor":6,"key":"SMITH"},{"data":"Fantasy Butterflies","floor":12,"key":"SMITH"},{"floor":15,"key":"DIG"},{"floor":23,"key":"RECALL"},{"data":"Fantasy Butterflies","floor":25,"key":"SMITH"},{"data":"Unfulfilling Attachment","floor":27,"key":"SMITH"},{"floor":32,"key":"DIG"}],"circlet_count":0,"master_deck":["Fantasy Butterflies","Fantasy Butterflies+1","Fantasy Butterflies","Fantasy Butterflies+1","Fantasy Butterflies","Dreamy Sakura","Dreamy Sakura","Dreamy Sakura","Dreamy Sakura","Dreamy Sakura","Deathly Ground","Faramita\u0027s Temptation","LotusPostureSlash","BeautyBeast","Monster Cherry Tree+1","Mercenary","Wandering Soul","Scorched","Dancing Butterflies","Woodsman","Redemption of Death","WhitesApple","Bloom","CrumblingArmor","Dream of Spring","FieryBird","Wandering Soul","Rudolta","Unfulfilling Attachment+1","Murderer","Immigrant Phantom+1","HereticApostle","Bloom","Gensokyo:ScrapIron","WhiteNight","Song of Papilio","QueenOfHatred","Trap Lamp","SilentOrchestra","The Forgotten Winter+1","Gensokyo:SevenSchoolMysteries","Funeral","Gensokyo:FourOfAKind","Gensokyo:FourOfAKind","Gensokyo:FourOfAKind+1","Gensokyo:FourOfAKind","OldLady","Redemption of Death","BodiesMountain","Mirror of Mind","Mini Ghostdom+1","Freischutz","City of Death+1","NakedNest","Open The Fan","Lonely"],"relics":["Coronal","Yuyuko\u0027s fan","REME_ComplimentaryCards","ice","CogitoBucket","LetterFromLob","Hallownest:TeacherSealRelic","Ancient Tea Set","HellTrain","Hallownest:BankAccountRelic","Happy Flower","Cursed Key","AdjustmentMirror","Replay:Wax Seal","AntiCross","Replay:Towering Pillar of Hats","Tiny House","Peace Pipe","AtMidnight","LuminousBracelet","Bag of Preparation"],"acts_visited":["Exordium","Hallownest:Greenpath","Gensokyo:Gensokyoer"],"potions_floor_usage":[10,16,16,33,33,33],"damage_taken":[{"damage":69,"enemies":"Hallownest:monsterHuskWarrior","floor":1,"turns":13},{"damage":23,"enemies":"Hallownest:monsterHuskGuard","floor":2,"turns":7},{"damage":7,"enemies":"Hallownest:2_Tiktiks_and_1_Crawlid","floor":7,"turns":2},{"damage":3,"enemies":"Hallownest:monsterMossCharger","floor":8,"turns":3},{"damage":54,"enemies":"Hallownest:1_Ooma_and_2_Uuma","floor":10,"turns":6},{"damage":19,"enemies":"Hallownest:monsterFoolEater","floor":11,"turns":2},{"damage":26,"enemies":"Hallownest:monsterAspidMother","floor":13,"turns":4},{"damage":160,"enemies":"Hallownest:BossHornet","floor":16,"turns":26},{"damage":22,"enemies":"Gensokyo:AngelMirror","floor":18,"turns":2},{"damage":3,"enemies":"Gensokyo:Chomper","floor":19,"turns":2},{"damage":94,"enemies":"Gensokyo:Slime_Group","floor":21,"turns":2},{"damage":3,"enemies":"Gensokyo:Wraith","floor":22,"turns":3},{"damage":19,"enemies":"Gensokyo:Reisen","floor":24,"turns":3},{"damage":21,"enemies":"Gensokyo:Mirror_and_Dog","floor":29,"turns":2},{"damage":23,"enemies":"Gensokyo:Swordslinger","floor":31,"turns":3},{"damage":15,"enemies":"Gensokyo:Eiki","floor":33,"turns":2},{"damage":65,"enemies":"Hallownest:2_Littles","floor":35,"turns":3},{"damage":1,"enemies":"Hallownest:3_Siblings","floor":36,"turns":1},{"damage":57,"enemies":"Hallownest:2_Soldiers_and_1_Guardian","floor":38,"turns":1}],"seed_played":"-1898097311747432913","potions_obtained":[{"floor":8,"key":"PowerPotion"},{"floor":11,"key":"Strength Potion"},{"floor":22,"key":"DistilledChaos"},{"floor":29,"key":"Explosive Potion"},{"floor":31,"key":"AttackPotion"},{"floor":33,"key":"CultistPotion"},{"floor":34,"key":"SpeedPotion"}],"is_trial":false,"path_per_floor":["M","M","?","?","?","R","M","M","T","M","M","R","M","?","R_BF","B",null,"M","M","COS","M","M","R","E","R","T","R","?","M","?","M","R_BF","B",null,"M","M","T","M"],"character_chosen":"YUYOKO","items_purchased":[],"campfire_rested":0,"item_purchase_floors":[],"current_hp_per_floor":[27,33,24,24,24,24,19,24,24,34,42,42,31,31,31,26,100,91,98,98,63,74,74,97,97,97,97,90,87,63,44,44,60,60,12,14,14,0,0],"gold":428,"neow_bonus":"","is_daily":false,"chose_seed":false,"campfire_upgraded":4,"win_rate":0.0,"timestamp":1612189253,"path_taken":["M","M","?","?","?","R","M","M","T","?","M","R","M","?","R_BF","BOSS","M","M","COS","M","M","R","E","R","T","R","?","M","?","M","R_BF","BOSS","M","?","?","M"],"items_purchased_type":[],"build_version":"2020-12-22","purchased_purges":0,"victory":false,"max_hp_per_floor":[40,40,40,40,40,40,40,40,40,40,44,44,44,44,44,100,100,100,100,100,100,100,100,100,100,100,100,90,90,63,62,62,62,67,84,84,84,84,84],"card_choices":[{"not_picked":["OSAHOGD","SpiderBud","MeatLantern"],"picked":"Singing Bowl","floor":1},{"not_picked":["SpiderBud","OSAHOGD"],"picked":"BeautyBeast","floor":1},{"not_picked":["Chase The Sukhavati","Showy Withering"],"picked":"Monster Cherry Tree","floor":1},{"not_picked":["MHz","WallGazer","FairyFestival"],"picked":"Singing Bowl","floor":2},{"not_picked":["VoidDream","WallGazer"],"picked":"Mercenary","floor":2},{"not_picked":["Bomb","Dying Butterflies"],"picked":"Wandering Soul","floor":2},{"not_picked":["PunishingBird","Murderer","Wellcheers"],"picked":"Singing Bowl","floor":7},{"not_picked":["MHz","CherryBlossoms"],"picked":"Scorched","floor":7},{"not_picked":["Sakura Sakura","Fondling of Papilio"],"picked":"Dancing Butterflies","floor":7},{"not_picked":["WallGazer","HeroicMonk"],"picked":"Woodsman","floor":8},{"not_picked":["End of Faramita","Gauzy Sakura"],"picked":"Redemption of Death","floor":8},{"not_picked":["BlackSwan","UniverseFragment","CherryBlossoms"],"picked":"Singing Bowl","floor":10},{"not_picked":["WallGazer","RedShoes"],"picked":"WhitesApple","floor":10},{"not_picked":["Gone","All Wander"],"picked":"Bloom","floor":10},{"not_picked":["OSAHOGD","UniverseFragment","Murderer"],"picked":"Singing Bowl","floor":11},{"not_picked":["Porccubus","UniverseFragment"],"picked":"CrumblingArmor","floor":11},{"not_picked":["The Forgotten Winter","Nihility"],"picked":"Dream of Spring","floor":11},{"not_picked":["ShyLook","MeatLantern","HeroicMonk"],"picked":"Singing Bowl","floor":13},{"not_picked":["Bloodbath","OldLady"],"picked":"FieryBird","floor":13},{"not_picked":["End of Faramita","Stifle"],"picked":"Wandering Soul","floor":13},{"not_picked":["UniverseFragment","ShyLook","LittleHelper"],"picked":"Singing Bowl","floor":16},{"not_picked":["UniverseFragment","GalaxyChild"],"picked":"Rudolta","floor":16},{"not_picked":["Snowing Sakura","Supernatural Nether"],"picked":"Unfulfilling Attachment","floor":16},{"not_picked":["CherryBlossoms","Scarecrow","Murderer"],"picked":"Singing Bowl","floor":18},{"not_picked":["FairyFestival","Freischutz"],"picked":"Murderer","floor":18},{"not_picked":["Butterflies in Dream","Gather the Spring+1"],"picked":"Immigrant Phantom+1","floor":18},{"not_picked":["OldLady","LaLuna","UniverseFragment"],"picked":"Singing Bowl","floor":19},{"not_picked":["SpiderBud","Bloodbath"],"picked":"DreamingCurrent","floor":19},{"not_picked":["Unpaved Way","Phantom Village"],"picked":"Bloom","floor":19},{"not_picked":["GreedKing","BodiesMountain"],"picked":"WhiteNight","floor":21},{"not_picked":["Infinite Sin","Wandering Soul"],"picked":"Song of Papilio","floor":21},{"not_picked":["RedShoes","FairyFestival"],"picked":"QueenOfHatred","floor":22},{"not_picked":["Phantom Butterflies","Nihility"],"picked":"Trap Lamp","floor":22},{"not_picked":["FairyFestival","LittlePrince"],"picked":"SilentOrchestra","floor":24},{"not_picked":["The Nether+1","Dark Wind"],"picked":"The Forgotten Winter+1","floor":24},{"not_picked":["Gensokyo:GapWoman","Gensokyo:MissMary"],"picked":"Gensokyo:SevenSchoolMysteries","floor":28},{"not_picked":["WallGazer","Bloodbath"],"picked":"Funeral","floor":29},{"not_picked":["The Forgotten Winter","Immigrant Phantom"],"picked":"Bloom","floor":29},{"not_picked":["OSAHOGD","ShyLook"],"picked":"OldLady","floor":31},{"not_picked":["Suicide","End of Faramita"],"picked":"Redemption of Death","floor":31},{"not_picked":["Porccubus","SpiderBud"],"picked":"BodiesMountain","floor":33},{"not_picked":["Sakura Sakura","Scenery of Papilio"],"picked":"Mirror of Mind","floor":33},{"not_picked":["Nihility","Phantom Village"],"picked":"Mini Ghostdom+1","floor":34},{"not_picked":["ShyLook","RedShoes","BigBird"],"picked":"Singing Bowl","floor":35},{"not_picked":["PunishingBird","MeatLantern"],"picked":"Freischutz","floor":35},{"not_picked":["The Forgotten Winter","Unstable Ward"],"picked":"City of Death+1","floor":35},{"not_picked":["LaLuna","MHz"],"picked":"NakedNest","floor":36},{"not_picked":["Dream of Spring","End of Faramita"],"picked":"Open The Fan","floor":36}],"player_experience":94300,"relics_obtained":[{"floor":1,"key":"LetterFromLob"},{"floor":9,"key":"Ancient Tea Set"},{"floor":15,"key":"Happy Flower"},{"floor":24,"key":"AntiCross"},{"floor":32,"key":"Replay:Towering Pillar of Hats"},{"floor":35,"key":"AtMidnight"},{"floor":37,"key":"Bag of Preparation"}],"event_choices":[],"is_beta":false,"boss_relics":[{"not_picked":["Replay:Wanted Poster","Sozu"],"picked":"Cursed Key"},{"not_picked":["ChewingGum","Runic Dome"],"picked":"Tiny House"}],"items_purged_floors":[],"is_endless":false,"potions_floor_spawned":[8,11,22,29,31,33],"killed_by":"Hallownest:2_Soldiers_and_1_Guardian","ascension_level":0}}