{"host":"ccw6t0i2dpm5wyxf","time":1612208424,"event":{"mods":["AchievementEnabler","BaseMod","Colored Map","Minty Spire (QoL Compilation)","Permanent Neow","StSLib","SuperFastMode"],"gold_per_floor":[16,30,30,50,225,225,252,252,252,272,288,316,316,333,333,432,432,450,63,63,63,49,75,0,0,0,0,11,11,11,25,25,124,124,141,141,151,151,165,165,14,43,43,59,9,9,9],"floor_reached":46,"language":"ENG","playtime":1663,"items_purged":[],"score":792,"play_id":"6e7556a9-1844-4bda-93bf-c2587115ff8b","local_time":"20210201134024","is_ascension_mode":true,"campfire_choices":[{"data":"Armaments","floor":6,"key":"SMITH"},{"floor":8,"key":"REST"},{"data":"Metallicize","floor":13,"key":"SMITH"},{"data":"Demon Form","floor":15,"key":"SMITH"},{"floor":25,"key":"REST"},{"floor":27,"key":"REST"},{"floor":32,"key":"DIG"},{"floor":40,"key":"RECALL"}],"circlet_count":0,"master_deck":["AscendersBane","Strike_R","Strike_R","Strike_R","Strike_R","Defend_R","Defend_R","Defend_R","Defend_R","Bash","Offering","Infernal Blade+1","Armaments+1","Pummel","Doubt","Power Through","True Grit","Demon Form+1","Metallicize+1","Armaments","Reaper","Whirlwind+1","Metallicize","Shame","Corruption","Offering","Armaments","Barricade","Pummel+1","Seeing Red+1"],"relics":["Burning Blood","Meat on the Bone","HornCleat","Unceasing Top","Fusion Hammer","Shovel","Incense Burner","Shuriken","Pantograph","Oddly Smooth Stone","Mercury Hourglass","Boot","Black Star","Chemical X","Singing Bowl","White Beast Statue"],"acts_visited":["Exordium","TheCity","TheBeyond"],"potions_floor_usage":[12,16,16,37,42,46,46,46],"damage_taken":[{"damage":7,"enemies":"Small Slimes","floor":1,"turns":5},{"damage":9,"enemies":"Jaw Worm","floor":2,"turns":4},{"damage":7,"enemies":"2 Louse","floor":4,"turns":3},{"damage":54,"enemies":"Lagavulin","floor":7,"turns":8},{"damage":6,"enemies":"Blue Slaver","floor":10,"turns":2},{"damage":10,"enemies":"Large Slime","floor":11,"turns":7},{"damage":21,"enemies":"Gremlin Nob","floor":12,"turns":4},{"damage":8,"enemies":"Looter","floor":14,"turns":3},{"damage":6,"enemies":"Hexaghost","floor":16,"turns":8},{"damage":21,"enemies":"3 Byrds","floor":18,"turns":7},{"damage":28,"enemies":"2 Thieves","floor":22,"turns":5},{"damage":63,"enemies":"Slavers","floor":23,"turns":8},{"damage":11,"enemies":"Sentry and Sphere","floor":28,"turns":5},{"damage":11,"enemies":"Centurion and Healer","floor":31,"turns":4},{"damage":35,"enemies":"Collector","floor":33,"turns":7},{"damage":4,"enemies":"3 Darklings","floor":35,"turns":2},{"damage":17,"enemies":"Orb Walker","floor":37,"turns":4},{"damage":18,"enemies":"Sphere and 2 Shapes","floor":39,"turns":5},{"damage":43,"enemies":"Giant Head","floor":42,"turns":8},{"damage":59,"enemies":"Transient","floor":44,"turns":5},{"damage":22,"enemies":"Nemesis","floor":46,"turns":4}],"seed_played":"3287071143010838738","potions_obtained":[{"floor":7,"key":"Weak Potion"},{"floor":12,"key":"Block Potion"},{"floor":14,"key":"EssenceOfSteel"},{"floor":23,"key":"FearPotion"},{"floor":31,"key":"SkillPotion"},{"floor":36,"key":"Dexterity Potion"},{"floor":42,"key":"BlessingOfTheForge"},{"floor":44,"key":"BlessingOfTheForge"}],"is_trial":false,"path_per_floor":["M","M","?","M","?","R","E","R","T","M","M","E","R","M","R","B",null,"M","$","?","?","M","E","?","R","T","R","M","$","T","M","R","B",null,"M","?","M","?","M","R","$","E","T","M","$","E"],"character_chosen":"IRONCLAD","items_purchased":["Shovel","Metallicize","Chemical X","Strength Potion"],"campfire_rested":3,"item_purchase_floors":[19,19,41,45],"current_hp_per_floor":[71,68,68,67,67,67,19,43,43,55,51,48,48,58,58,58,75,66,66,66,66,50,20,20,44,44,68,68,68,68,63,63,58,75,77,77,73,73,75,75,75,51,51,19,19,0,0],"gold":9,"neow_bonus":"THREE_RARE_CARDS","is_daily":false,"chose_seed":false,"campfire_upgraded":3,"win_rate":0.0,"timestamp":1612208424,"path_taken":["M","M","?","M","?","R","E","R","T","M","M","E","R","M","R","BOSS","M","$","?","?","M","E","?","R","T","R","M","?","?","M","R","BOSS","M","?","?","?","M","R","$","E","T","?","$","E"],"items_purchased_type":["Relic","Card","Relic","Potion"],"build_version":"2020-12-22","purchased_purges":0,"victory":false,"max_hp_per_floor":[80,80,80,80,80,80,80,80,80,80,80,80,80,80,80,80,80,80,80,80,80,80,80,80,80,80,80,80,80,80,80,80,80,80,80,80,80,80,80,80,80,80,80,80,80,80,80],"card_choices":[{"not_picked":["Demon Form","Exhume"],"picked":"Offering","floor":0},{"not_picked":["Armaments","Body Slam"],"picked":"Infernal Blade","floor":1},{"not_picked":["Clothesline","Sentinel"],"picked":"Armaments","floor":2},{"not_picked":["Clash","Wild Strike"],"picked":"Pummel","floor":4},{"not_picked":["Pommel Strike","Thunderclap"],"picked":"Power Through","floor":7},{"not_picked":["Warcry","Thunderclap"],"picked":"True Grit","floor":10},{"not_picked":["Flex","Anger"],"picked":"Demon Form","floor":11},{"not_picked":["Whirlwind","Flex"],"picked":"Metallicize","floor":12},{"not_picked":["Wild Strike","Whirlwind"],"picked":"Armaments","floor":14},{"not_picked":["Brutality","Berserk"],"picked":"Reaper","floor":16},{"not_picked":["Clothesline","Heavy Blade"],"picked":"Whirlwind+1","floor":18},{"not_picked":["Wild Strike","Pommel Strike","Sever Soul"],"picked":"SKIP","floor":22},{"not_picked":["Wild Strike","Shrug It Off"],"picked":"Corruption","floor":23},{"not_picked":["Heavy Blade","Clash+1","Second Wind"],"picked":"SKIP","floor":28},{"not_picked":["Warcry+1","Whirlwind","True Grit"],"picked":"SKIP","floor":31},{"not_picked":["Demon Form","Corruption"],"picked":"Offering","floor":33},{"not_picked":["Ghostly Armor+1","Dark Embrace"],"picked":"Armaments","floor":35},{"not_picked":["Havoc+1","Anger+1","Clash"],"picked":"SKIP","floor":37},{"not_picked":["Rage","Wild Strike","Demon Form"],"picked":"SKIP","floor":39},{"not_picked":["Wild Strike","Carnage+1"],"picked":"Pummel+1","floor":42},{"not_picked":["Clothesline+1","Blood for Blood"],"picked":"Seeing Red+1","floor":44}],"player_experience":317000,"relics_obtained":[{"floor":7,"key":"Meat on the Bone"},{"floor":9,"key":"HornCleat"},{"floor":12,"key":"Unceasing Top"},{"floor":23,"key":"Pantograph"},{"floor":26,"key":"Oddly Smooth Stone"},{"floor":30,"key":"Mercury Hourglass"},{"floor":32,"key":"Boot"},{"floor":42,"key":"Singing Bowl"},{"floor":42,"key":"White Beast Statue"}],"event_choices":[{"damage_healed":0,"gold_gain":0,"player_choice":"Grow","damage_taken":0,"max_hp_gain":0,"max_hp_loss":0,"event_name":"Living Wall","floor":3,"gold_loss":0,"cards_upgraded":["Infernal Blade"]},{"damage_healed":0,"gold_gain":175,"player_choice":"AGREE","damage_taken":0,"max_hp_gain":0,"max_hp_loss":0,"event_name":"Liars Game","floor":5,"gold_loss":0,"cards_obtained":["Doubt"]},{"damage_healed":0,"gold_gain":0,"player_choice":"Opened","damage_taken":0,"relics_obtained":["Incense Burner"],"max_hp_gain":0,"max_hp_loss":0,"event_name":"The Mausoleum","floor":20,"gold_loss":0},{"damage_healed":0,"gold_gain":0,"player_choice":"Stole Relic","damage_taken":0,"relics_obtained":["Shuriken"],"max_hp_gain":0,"max_hp_loss":0,"event_name":"Addict","floor":21,"gold_loss":0,"cards_obtained":["Shame"]},{"damage_healed":0,"gold_gain":0,"player_choice":"Paid Fearfully","damage_taken":0,"max_hp_gain":0,"max_hp_loss":0,"event_name":"Masked Bandits","floor":24,"gold_loss":75},{"damage_healed":0,"gold_gain":0,"player_choice":"Got Potions","damage_taken":0,"max_hp_gain":0,"max_hp_loss":0,"event_name":"Lab","floor":36,"gold_loss":0},{"damage_healed":0,"gold_gain":0,"cards_transformed":["Strike_R"],"player_choice":"Transformed","damage_taken":0,"max_hp_gain":0,"max_hp_loss":0,"event_name":"Transmorgrifier","floor":38,"gold_loss":0,"cards_obtained":["Barricade"]}],"is_beta":false,"boss_relics":[{"not_picked":["SlaversCollar","Cursed Key"],"picked":"Fusion Hammer"},{"not_picked":["Runic Cube","Runic Dome"],"picked":"Black Star"}],"items_purged_floors":[],"is_endless":false,"potions_floor_spawned":[7,12,14,23,31,42,44],"killed_by":"Nemesis","ascension_level":10}}