{"host":"erqkcga9ejnpd4e1","time":1612157828,"event":{"mods":["AchievementEnabler","BaseMod","Colored Map","Downfall","Glutton Mod","Minty Spire (QoL Compilation)","Pikachu Mod","Shop Mod","StSLib","The Bug Knight","The Exordian Avenger","The Forsaken","The Saiyan","Thrall Mod"],"gold_per_floor":[115,129,145,161,8,38,38,70,70,70,70,2,2,16,16,95,95,113,113,113,113,113,113,113,129,181,181,121,121,139,139,139,139,139],"floor_reached":33,"language":"ENG","playtime":1996,"items_purged":["Bite"],"score":452,"play_id":"4928c6b6-be5a-43b8-97b2-42fc21eb4d36","local_time":"20210131213708","is_ascension_mode":true,"campfire_choices":[{"floor":7,"key":"REST"},{"floor":10,"key":"REST"},{"data":"Coolheaded","floor":13,"key":"SMITH"},{"floor":15,"key":"REST"},{"floor":23,"key":"REST"},{"data":"Rainbow","floor":27,"key":"SMITH"},{"data":"Coolheaded","floor":29,"key":"SMITH"},{"data":"Blizzard","floor":32,"key":"SMITH"}],"circlet_count":0,"master_deck":["AscendersBane","Defend_B","Defend_B","Defend_B","Defend_B","Zap","Dualcast","Gash","Coolheaded+1","Cold Snap","Coolheaded+1","FTL+1","Barrage","Rainbow+1","Blizzard+1","Bite","Bite","Bite","Bite","RitualDagger"],"relics":["Cracked Core","theForsaken:Kindling","Orichalcum","Centennial Puzzle","Velvet Choker","Whetstone","The Courier","Bronze Scales","MutagenicStrength"],"acts_visited":["Exordium","TheCity"],"potions_floor_usage":[6,8,30],"damage_taken":[{"damage":2,"enemies":"2 Louse","floor":1,"turns":3},{"damage":1,"enemies":"Cultist","floor":2,"turns":3},{"damage":2,"enemies":"Jaw Worm","floor":3,"turns":3},{"damage":6,"enemies":"Looter","floor":4,"turns":2},{"damage":34,"enemies":"Lagavulin","floor":6,"turns":6},{"damage":14,"enemies":"Gremlin Nob","floor":8,"turns":4},{"damage":12,"enemies":"Large Slime","floor":14,"turns":3},{"damage":41,"enemies":"Slime Boss","floor":16,"turns":14},{"damage":14,"enemies":"Shell Parasite","floor":18,"turns":4},{"damage":1,"enemies":"Spheric Guardian","floor":25,"turns":3},{"damage":10,"enemies":"Cultist and Chosen","floor":30,"turns":5},{"damage":136,"enemies":"Champ","floor":33,"turns":11}],"seed_played":"1649676884078027575","potions_obtained":[{"floor":1,"key":"AttackPotion"},{"floor":4,"key":"Block Potion"},{"floor":6,"key":"BlessingOfTheForge"},{"floor":8,"key":"FairyPotion"}],"is_trial":false,"path_per_floor":["M","M","M","M","$","E","R","E","T","R","?","$","R","M","R","B",null,"M","?","T","?","?","R","?","M","T","R","$","R","M","?","R","B"],"character_chosen":"DEFECT","items_purchased":["Orichalcum","FTL"],"campfire_rested":4,"item_purchase_floors":[5,12],"current_hp_per_floor":[62,61,59,53,53,19,43,29,29,54,54,54,54,44,71,32,67,55,40,40,40,34,64,64,69,69,69,69,69,73,73,73,0,0],"gold":139,"neow_bonus":"ONE_RARE_RELIC","is_daily":false,"chose_seed":false,"campfire_upgraded":4,"win_rate":0.0,"timestamp":1612157828,"path_taken":["M","M","M","M","$","E","R","E","T","R","?","?","R","?","R","BOSS","M","?","?","?","?","R","?","M","T","R","$","R","?","?","R","BOSS"],"items_purchased_type":["Relic","Card"],"build_version":"2020-12-22","purchased_purges":1,"victory":false,"max_hp_per_floor":[64,64,64,64,64,64,69,69,69,74,74,74,74,74,79,79,79,79,84,84,84,84,89,89,89,89,89,89,89,89,89,89,89,89],"card_choices":[{"not_picked":["White Noise","Beam Cell","Compile Driver"],"picked":"SKIP","floor":1},{"not_picked":["Compile Driver","Barrage"],"picked":"Gash","floor":2},{"not_picked":["Beam Cell","Darkness"],"picked":"Coolheaded","floor":3},{"not_picked":["Chill","Ball Lightning"],"picked":"Cold Snap","floor":4},{"not_picked":["Go for the Eyes","Stack","Beam Cell"],"picked":"SKIP","floor":6},{"not_picked":["Undo","Gash"],"picked":"Coolheaded","floor":8},{"not_picked":["Sweeping Beam","Beam Cell"],"picked":"Barrage","floor":14},{"not_picked":["Multi-Cast","Meteor Strike"],"picked":"Rainbow","floor":16},{"not_picked":["Auto Shields","Ball Lightning"],"picked":"Blizzard","floor":18},{"not_picked":["Beam Cell","Sweeping Beam","Barrage"],"picked":"SKIP","floor":25},{"not_picked":["Beam Cell","Chaos","Redo+1"],"picked":"SKIP","floor":30}],"player_experience":968064,"relics_obtained":[{"floor":6,"key":"Centennial Puzzle"},{"floor":8,"key":"Blood Vial"},{"floor":20,"key":"Whetstone"},{"floor":24,"key":"The Courier"},{"floor":26,"key":"Bronze Scales"}],"event_choices":[{"damage_healed":0,"gold_gain":0,"player_choice":"0 cards matched","damage_taken":0,"max_hp_gain":0,"max_hp_loss":0,"event_name":"Match and Keep!","floor":11,"gold_loss":0,"cards_obtained":[]},{"damage_healed":0,"gold_gain":0,"player_choice":"Shed Blood","damage_taken":20,"max_hp_gain":5,"max_hp_loss":0,"event_name":"Forgotten Altar","floor":19,"gold_loss":0},{"damage_healed":0,"gold_gain":0,"player_choice":"Became a vampire (Vial)","damage_taken":0,"max_hp_gain":0,"max_hp_loss":0,"event_name":"Vampires","floor":21,"relics_lost":["Blood Vial"],"gold_loss":0,"cards_obtained":["Bite","Bite","Bite","Bite","Bite"]},{"damage_healed":0,"gold_gain":0,"player_choice":"Joined the Cult","damage_taken":6,"max_hp_gain":0,"max_hp_loss":0,"event_name":"Nest","floor":22,"gold_loss":0,"cards_obtained":["RitualDagger"]},{"damage_healed":0,"gold_gain":0,"player_choice":"Relic","damage_taken":0,"max_hp_gain":0,"max_hp_loss":0,"event_name":"Wheel of Change","floor":24,"gold_loss":0},{"damage_healed":0,"gold_gain":0,"player_choice":"Inject Mutagens","damage_taken":0,"relics_obtained":["MutagenicStrength"],"max_hp_gain":0,"max_hp_loss":0,"event_name":"Drug Dealer","floor":31,"gold_loss":0}],"is_beta":false,"boss_relics":[{"not_picked":["Fusion Hammer","Black Star"],"picked":"Velvet Choker"}],"items_purged_floors":[28],"is_endless":false,"potions_floor_spawned":[1,4,6,8,16,18],"killed_by":"Champ","ascension_level":14}}