{"host":"8is2j71l4wmybkoi","time":1612170482,"event":{"mods":["AchievementEnabler","BaseMod","Colored Map","Minty Spire (QoL Compilation)","Rare Cards Sparkle","StSLib","SuperFastMode"],"gold_per_floor":[114,114,137,151,169,244,284,284,330,330,368,382,382,395,395,395,395],"floor_reached":16,"language":"KOR","playtime":524,"items_purged":[],"score":196,"play_id":"977c6f13-b8d2-45ca-870e-1cdf63adc914","local_time":"20210201180802","is_ascension_mode":true,"campfire_choices":[{"data":"Armaments","floor":8,"key":"SMITH"},{"floor":10,"key":"REST"},{"data":"Bash","floor":15,"key":"SMITH"}],"circlet_count":0,"master_deck":["AscendersBane","Strike_R+1","Strike_R+1","Strike_R","Strike_R","Defend_R","Defend_R","Defend_R","Defend_R","Bash+1","Panacea","Spot Weakness","Inflame","Armaments+1","Ghostly Armor","Battle Trance","Offering","Wild Strike","Rage"],"relics":["Burning Blood","Golden Idol","Darkstone Periapt","Regal Pillow","Whetstone"],"acts_visited":["Exordium"],"potions_floor_usage":[11,11,16],"damage_taken":[{"damage":11,"enemies":"Jaw Worm","floor":1,"turns":5},{"damage":9,"enemies":"2 Louse","floor":3,"turns":3},{"damage":1,"enemies":"Cultist","floor":4,"turns":3},{"damage":2,"enemies":"Large Slime","floor":5,"turns":6},{"damage":45,"enemies":"3 Sentries","floor":7,"turns":11},{"damage":36,"enemies":"Gremlin Nob","floor":11,"turns":5},{"damage":11,"enemies":"Exordium Wildlife","floor":12,"turns":3},{"damage":9,"enemies":"2 Fungi Beasts","floor":14,"turns":3},{"damage":16,"enemies":"Hexaghost","floor":16,"turns":9}],"seed_played":"43313041045613163","potions_obtained":[{"floor":1,"key":"EssenceOfSteel"},{"floor":4,"key":"ElixirPotion"},{"floor":7,"key":"DistilledChaos"},{"floor":14,"key":"AttackPotion"}],"is_trial":false,"path_per_floor":["M","?","M","M","M","?","E","R","T","R","E","M","?","M","R","B"],"character_chosen":"IRONCLAD","items_purchased":[],"campfire_rested":1,"item_purchase_floors":[],"current_hp_per_floor":[63,63,60,65,68,57,18,18,18,53,23,18,18,15,15,0,0],"gold":395,"neow_bonus":"RANDOM_COLORLESS","is_daily":false,"chose_seed":false,"campfire_upgraded":2,"win_rate":0.0,"timestamp":1612170482,"path_taken":["M","?","M","M","M","?","E","R","T","R","E","M","?","M","R","BOSS"],"items_purchased_type":[],"build_version":"2020-12-22","purchased_purges":0,"victory":false,"max_hp_per_floor":[75,68,68,68,68,68,68,68,68,68,68,68,68,68,68,68,68],"card_choices":[{"not_picked":["PanicButton","Impatience"],"picked":"Panacea","floor":0},{"not_picked":["Feel No Pain","Sword Boomerang"],"picked":"Spot Weakness","floor":1},{"not_picked":["Sword Boomerang","Flex"],"picked":"Inflame","floor":3},{"not_picked":["Dual Wield","Brutality"],"picked":"Armaments","floor":4},{"not_picked":["Perfected Strike","Cleave"],"picked":"Ghostly Armor","floor":5},{"not_picked":["Clothesline","Metallicize"],"picked":"Battle Trance","floor":7},{"not_picked":["Seeing Red","Infernal Blade"],"picked":"Offering","floor":11},{"not_picked":["Armaments","Clothesline"],"picked":"Wild Strike","floor":12},{"not_picked":["Perfected Strike","Clothesline"],"picked":"Rage","floor":14}],"player_experience":905109,"relics_obtained":[{"floor":7,"key":"Darkstone Periapt"},{"floor":9,"key":"Regal Pillow"},{"floor":11,"key":"Whetstone"}],"event_choices":[{"damage_healed":0,"gold_gain":0,"player_choice":"Lose Max HP","damage_taken":0,"relics_obtained":["Golden Idol"],"max_hp_gain":0,"max_hp_loss":7,"event_name":"Golden Idol","floor":2,"gold_loss":0},{"damage_healed":0,"gold_gain":75,"player_choice":"Gather Gold","damage_taken":11,"max_hp_gain":0,"max_hp_loss":0,"event_name":"World of Goop","floor":6,"gold_loss":0},{"cards_removed":["Strike_R"],"damage_healed":0,"gold_gain":0,"player_choice":"Offered Basic","damage_taken":0,"max_hp_gain":0,"max_hp_loss":0,"event_name":"Bonfire Elementals","floor":13,"gold_loss":0}],"is_beta":false,"boss_relics":[],"items_purged_floors":[],"is_endless":false,"potions_floor_spawned":[1,4,7,14],"killed_by":"Hexaghost","ascension_level":15}}