{"host":"2yqfi47fogfu1ic4","time":1612160594,"event":{"mods":["AchievementEnabler","BaseMod","Colored Map","Colored Powertips","Highlight Path","Minty Spire (QoL Compilation)","Permanent Neow","Relic Stats","StSLib"],"gold_per_floor":[99,15,15,15,15,15,15,15,15,15,15,15,15,15,15,15,15,15,15,15,15,15,15,15,15,15,15,15,15,15,15,15,15,15,15,15,15,15,15,15,15,15,15,15,15,15,15,15,15,15,15,15,15,15,15,15],"floor_reached":57,"language":"DEU","playtime":5405,"items_purged":[],"score":2783,"play_id":"2a6afb26-1539-43c9-a053-d89bf094f628","local_time":"20210201072314","is_ascension_mode":true,"campfire_choices":[{"data":"Bouncing Flask","floor":6.0,"key":"SMITH"},{"floor":10.0,"key":"REST"},{"data":"Dagger Spray","floor":13.0,"key":"SMITH"},{"data":"Die Die Die","floor":15.0,"key":"SMITH"},{"data":"Adrenaline","floor":24.0,"key":"SMITH"},{"data":"Ghostly","floor":30.0,"key":"SMITH"},{"data":"Ghostly","floor":32.0,"key":"SMITH"},{"data":"Ghostly","floor":40.0,"key":"SMITH"},{"floor":47.0,"key":"RECALL"},{"data":"1","floor":49.0,"key":"LIFT"},{"data":"2","floor":53.0,"key":"LIFT"}],"circlet_count":0,"master_deck":["AscendersBane","Strike_G+1","Strike_G+1","Strike_G+1","Strike_G+1","Defend_G+1","Defend_G+1","Defend_G+1","Defend_G+1","Defend_G+1","Survivor+1","Neutralize+1","Dagger Spray+1","Bouncing Flask+1","Dagger Throw+1","Backstab+1","PiercingWail+1","Die Die Die+1","Adrenaline+1","Underhanded Strike+1","Backflip+1","After Image+1","Eviscerate+1","Acrobatics+1","Ghostly+1","Ghostly+1","Ghostly+1","Prepared+1","Adrenaline+1","Leg Sweep+1","Footwork+1","Reflex+1","Night Terror+1","Backflip+1","Leg Sweep+1","PiercingWail","Malaise"],"relics":["Ectoplasm","Old Coin","The Courier","Runic Pyramid","Whetstone","Bronze Scales","Bag of Preparation","Turnip","Kunai","Coffee Dripper","Girya","Mark of the Bloom","Toy Ornithopter","Ancient Tea Set","Boot"],"acts_visited":["Exordium","TheCity","TheBeyond","TheEnding"],"potions_floor_usage":[],"damage_taken":[{"damage":1.0,"enemies":"Cultist","floor":1.0,"turns":4.0},{"damage":0.0,"enemies":"Small Slimes","floor":5.0,"turns":2.0},{"damage":12.0,"enemies":"3 Sentries","floor":7.0,"turns":6.0},{"damage":0.0,"enemies":"2 Louse","floor":12.0,"turns":2.0},{"damage":0.0,"enemies":"2 Fungi Beasts","floor":14.0,"turns":3.0},{"damage":5.0,"enemies":"Hexaghost","floor":16.0,"turns":9.0},{"damage":1.0,"enemies":"3 Byrds","floor":18.0,"turns":4.0},{"damage":0.0,"enemies":"Spheric Guardian","floor":21.0,"turns":4.0},{"damage":4.0,"enemies":"Shelled Parasite and Fungi","floor":22.0,"turns":4.0},{"damage":0.0,"enemies":"Snecko","floor":23.0,"turns":4.0},{"damage":26.0,"enemies":"Slavers","floor":25.0,"turns":6.0},{"damage":0.0,"enemies":"Snake Plant","floor":28.0,"turns":3.0},{"damage":0.0,"enemies":"Colosseum Slavers","floor":31.0,"turns":3.0},{"damage":0.0,"enemies":"Colosseum Nobs","floor":31.0,"turns":4.0},{"damage":1.0,"enemies":"Automaton","floor":33.0,"turns":14.0},{"damage":0.0,"enemies":"3 Shapes","floor":35.0,"turns":3.0},{"damage":0.0,"enemies":"2 Orb Walkers","floor":36.0,"turns":4.0},{"damage":0.0,"enemies":"Orb Walker","floor":37.0,"turns":3.0},{"damage":0.0,"enemies":"Transient","floor":38.0,"turns":6.0},{"damage":0.0,"enemies":"Sphere and 2 Shapes","floor":39.0,"turns":5.0},{"damage":0.0,"enemies":"3 Darklings","floor":41.0,"turns":5.0},{"damage":0.0,"enemies":"Nemesis","floor":44.0,"turns":8.0},{"damage":0.0,"enemies":"Writhing Mass","floor":45.0,"turns":6.0},{"damage":0.0,"enemies":"Jaw Worm Horde","floor":46.0,"turns":5.0},{"damage":0.0,"enemies":"4 Shapes","floor":48.0,"turns":2.0},{"damage":0.0,"enemies":"Time Eater","floor":50.0,"turns":18.0},{"damage":0.0,"enemies":"Awakened One","floor":51.0,"turns":23.0},{"damage":3.0,"enemies":"Shield and Spear","floor":55.0,"turns":11.0},{"damage":2,"enemies":"The Heart","floor":56,"turns":17}],"seed_played":"-2049265754481215258","potions_obtained":[{"floor":5.0,"key":"SteroidPotion"},{"floor":16.0,"key":"SkillPotion"},{"floor":18.0,"key":"SkillPotion"},{"floor":20.0,"key":"EssenceOfSteel"},{"floor":20.0,"key":"LiquidMemories"},{"floor":22.0,"key":"Swift Potion"},{"floor":28.0,"key":"SneckoOil"},{"floor":39.0,"key":"GamblersBrew"},{"floor":46.0,"key":"FairyPotion"},{"floor":48.0,"key":"GhostInAJar"}],"is_trial":false,"path_per_floor":["M","$","?","?","M","R","E","?","T","R","$","M","R","M","R","B",null,"M","?","?","M","M","M","R","E","T","T","M","?","R","?","R","B",null,"M","?","M","M","M","R","M","?","T","E","M","M","R","M","R","B","B",null,"R","$","E","B",null],"character_chosen":"THE_SILENT","items_purchased":["Bouncing Flask"],"campfire_rested":1,"item_purchase_floors":[2],"current_hp_per_floor":[58,58,51,31,31,31,19,1,1,20,20,20,20,20,20,15,53,52,52,52,52,48,48,48,22,22,22,22,22,22,22,22,21,30,30,30,30,30,30,30,30,30,30,30,30,30,30,30,30,30,30,30,30,30,27,25],"gold":15,"neow_bonus":"BOSS_RELIC","is_daily":false,"chose_seed":false,"campfire_upgraded":7,"win_rate":0.0,"timestamp":1612160594,"path_taken":["M","?","?","?","M","R","E","?","T","R","?","M","R","M","R","BOSS","M","?","?","M","?","M","R","E","T","?","M","?","R","?","R","BOSS","M","?","M","M","M","R","M","?","T","E","M","M","R","M","R","BOSS","BOSS","R","$","E","BOSS"],"items_purchased_type":["Card"],"build_version":"2020-12-22","purchased_purges":0,"victory":true,"max_hp_per_floor":[66,66,66,66,66,66,66,66,66,66,66,66,66,66,66,66,66,66,66,66,66,66,66,66,66,66,66,66,33,33,33,33,33,33,33,33,33,33,33,33,33,33,33,33,33,33,33,33,33,33,33,33,33,33,33,33],"relic_stats":{"Mark of the Bloom":2,"counters":[29,188],"Bronze Scales":[744],"Ectoplasm":1014,"Turnip":[8],"Bag of Preparation":[36],"Whetstone":["Neutralize","Backstab"],"Kunai":[40],"Boot":[1],"obtain_stats":[{"Girya":36,"Mark of the Bloom":42,"The Courier":8,"Bag of Preparation":27,"Whetstone":25,"Ancient Tea Set":44,"Boot":55,"Old Coin":7,"Bronze Scales":26,"Ectoplasm":0,"Turnip":31,"Coffee Dripper":34,"Kunai":31,"Toy Ornithopter":43,"Ring of the Snake":0,"Runic Pyramid":17},{"Girya":17,"Mark of the Bloom":21,"The Courier":3,"Bag of Preparation":11,"Whetstone":11,"Ancient Tea Set":22,"Boot":28,"Old Coin":3,"Bronze Scales":11,"Ectoplasm":0,"Turnip":14,"Coffee Dripper":15,"Kunai":14,"Toy Ornithopter":21,"Ring of the Snake":0,"Runic Pyramid":6},{"Girya":79,"Mark of the Bloom":98,"The Courier":12,"Bag of Preparation":48,"Whetstone":48,"Ancient Tea Set":106,"Boot":171,"Old Coin":12,"Bronze Scales":48,"Ectoplasm":0,"Turnip":58,"Coffee Dripper":72,"Kunai":58,"Toy Ornithopter":98,"Ring of the Snake":0,"Runic Pyramid":26}],"Toy Ornithopter":0},"card_choices":[{"not_picked":["Prepared","Accuracy"],"picked":"Dagger Spray","floor":1.0},{"not_picked":["Riddle With Holes","Cloak And Dagger"],"picked":"Dagger Throw","floor":5.0},{"not_picked":["Flechettes","Dagger Throw"],"picked":"Backstab","floor":7.0},{"not_picked":["Deadly Poison","Dagger Throw"],"picked":"PiercingWail","floor":12.0},{"not_picked":["Outmaneuver","Blade Dance"],"picked":"Die Die Die","floor":14.0},{"not_picked":["Unload","Glass Knife"],"picked":"Adrenaline","floor":16.0},{"not_picked":["Infinite Blades","Dagger Throw"],"picked":"Underhanded Strike","floor":18.0},{"not_picked":["Escape Plan","Skewer"],"picked":"Backflip","floor":21.0},{"not_picked":["Outmaneuver","Cloak And Dagger","Dodge and Roll"],"picked":"SKIP","floor":22.0},{"not_picked":["Dagger Throw","Deflect"],"picked":"After Image","floor":23.0},{"not_picked":["Dodge and Roll","Quick Slash"],"picked":"Eviscerate","floor":25.0},{"not_picked":["Infinite Blades","Outmaneuver"],"picked":"Acrobatics+1","floor":28.0},{"not_picked":["Choke","Blade Dance"],"picked":"Prepared","floor":31.0},{"not_picked":["After Image","Glass Knife"],"picked":"Adrenaline","floor":33.0},{"not_picked":["Dagger Spray","Underhanded Strike"],"picked":"Leg Sweep","floor":35.0},{"not_picked":["Cloak And Dagger","Acrobatics+1"],"picked":"Footwork+1","floor":36.0},{"not_picked":["Slice","Acrobatics"],"picked":"Reflex","floor":37.0},{"not_picked":["Footwork","Accuracy","Backstab"],"picked":"SKIP","floor":38.0},{"not_picked":["Heel Hook+1","All Out Attack+1","Dagger Spray"],"picked":"SKIP","floor":39.0},{"not_picked":["Quick Slash+1","Sucker Punch+1"],"picked":"Night Terror","floor":41.0},{"not_picked":["Die Die Die","Cloak And Dagger"],"picked":"Backflip+1","floor":44.0},{"not_picked":["Backflip","Acrobatics+1"],"picked":"Leg Sweep+1","floor":45.0},{"not_picked":["Deadly Poison+1","Deflect"],"picked":"PiercingWail","floor":46.0},{"not_picked":["Prepared","Choke","Endless Agony"],"picked":"SKIP","floor":48.0},{"not_picked":["Quick Slash","Predator"],"picked":"Malaise","floor":55.0}],"player_experience":1601580,"relics_obtained":[{"floor":7.0,"key":"Old Coin"},{"floor":25.0,"key":"Whetstone"},{"floor":26.0,"key":"Bronze Scales"},{"floor":27.0,"key":"Bag of Preparation"},{"floor":31.0,"key":"Turnip"},{"floor":31.0,"key":"Kunai"},{"floor":36.0,"key":"Girya"},{"floor":43.0,"key":"Toy Ornithopter"},{"floor":44.0,"key":"Ancient Tea Set"},{"floor":55.0,"key":"Boot"}],"event_choices":[{"cards_removed":["Strike_G"],"damage_healed":0.0,"max_hp_gain":0.0,"max_hp_loss":0.0,"gold_gain":0.0,"event_name":"Golden Wing","player_choice":"Card Removal","floor":3.0,"gold_loss":0.0,"damage_taken":7.0},{"damage_healed":0.0,"max_hp_gain":0.0,"max_hp_loss":0.0,"gold_gain":0.0,"event_name":"Shining Light","player_choice":"Entered Light","floor":4.0,"gold_loss":0.0,"damage_taken":20.0,"cards_upgraded":["Strike_G","Defend_G"]},{"damage_healed":0.0,"max_hp_gain":0.0,"max_hp_loss":0.0,"gold_gain":0.0,"event_name":"Scrap Ooze","player_choice":"Success","floor":8.0,"gold_loss":0.0,"damage_taken":18.0,"relics_obtained":["The Courier"]},{"damage_healed":0.0,"max_hp_gain":0.0,"max_hp_loss":0.0,"gold_gain":0.0,"event_name":"Back to Basics","player_choice":"Simplicity","floor":19.0,"gold_loss":0.0,"damage_taken":0.0,"cards_upgraded":["Strike_G","Strike_G","Strike_G","Defend_G","Defend_G","Defend_G","Defend_G"]},{"damage_healed":0.0,"max_hp_gain":0.0,"max_hp_loss":0.0,"gold_gain":0.0,"event_name":"Lab","player_choice":"Got Potions","floor":20.0,"gold_loss":0.0,"damage_taken":0.0},{"damage_healed":0.0,"max_hp_gain":0.0,"max_hp_loss":33.0,"gold_gain":0.0,"event_name":"Ghosts","player_choice":"Became a Ghost","floor":29.0,"gold_loss":0.0,"damage_taken":0.0,"cards_obtained":["Ghostly","Ghostly","Ghostly"]},{"damage_healed":0.0,"max_hp_gain":0.0,"max_hp_loss":0.0,"gold_gain":0.0,"event_name":"Colosseum","player_choice":"Fight","floor":31.0,"gold_loss":0.0,"damage_taken":0.0},{"damage_healed":0.0,"max_hp_gain":0.0,"max_hp_loss":0.0,"gold_gain":0.0,"event_name":"Colosseum","player_choice":"Fought Nobs","floor":31.0,"gold_loss":0.0,"damage_taken":0.0},{"damage_healed":0.0,"max_hp_gain":0.0,"max_hp_loss":0.0,"gold_gain":0.0,"event_name":"Mysterious Sphere","player_choice":"Fight","floor":36.0,"gold_loss":0.0,"damage_taken":0.0},{"damage_healed":0.0,"max_hp_gain":0.0,"max_hp_loss":0.0,"gold_gain":0.0,"event_name":"MindBloom","player_choice":"Upgrade","floor":42.0,"gold_loss":0.0,"damage_taken":0.0,"cards_upgraded":["Survivor","Dagger Throw","PiercingWail","Underhanded Strike","Backflip","After Image","Eviscerate","Prepared","Adrenaline","Leg Sweep","Reflex","Night Terror"],"relics_obtained":["Mark of the Bloom"]}],"is_beta":false,"boss_relics":[{"not_picked":["Empty Cage","Calling Bell"],"picked":"Runic Pyramid"},{"not_picked":["Astrolabe","Busted Crown"],"picked":"Coffee Dripper"}],"items_purged_floors":[],"is_endless":false,"potions_floor_spawned":[5,16,18,22,28,31,36,39,46,48,55],"ascension_level":20}}