{"host":"mmz2kvn5kzkhi5zs","time":1612161228,"event":{"mods":["Act Like it!","BaseMod","Downfall","Hallownest","Marisa????????","Minty Spire (QoL Compilation)","Replay The Spire","StSLib","The Bug Knight","The Cursed","The Jungle"],"gold_per_floor":[112,130,149,161,181,181,181,181,181,34,80,80,80,100,100,202,202,213,213,213],"floor_reached":19,"language":"ENG","playtime":2458,"items_purged":[],"score":159,"play_id":"6becc599-1f5c-473a-aca9-eeb0e8da0049","local_time":"20210201003348","is_ascension_mode":false,"campfire_choices":[{"floor":6,"key":"REST"},{"data":"Replay:Poison Smokescreen","floor":12,"key":"SMITH"},{"floor":15,"key":"REST"}],"circlet_count":0,"master_deck":["Strike_G","Strike_G","Strike_G","Strike_G","Strike_G","Defend_G","Defend_G","Defend_G","Defend_G","Defend_G","Survivor","Neutralize","Doppelganger","Backflip","Acrobatics","Replay:Poison Smokescreen+1","Quick Slash","Dagger Spray","Dash","Venomology","Poisoned Stab"],"relics":["Ring of the Snake","Hallownest:DreamNailRelic","Question Card","Ancient Tea Set","Vajra","Lantern","Replay:Fungal Core"],"acts_visited":["Hallownest:Greenpath","TheCity"],"potions_floor_usage":[4,16,16],"damage_taken":[{"damage":0,"enemies":"Hallownest:monsterHuskGuard","floor":1,"turns":6},{"damage":3,"enemies":"Hallownest:2_MossCreeps","floor":2,"turns":8},{"damage":1,"enemies":"Hallownest:monsterHuskWarrior","floor":3,"turns":5},{"damage":2,"enemies":"Hallownest:MossCreep_and_Mosskin","floor":4,"turns":6},{"damage":2,"enemies":"Hallownest:Wandering_and_Horned","floor":5,"turns":7},{"damage":12,"enemies":"Hallownest:2_Tiktiks_1_Baldur_1_Crawlid","floor":14,"turns":6},{"damage":26,"enemies":"Hallownest:BossHornet","floor":16,"turns":14},{"damage":56,"enemies":"3 Byrds","floor":18,"turns":9},{"damage":20,"enemies":"Spheric Guardian","floor":19,"turns":3}],"seed_played":"-2336341612301776863","potions_obtained":[{"floor":2,"key":"SkillPotion"},{"floor":3,"key":"Flashbang"},{"floor":14,"key":"Reflective Coating"}],"is_trial":false,"path_per_floor":["M","M","M","M","M","R","?","$","T","$","T","R","T","M","R","B",null,"M","M"],"character_chosen":"THE_SILENT","items_purchased":["Ancient Tea Set"],"campfire_rested":2,"item_purchase_floors":[10],"current_hp_per_floor":[49,46,45,43,41,62,62,62,62,62,62,62,62,50,70,44,70,14,0,0],"gold":213,"neow_bonus":"THREE_RARE_CARDS","is_daily":false,"chose_seed":false,"campfire_upgraded":1,"win_rate":0.0,"timestamp":1612161228,"path_taken":["M","?","M","M","M","R","?","$","T","$","?","R","?","?","R","BOSS","M","M"],"items_purchased_type":["Relic"],"build_version":"2020-12-22","purchased_purges":0,"victory":false,"max_hp_per_floor":[70,70,70,70,70,70,70,70,70,70,70,70,70,70,70,70,70,70,70,70],"card_choices":[{"not_picked":["ReplayTheSpireMod:From All Sides","Atom Bomb"],"picked":"Doppelganger","floor":0},{"not_picked":["PiercingWail","Poisoned Stab"],"picked":"Backflip","floor":1},{"not_picked":["Hidden Blade","Dodge and Roll"],"picked":"Acrobatics","floor":2},{"not_picked":["Distraction","Unload"],"picked":"Replay:Poison Smokescreen","floor":3},{"not_picked":["PiercingWail","Dagger Spray"],"picked":"Quick Slash","floor":4},{"not_picked":["Masterful Stab","Deflect"],"picked":"Dagger Spray","floor":5},{"not_picked":["Dodge and Roll","Choke","Deadly Poison"],"picked":"Dash","floor":14},{"not_picked":["Bullet Time","Malaise","ReplayTheSpireMod:From All Sides"],"picked":"Venomology","floor":16},{"not_picked":["Backflip","Dodge and Roll","Quick Slash"],"picked":"Poisoned Stab","floor":18}],"player_experience":26143,"relics_obtained":[{"floor":9,"key":"Question Card"},{"floor":11,"key":"Vajra"},{"floor":13,"key":"Lantern"}],"event_choices":[],"is_beta":false,"boss_relics":[{"not_picked":["Honey Jar","Replay:Drink Me"],"picked":"Replay:Fungal Core"}],"items_purged_floors":[],"is_endless":false,"potions_floor_spawned":[2,3,14],"killed_by":"Spheric Guardian","ascension_level":0}}