{"host":"m0bekkrd201b63ug","time":1612144675,"event":{"mods":["AchievementEnabler","BaseMod","Colored Powertips","Minty Spire (QoL Compilation)","Rare Cards Sparkle","StSLib","SuperFastMode","everything is the same but u backflip on backflip","slay the spire mod where everything is the same but ironclad has a cowboy hat"],"gold_per_floor":[112,112,2,20,70,70,102,102,149,178,206,106,127,153,153,236,236,255,130,141,141,150,184,184,202,202,15,15,35,68,68,68,68,68],"floor_reached":33,"language":"ENG","playtime":1738,"items_purged":["Strike_G","Strike_G","Strike_G","Strike_G+1"],"score":512,"play_id":"6049d90a-3914-402c-92b5-ae45723baa0b","local_time":"20210131235755","is_ascension_mode":true,"campfire_choices":[{"data":"Eviscerate","floor":6,"key":"SMITH"},{"data":"Backstab","floor":8,"key":"SMITH"},{"data":"Noxious Fumes","floor":15,"key":"SMITH"},{"floor":24,"key":"REST"},{"floor":32,"key":"REST"}],"circlet_count":0,"master_deck":["AscendersBane","Strike_G+1","Defend_G+1","Defend_G+1","Defend_G+1","Defend_G+1","Defend_G+1","Survivor","Neutralize","Eviscerate+1","Backstab+1","Acrobatics","Escape Plan","Adrenaline","Noxious Fumes+1","Prepared","Corpse Explosion","Poisoned Stab","Necronomicurse","PiercingWail","Escape Plan"],"relics":["Ring of the Snake","Mango","Spirit Poop","Bag of Preparation","CeramicFish","StoneCalendar","HoveringKite","Necronomicon","Juzu Bracelet","Bottled Flame","Orichalcum","Turnip"],"acts_visited":["Exordium","TheCity"],"potions_floor_usage":[23,33],"damage_taken":[{"damage":7.0,"enemies":"2 Louse","floor":1.0,"turns":3.0},{"damage":0,"enemies":"Cultist","floor":4,"turns":3},{"damage":14,"enemies":"3 Sentries","floor":7,"turns":9},{"damage":1,"enemies":"Jaw Worm","floor":10,"turns":2},{"damage":22,"enemies":"Lagavulin","floor":11,"turns":5},{"damage":3,"enemies":"Exordium Thugs","floor":13,"turns":4},{"damage":0,"enemies":"3 Louse","floor":14,"turns":2},{"damage":15,"enemies":"The Guardian","floor":16,"turns":10},{"damage":0,"enemies":"3 Byrds","floor":18,"turns":2},{"damage":0,"enemies":"Chosen","floor":20,"turns":3},{"damage":8,"enemies":"Gremlin Leader","floor":23,"turns":7},{"damage":4,"enemies":"Sentry and Sphere","floor":25,"turns":4},{"damage":14,"enemies":"Snecko","floor":29,"turns":5},{"damage":29,"enemies":"Book of Stabbing","floor":30,"turns":7},{"damage":40,"enemies":"Automaton","floor":33,"turns":10}],"seed_played":"7828276967444100843","potions_obtained":[{"floor":4,"key":"SkillPotion"},{"floor":7,"key":"Fire Potion"},{"floor":13,"key":"LiquidMemories"}],"is_trial":false,"path_per_floor":["M","?","$","M","?","R","E","R","T","M","E","$","M","M","R","B",null,"M","$","M","?","?","E","R","M","T","$","T","M","E","?","R","B"],"character_chosen":"THE_SILENT","items_purchased":["Backstab","PiercingWail"],"campfire_rested":2,"item_purchase_floors":[3,27],"current_hp_per_floor":[66,66,66,66,66,66,52,52,52,51,29,29,26,26,26,11,63,63,63,63,63,42,34,58,54,54,54,54,40,11,11,35,0,0],"gold":68,"neow_bonus":"ONE_RARE_RELIC","is_daily":false,"chose_seed":false,"campfire_upgraded":3,"win_rate":0.0,"timestamp":1612144675,"path_taken":["M","?","?","?","?","R","E","R","T","M","E","?","M","M","R","BOSS","M","$","M","?","?","E","R","M","T","?","?","M","E","?","R","BOSS"],"items_purchased_type":["Card","Card"],"build_version":"2020-12-22","purchased_purges":4,"victory":false,"max_hp_per_floor":[80,80,80,80,80,80,80,80,80,80,80,80,80,80,80,80,80,80,80,80,80,80,80,80,80,80,80,80,80,80,80,80,80,80],"card_choices":[{"not_picked":["Cloak And Dagger","Acrobatics"],"picked":"Eviscerate","floor":1.0},{"not_picked":["Sucker Punch","Cloak And Dagger"],"picked":"Acrobatics","floor":4},{"not_picked":["Backflip","Slice"],"picked":"Escape Plan","floor":7},{"not_picked":["Outmaneuver","Flying Knee"],"picked":"Adrenaline","floor":10},{"not_picked":["Distraction","Predator","Slice"],"picked":"SKIP","floor":11},{"not_picked":["Masterful Stab","Blur"],"picked":"Noxious Fumes","floor":13},{"not_picked":["Outmaneuver","Quick Slash"],"picked":"Prepared","floor":14},{"not_picked":["Burst","Storm of Steel"],"picked":"Corpse Explosion","floor":16},{"not_picked":["Dodge and Roll+1","Choke"],"picked":"Poisoned Stab","floor":18},{"not_picked":["Infinite Blades","Blade Dance+1","Quick Slash"],"picked":"SKIP","floor":20},{"not_picked":["Infinite Blades","Blade Dance+1","Quick Slash"],"picked":"SKIP","floor":20},{"not_picked":["Burst","Concentrate","Dagger Throw+1"],"picked":"SKIP","floor":23},{"not_picked":["Tactician","Finisher","Backflip"],"picked":"SKIP","floor":25},{"not_picked":["Dash","Outmaneuver"],"picked":"Escape Plan","floor":29},{"not_picked":["Flechettes+1","Flying Knee","Catalyst"],"picked":"SKIP","floor":30}],"player_experience":222043,"relics_obtained":[{"floor":7,"key":"Bag of Preparation"},{"floor":9,"key":"CeramicFish"},{"floor":11,"key":"StoneCalendar"},{"floor":22,"key":"Necronomicon"},{"floor":23,"key":"Juzu Bracelet"},{"floor":26,"key":"Bottled Flame"},{"floor":28,"key":"Orichalcum"},{"floor":30,"key":"Turnip"}],"event_choices":[{"cards_removed":["Injury"],"damage_healed":0,"gold_gain":0,"player_choice":"Offered Curse","damage_taken":0,"relics_obtained":["Spirit Poop"],"max_hp_gain":0,"max_hp_loss":0,"event_name":"Bonfire Elementals","floor":2,"gold_loss":0},{"damage_healed":0,"gold_gain":50,"player_choice":"Pray","damage_taken":0,"max_hp_gain":0,"max_hp_loss":0,"event_name":"Golden Shrine","floor":5,"gold_loss":0},{"damage_healed":0,"gold_gain":0,"player_choice":"Simplicity","damage_taken":0,"max_hp_gain":0,"max_hp_loss":0,"event_name":"Back to Basics","floor":21,"gold_loss":0,"cards_upgraded":["Strike_G","Strike_G","Defend_G","Defend_G","Defend_G","Defend_G","Defend_G"]},{"damage_healed":0,"gold_gain":0,"player_choice":"Obtained Book","damage_taken":21,"max_hp_gain":0,"max_hp_loss":0,"event_name":"Cursed Tome","floor":22,"gold_loss":0},{"damage_healed":0,"gold_gain":0,"player_choice":"Ignored","damage_taken":0,"max_hp_gain":0,"max_hp_loss":0,"event_name":"Vampires","floor":31,"gold_loss":0}],"is_beta":false,"boss_relics":[{"not_picked":["Pandora\u0027s Box","Fusion Hammer"],"picked":"HoveringKite"}],"items_purged_floors":[3,12,19,27],"is_endless":false,"potions_floor_spawned":[4,7,13,14,16,20],"killed_by":"Automaton","ascension_level":15}}