{"host":"gzk4gkgy3zij1c51","time":1612183496,"event":{"mods":["BaseMod","Colored Map","Downfall","Highlight Path","Marked Mod","Minty Spire (QoL Compilation)","Relic Stats","StSLib","everything is the same but u backflip on backflip"],"gold_per_floor":[99,199,214,230,242,142,194,204,231,244,256,282,295,395,409,409,409,409],"floor_reached":16,"language":"ENG","playtime":1469,"items_purged":[],"score":190,"play_id":"774deae5-9c08-4981-a12c-e4df042152a6","local_time":"20210201124456","is_ascension_mode":true,"campfire_choices":[{"floor":1.0,"key":"RECALL"},{"data":"sneckomod:TailWhip","floor":6.0,"key":"SMITH"}],"circlet_count":0,"master_deck":["sneckomod:Strike","sneckomod:Strike","sneckomod:Strike","sneckomod:Defend","sneckomod:Defend","sneckomod:Defend+1","sneckomod:TailWhip+1","sneckomod:SnekBite","sneckomod:Unknown","sneckomod:Unknown+1","sneckomod:ImprovisedGuard","sneckomod:SerpentIdol","sneckomod:QuickBite","sneckomod:ImprovisedAttack","sneckomod:RainOfDice","sneckomod:Nope","sneckomod:UnknownUncommonAttack","sneckomod:Transmogrify","sneckomod:Unknown1Cost","sneckomod:UnknownStrike"],"relics":["sneckomod:SneckoSoul","downfall:HeartBlessingRed","Potion Belt","War Paint","StrikeDummy","Letter Opener","Kunai"],"acts_visited":["Exordium"],"potions_floor_usage":[16],"damage_taken":[{"damage":5.0,"enemies":"Cultist","floor":3.0,"turns":4.0},{"damage":14.0,"enemies":"Small Slimes","floor":4.0,"turns":3.0},{"damage":12.0,"enemies":"Jaw Worm","floor":5.0,"turns":4.0},{"damage":3.0,"enemies":"Large Slime","floor":8.0,"turns":3.0},{"damage":8.0,"enemies":"Lagavulin","floor":9.0,"turns":3.0},{"damage":27.0,"enemies":"Exordium Thugs","floor":10.0,"turns":5.0},{"damage":10.0,"enemies":"Blue Slaver","floor":11.0,"turns":3.0},{"damage":0.0,"enemies":"Gremlin Nob","floor":12.0,"turns":2.0},{"damage":9.0,"enemies":"3 Louse","floor":13.0,"turns":3.0},{"damage":0.0,"enemies":"Large Slime","floor":15.0,"turns":3.0},{"damage":12,"enemies":"WA_ARCHETYPE_RETAIN","floor":16,"turns":1}],"seed_played":"-2055154951065249675","potions_obtained":[{"floor":4.0,"key":"bronze:BurnAndBuffPotion"},{"floor":5.0,"key":"DistilledChaos"},{"floor":8.0,"key":"BlessingOfTheForge"},{"floor":11.0,"key":"Explosive Potion"},{"floor":15.0,"key":"champ:CounterPotion"}],"is_trial":false,"path_per_floor":["R","?","M","M","M","R","T","M","E","M","M","E","M","?","M","B"],"character_chosen":"THE_SNECKO","items_purchased":[],"campfire_rested":0,"item_purchase_floors":[],"current_hp_per_floor":[90,90,85,71,59,59,59,56,48,21,11,11,2,2,2,0,0,0],"gold":409,"neow_bonus":"TEN_PERCENT_HP_BONUS","is_daily":false,"chose_seed":false,"campfire_upgraded":1,"win_rate":0.0,"timestamp":1612183496,"path_taken":["R","?","M","M","M","R","T","M","E","M","M","E","M","?","M","BOSS"],"items_purchased_type":[],"build_version":"2020-12-22","purchased_purges":0,"victory":false,"max_hp_per_floor":[99,99,99,99,99,99,99,99,99,99,99,99,99,99,99,99,99,99],"relic_stats":{"counters":[11,34],"Letter Opener":[0],"Kunai":[1],"War Paint":["sneckomod:Unknown","sneckomod:Defend"],"obtain_stats":[{"Potion Belt":7,"downfall:HeartBlessingRed":6,"Kunai":12,"Letter Opener":15,"War Paint":9,"sneckomod:SneckoSoul":0,"StrikeDummy":13},{"Potion Belt":3,"downfall:HeartBlessingRed":3,"Kunai":8,"Letter Opener":10,"War Paint":5,"sneckomod:SneckoSoul":0,"StrikeDummy":9},{"Potion Belt":11,"downfall:HeartBlessingRed":11,"Kunai":27,"Letter Opener":33,"War Paint":17,"sneckomod:SneckoSoul":0,"StrikeDummy":30}]},"card_choices":[{"not_picked":["sneckomod:UnknownDraw","sneckomod:QuickBite"],"picked":"sneckomod:ImprovisedGuard","floor":3.0},{"not_picked":["sneckomod:UnknownCommonSkill","sneckomod:DiceBlock"],"picked":"sneckomod:SerpentIdol","floor":4.0},{"not_picked":["sneckomod:MixItUp","sneckomod:SoulDraw"],"picked":"sneckomod:QuickBite","floor":5.0},{"not_picked":["sneckomod:UnknownCommonSkill","sneckomod:UnknownDraw"],"picked":"sneckomod:ImprovisedAttack","floor":8.0},{"not_picked":["sneckomod:MixItUp","sneckomod:UnknownDraw"],"picked":"sneckomod:RainOfDice","floor":9.0},{"not_picked":["sneckomod:SoulDraw","sneckomod:UnknownStrength"],"picked":"sneckomod:Nope","floor":10.0},{"not_picked":["sneckomod:Nope","sneckomod:UnknownStrike"],"picked":"sneckomod:UnknownUncommonAttack","floor":11.0},{"not_picked":["sneckomod:DiceCrush","sneckomod:SlitherStrike"],"picked":"sneckomod:Transmogrify","floor":12.0},{"not_picked":["sneckomod:MixItUp","sneckomod:UnknownClassGUARDIAN"],"picked":"sneckomod:Unknown1Cost","floor":13.0},{"not_picked":["sneckomod:MixItUp","sneckomod:SoulDraw"],"picked":"sneckomod:UnknownStrike","floor":15.0}],"player_experience":1111415,"relics_obtained":[{"floor":7.0,"key":"Potion Belt"},{"floor":9.0,"key":"War Paint"},{"floor":12.0,"key":"Kunai"},{"floor":13.0,"key":"Kunai"},{"floor":13.0,"key":"StrikeDummy"},{"floor":15.0,"key":"Letter Opener"},{"floor":15.0,"key":"Kunai"}],"event_choices":[],"is_beta":false,"boss_relics":[],"items_purged_floors":[],"is_endless":false,"potions_floor_spawned":[4,5,8,11,15],"killed_by":"WA_ARCHETYPE_RETAIN","ascension_level":7}}