{"host":"eaiphzh066bwqdh7","time":1612212257,"event":{"mods":["BaseMod","Better Note","Halation","Hubris","Minty Spire (QoL Compilation)","Reliquary","Replay The Spire","StSLib"],"gold_per_floor":[110,110,110,126,51,51,62,96,96,125,125,136,136,156,156,251,251,267,285,47,57,57,57,67,94,121,138,158,158,158,178,178,178,178],"floor_reached":33,"language":"ENG","playtime":1365,"items_purged":["Strike_B"],"score":350,"play_id":"ba17258a-67ff-43a3-9350-80b4ffe3b24b","local_time":"20210201154417","is_ascension_mode":true,"campfire_choices":[{"data":"Dualcast","floor":6,"key":"SMITH"},{"floor":11,"key":"REST"},{"data":"Redo","floor":13,"key":"SMITH"},{"floor":15,"key":"REST"},{"floor":23,"key":"REST"},{"floor":29,"key":"REST"},{"floor":32,"key":"REST"}],"circlet_count":0,"master_deck":["Strike_B","Defend_B","Defend_B","Defend_B","Defend_B","Zap+1","Dualcast+1","Melter","Steam Power+1","Gash","All For One","Redo+1","Streamline","White Noise+1","Hyperbeam","Chaos+1","Steam","Defragment"],"relics":["Cracked Core","NeowsBlessing","Meat on the Bone","Iron Hammer","halation:LettersToHer","hubris:HollowSoul","Chameleon Ring","halation:BottledLove","halation:KoshaPiece"],"acts_visited":["Exordium","TheCity"],"potions_floor_usage":[10,16,18,19,25,27,31,33],"damage_taken":[{"damage":0,"enemies":"2 Louse","floor":1,"turns":1},{"damage":0,"enemies":"Cultist","floor":4,"turns":1},{"damage":0,"enemies":"Small Slimes","floor":7,"turns":1},{"damage":37,"enemies":"3 Sentries","floor":8,"turns":7},{"damage":0,"enemies":"Lagavulin","floor":10,"turns":3},{"damage":0,"enemies":"Blue Slaver","floor":12,"turns":2},{"damage":0,"enemies":"Large Slime","floor":14,"turns":3},{"damage":40,"enemies":"Hexaghost","floor":16,"turns":7},{"damage":11,"enemies":"2 Thieves","floor":18,"turns":2},{"damage":0,"enemies":"Shell Parasite","floor":19,"turns":2},{"damage":14,"enemies":"Centurion and Healer","floor":21,"turns":4},{"damage":0,"enemies":"Sentry and Sphere","floor":24,"turns":3},{"damage":57,"enemies":"Slavers","floor":25,"turns":6},{"damage":6,"enemies":"Snake Plant","floor":27,"turns":3},{"damage":13,"enemies":"Centurion and Healer","floor":28,"turns":5},{"damage":16,"enemies":"Cultist and Chosen","floor":31,"turns":5},{"damage":15,"enemies":"Pondfish","floor":33,"turns":5}],"seed_played":"8152768642814248919","potions_obtained":[{"floor":8,"key":"DistilledChaos"},{"floor":10,"key":"Strength Potion"},{"floor":14,"key":"Cursed Concoction"},{"floor":16,"key":"Explosive Potion"},{"floor":18,"key":"Toxic Potion"},{"floor":21,"key":"SpeedPotion"},{"floor":24,"key":"Reflective Coating"},{"floor":28,"key":"PowerPotion"}],"is_trial":false,"path_per_floor":["M","?","?","M","$","R","M","E","T","E","R","M","R","M","R","B",null,"M","M","$","M","?","R","M","E","T","M","M","R","?","M","R","B"],"character_chosen":"DEFECT","items_purchased":["Chameleon Ring"],"campfire_rested":5,"item_purchase_floors":[20],"current_hp_per_floor":[75,75,75,75,75,75,75,38,38,38,60,60,60,60,75,47,75,64,64,64,50,50,72,72,27,27,37,36,58,58,42,64,0,0],"gold":178,"neow_bonus":"THREE_ENEMY_KILL","is_daily":false,"chose_seed":false,"campfire_upgraded":2,"win_rate":0.0,"timestamp":1612212257,"path_taken":["M","?","?","M","$","R","M","E","T","E","R","M","R","M","R","BOSS","M","M","$","M","?","R","M","E","T","M","M","R","?","M","R","BOSS"],"items_purchased_type":["Relic"],"build_version":"2020-12-22","purchased_purges":1,"victory":false,"max_hp_per_floor":[75,75,75,75,75,75,75,75,75,75,75,75,75,75,75,75,75,75,75,75,75,75,75,75,75,75,75,75,75,75,75,75,75,75],"card_choices":[{"not_picked":["Leap","Compile Driver"],"picked":"Melter","floor":1},{"not_picked":["Stack","Ball Lightning","Time Bomb"],"picked":"SKIP","floor":4},{"not_picked":["BasicCrystalCard","Beam Cell"],"picked":"Gash","floor":7},{"not_picked":["Capacitor","Chill"],"picked":"All For One","floor":8},{"not_picked":["Steam","Lockon"],"picked":"Redo","floor":10},{"not_picked":["Compile Driver","Beam Cell"],"picked":"Streamline","floor":12},{"not_picked":["Conserve Battery","hubris:PowerSurge"],"picked":"White Noise","floor":14},{"not_picked":["hubris:Prefetch","Multi-Cast"],"picked":"Hyperbeam","floor":16},{"not_picked":["Auto Shields","Fusion"],"picked":"Chaos+1","floor":18},{"not_picked":["ReplayTheSpireMod:Reroute Power","Go for the Eyes"],"picked":"Steam","floor":19},{"not_picked":["Glacier","Chill"],"picked":"Defragment","floor":21},{"not_picked":["Stack","Barrage+1","ReplayTheSpireMod:System Scan"],"picked":"SKIP","floor":24},{"not_picked":["Hologram","Consume","Compile Driver"],"picked":"SKIP","floor":25},{"not_picked":["BasicCrystalCard+1","Stack+1","Beam Cell"],"picked":"SKIP","floor":27},{"not_picked":["Steam Power","ReplayTheSpireMod:Reroute Power+1","Go for the Eyes+1"],"picked":"SKIP","floor":28},{"not_picked":["Beam Cell","ReplayGash","ReplayTheSpireMod:System Scan+1"],"picked":"SKIP","floor":31}],"player_experience":224723,"relics_obtained":[{"floor":8,"key":"Meat on the Bone"},{"floor":9,"key":"Iron Hammer"},{"floor":10,"key":"halation:LettersToHer"},{"floor":25,"key":"halation:BottledLove"},{"floor":26,"key":"halation:LettersToHer"},{"floor":26,"key":"halation:KoshaPiece"}],"event_choices":[{"damage_healed":0,"gold_gain":0,"player_choice":"Upgraded","damage_taken":0,"max_hp_gain":0,"max_hp_loss":0,"event_name":"Upgrade Shrine","floor":3,"gold_loss":0,"cards_upgraded":["Zap"]},{"cards_removed":["Strike_B"],"damage_healed":0,"gold_gain":0,"player_choice":"Elegance","damage_taken":0,"max_hp_gain":0,"max_hp_loss":0,"event_name":"Back to Basics","floor":22,"gold_loss":0}],"is_beta":false,"boss_relics":[{"not_picked":["reliquary:RedPaperclip","hubris:GrandSneckoEye"],"picked":"hubris:HollowSoul"}],"items_purged_floors":[5],"is_endless":false,"potions_floor_spawned":[8,10,14,16,18,21,24,28],"killed_by":"Pondfish","ascension_level":3}}