{"host":"h2977v3ax51ohsow","time":1612189293,"event":{"mods":["Act Like it!","BaseMod","Colored Powertips","Koishi","Lobotomy","Marisa£®ÏF”Í°°ƒß¿Ì…≥£©","Minty Spire (QoL Compilation)","Reimu£®≤©¿ˆ¡È√Œ£©","Remilia£®¿Ÿ√◊¿Ú—«£©","StSLib","The Servant 0.9.4"],"gold_per_floor":[115,115,115,65,65,65,83,112,112,132,163,163,175,203,203,305,305,318,334,334,90,90,117,117,117,117,117,117],"floor_reached":27,"language":"ZHS","playtime":1514,"items_purged":[],"score":239,"play_id":"16d271f9-9f91-4252-9879-0ce44490461a","local_time":"20210201222133","is_ascension_mode":false,"campfire_choices":[{"data":"NB:ReiMu","floor":6.0,"key":"SMITH"},{"data":"1","floor":12.0,"key":"LIFT"},{"data":"2","floor":15.0,"key":"LIFT"},{"data":"3","floor":24.0,"key":"LIFT"}],"circlet_count":0,"master_deck":["Strike_Lin:ReiMu","Strike_Lin:ReiMu","Strike_Lin:ReiMu+1","Strike_Lin:ReiMu","Defend_Lin:ReiMu","Defend_Lin:ReiMu","Defend_Lin:ReiMu","NB:ReiMu+1","Stagnation:ReiMu","Meditation:ReiMu+1","Conquer:ReiMu","CareerPray:ReiMu","AirStrike:ReiMu","FantasyBorder:ReiMu","PrayRite:ReiMu","KamiRite:ReiMu","RainPray2:ReiMu+1","PrepareRite:ReiMu","SafetyPray:ReiMu+1","YinYangSange:ReiMu","CleanRite:ReiMu","Writhe","PrayRite:ReiMu"],"relics":["FlyPower:ReiMu","Anchor","Odd Mushroom","Orichalcum","Girya","FossilizedHelix","Runic Pyramid","HornCleat","AntiCross","CrazyTorch:ReiMu"],"acts_visited":[],"potions_floor_usage":[],"damage_taken":[{"damage":0.0,"enemies":"2 Louse","floor":1.0,"turns":3.0},{"damage":0.0,"enemies":"Small Slimes","floor":7.0,"turns":3.0},{"damage":0.0,"enemies":"The Mushroom Lair","floor":8.0,"turns":3.0},{"damage":0.0,"enemies":"Cultist","floor":10.0,"turns":2.0},{"damage":4.0,"enemies":"Lagavulin","floor":11.0,"turns":5.0},{"damage":0.0,"enemies":"Exordium Thugs","floor":13.0,"turns":3.0},{"damage":9.0,"enemies":"Gremlin Nob","floor":14.0,"turns":5.0},{"damage":17.0,"enemies":"The Guardian","floor":16.0,"turns":11.0},{"damage":0.0,"enemies":"Spheric Guardian","floor":18.0,"turns":5.0},{"damage":6.0,"enemies":"Shell Parasite","floor":19.0,"turns":4.0},{"damage":0.0,"enemies":"Snecko","floor":20.0,"turns":5.0},{"damage":5.0,"enemies":"Slavers","floor":23.0,"turns":5.0},{"damage":6,"enemies":"Sentry and Sphere","floor":27,"turns":3}],"seed_played":"-2572986985248912992","potions_obtained":[{"floor":7.0,"key":"ColorlessPotion"},{"floor":14.0,"key":"SteroidPotion"},{"floor":16.0,"key":"Explosive Potion"},{"floor":19.0,"key":"Block Potion"}],"is_trial":false,"path_per_floor":["M","?","?","?","?","R","M","?","T","M","E","R","M","E","R","B",null,"M","M","M","$","?","E","R","?","T","M"],"character_chosen":"REIMU","items_purchased":["YinYangSange:ReiMu","CleanRite:ReiMu"],"campfire_rested":0,"item_purchase_floors":[21,21],"current_hp_per_floor":[71,71,57,57,39,39,39,39,39,39,35,35,35,26,26,9,71,71,65,65,65,65,60,60,60,60,54,54],"gold":117,"neow_bonus":"TEN_PERCENT_HP_BONUS","is_daily":false,"chose_seed":false,"campfire_upgraded":1,"win_rate":0.0,"timestamp":1612189293,"path_taken":["M","?","?","?","?","R","M","?","T","M","E","R","M","E","R","BOSS","M","M","M","$","?","E","R","?","T","M"],"items_purchased_type":["Card","Card"],"build_version":"2020-12-22","purchased_purges":0,"victory":false,"max_hp_per_floor":[71,71,71,71,71,71,71,71,71,71,71,71,71,71,71,71,71,71,71,71,71,71,71,71,71,71,71,71],"card_choices":[{"not_picked":["MountainWay:ReiMu","WonderfulDomain:ReiMu"],"picked":"Meditation:ReiMu","floor":1.0},{"not_picked":["EmergencyTakeOff:ReiMu","AlertArray:ReiMu"],"picked":"Conquer:ReiMu","floor":7.0},{"not_picked":["EmergencyTakeOff:ReiMu","AirManeuver:ReiMu"],"picked":"CareerPray:ReiMu","floor":8.0},{"not_picked":["Intuition:ReiMu","RainPray2:ReiMu"],"picked":"AirStrike:ReiMu","floor":10.0},{"not_picked":["EmergencyTakeOff:ReiMu","SubAcupoint:ReiMu","SealNeedle:ReiMu"],"picked":"SKIP","floor":11.0},{"not_picked":["CeremonyResonance:ReiMu","CareerPray:ReiMu"],"picked":"FantasyBorder:ReiMu","floor":13.0},{"not_picked":["SubcavityInstant:ReiMu","SubAcupoint:ReiMu"],"picked":"PrayRite:ReiMu","floor":14.0},{"not_picked":["CleanRite:ReiMu","Free:ReiMu"],"picked":"KamiRite:ReiMu","floor":16.0},{"not_picked":["Meditation:ReiMu","WonderfulDomain:ReiMu"],"picked":"RainPray2:ReiMu+1","floor":18.0},{"not_picked":["WonderfulDomain:ReiMu","Conquer:ReiMu"],"picked":"PrepareRite:ReiMu","floor":19.0},{"not_picked":["SubAcupoint:ReiMu","Revelation:ReiMu"],"picked":"SafetyPray:ReiMu+1","floor":20.0},{"not_picked":["YinYangSign:ReiMu","OrbThrow:ReiMu","EmergencyTakeOff:ReiMu"],"picked":"SKIP","floor":23.0}],"player_experience":107855,"relics_obtained":[{"floor":8.0,"key":"Odd Mushroom"},{"floor":9.0,"key":"Orichalcum"},{"floor":11.0,"key":"Girya"},{"floor":14.0,"key":"FossilizedHelix"},{"floor":23.0,"key":"AntiCross"},{"floor":26.0,"key":"CrazyTorch:ReiMu"}],"event_choices":[{"damage_healed":0.0,"max_hp_gain":0.0,"max_hp_loss":0.0,"gold_gain":0.0,"event_name":"Liars Game","player_choice":"Ignored","floor":2.0,"gold_loss":0.0,"damage_taken":0.0},{"damage_healed":0.0,"max_hp_gain":0.0,"max_hp_loss":0.0,"gold_gain":0.0,"event_name":"Shining Light","player_choice":"Entered Light","floor":3.0,"gold_loss":0.0,"damage_taken":14.0,"cards_upgraded":["Strike_Lin:ReiMu","Meditation:ReiMu"]},{"cards_removed":["Defend_Lin:ReiMu"],"damage_healed":0.0,"max_hp_gain":0.0,"max_hp_loss":0.0,"gold_gain":0.0,"event_name":"The Cleric","player_choice":"Card Removal","floor":4.0,"gold_loss":50.0,"damage_taken":0.0},{"damage_healed":0.0,"max_hp_gain":0.0,"max_hp_loss":0.0,"gold_gain":0.0,"event_name":"Scrap Ooze","player_choice":"Success","floor":5.0,"gold_loss":0.0,"damage_taken":18.0,"relics_obtained":["Anchor"]},{"damage_healed":0.0,"max_hp_gain":0.0,"max_hp_loss":0.0,"gold_gain":0.0,"event_name":"Mushrooms","player_choice":"Fought Mushrooms","floor":8.0,"gold_loss":0.0,"damage_taken":0.0},{"damage_healed":0.0,"max_hp_gain":0.0,"max_hp_loss":0.0,"gold_gain":0.0,"event_name":"The Mausoleum","player_choice":"Opened","floor":22.0,"gold_loss":0.0,"damage_taken":0.0,"relics_obtained":["HornCleat"],"cards_obtained":["Writhe"]},{"damage_healed":0.0,"max_hp_gain":0.0,"max_hp_loss":0.0,"gold_gain":0.0,"event_name":"Duplicator","player_choice":"Copied","floor":25.0,"gold_loss":0.0,"damage_taken":0.0,"cards_obtained":["PrayRite:ReiMu"]}],"is_beta":false,"boss_relics":[{"not_picked":["RedLine:ReiMu","Busted Crown"],"picked":"Runic Pyramid"}],"items_purged_floors":[],"is_endless":false,"potions_floor_spawned":[7,14,16,19],"killed_by":"Sentry and Sphere","ascension_level":0}}