{"host":"jfbo3eu2ui08ej1u","time":1612185512,"event":{"mods":["2.2 Compatiblity","AchievementEnabler","Act Like it!","Aspiration","BaseMod","Better Altar","Better Match","Better Note","Better Sensory Stone","Better Skull","Better Third Choice","Block Reminder","Colored Map","Colored Powertips","Conspire","DeckTracker","Displayed Cursed Tome","Energized Spire","Fox Events","GifTheSpireLib","Hubris","Infinite Spire","Marked Mod","Minty Spire (QoL Compilation)","Pale of the Ancients","Poor People Problems","Quick Restart","Relic Filter","Reliquary","Reorder Act Four","Replay The Spire","Shop Mod","Spicy Shops","Spire Arcade","StSLib","Stuff the Spire","The Blue Laboratory","The Disciple","The Forsaken","The Hierophant","The Marked","Uncapped","Unceasing Turn Reminder","Wandering Minibosses"],"gold_per_floor":[114,133,144,162,61,87,87,87,87,87,105,105,5,16,16,90,40,57,57,77,77,77],"floor_reached":21,"language":"ENG","playtime":457,"items_purged":["Strike_B","StuffTheSpire:CuriosityCurse","Strike_B"],"score":362,"play_id":"d4c74b8f-eb43-433a-8033-178b820587b3","local_time":"20210201081832","is_ascension_mode":true,"campfire_choices":[{"data":"Turbo","floor":7,"key":"SMITH"},{"floor":10,"key":"REST"},{"data":"Dualcast","floor":12,"key":"SMITH"},{"data":"Beam Cell","floor":15,"key":"SMITH"}],"circlet_count":0,"master_deck":["AscendersBane","Strike_B","Strike_B","Strike_B","Defend_B","Defend_B","Defend_B","Defend_B","Zap+1","Dualcast+1","Gash","Genetic Algorithm","Compile Driver","Ball Lightning","Ball Lightning","Beam Cell+1","Reboot","Panic Button","Redo","infinitespire:Gouge","Turbo"],"relics":["Cracked Core","Replay:Wax Seal","Carrot","StuffTheSpire:OldFever","energizedSpire:HugeHouse","reliquary:PurpleTingedLeaf"],"acts_visited":["Exordium","TheCity"],"potions_floor_usage":[4],"damage_taken":[{"damage":0,"enemies":"2 Louse","floor":1,"turns":3},{"damage":4,"enemies":"Small Slimes","floor":2,"turns":3},{"damage":1,"enemies":"Cultist","floor":3,"turns":4},{"damage":15,"enemies":"Exordium Wildlife","floor":4,"turns":3},{"damage":11,"enemies":"Gremlin Nob","floor":6,"turns":3},{"damage":9,"enemies":"3 Louse","floor":11,"turns":2},{"damage":6,"enemies":"Looter","floor":14,"turns":2},{"damage":30,"enemies":"Slime Boss","floor":16,"turns":8},{"damage":12,"enemies":"3 Byrds","floor":18,"turns":3},{"damage":20,"enemies":"2 Thieves","floor":20,"turns":3},{"damage":33,"enemies":"Cultist and Chosen","floor":21,"turns":3}],"seed_played":"-530543297916281721","potions_obtained":[{"floor":1,"key":"blueLaboratory:RelayPotion"},{"floor":4,"key":"blueLaboratory:HorrorPotion"},{"floor":14,"key":"BlessingOfTheForge"}],"is_trial":false,"path_per_floor":["M","M","M","M","$","E","R","?","T","R","M","R","$","M","R","B",null,"M","AVR","M","M"],"character_chosen":"DEFECT","items_purchased":["Ball Lightning"],"campfire_rested":1,"item_purchase_floors":[5],"current_hp_per_floor":[64,60,59,44,44,33,33,33,33,54,45,45,45,39,39,9,52,40,40,21,0,0],"gold":77,"neow_bonus":"UPGRADE_CARD","is_daily":false,"chose_seed":false,"campfire_upgraded":3,"win_rate":0.0,"timestamp":1612185512,"path_taken":["M","M","M","M","$","E","R","?","T","R","M","R","$","M","R","BOSS","M","AVR","M","M"],"items_purchased_type":["Card"],"build_version":"2020-12-22","purchased_purges":3,"victory":false,"max_hp_per_floor":[71,71,71,71,71,71,71,71,71,71,71,71,71,71,71,71,66,66,66,66,66,66],"card_choices":[{"not_picked":["Skim","aspiration:Polymerization"],"picked":"Gash","floor":1},{"not_picked":["Go for the Eyes","Scrape"],"picked":"Genetic Algorithm","floor":2},{"not_picked":["Cold Snap","Heatsinks"],"picked":"Compile Driver","floor":3},{"not_picked":["conspire:SharedLibrary","ReplaySort"],"picked":"Ball Lightning","floor":4},{"not_picked":["Reprogram","aspiration:Polymerization"],"picked":"Turbo","floor":6},{"not_picked":["ReplaySolidLightProjector","BasicCrystalCard","Cold Snap"],"picked":"SKIP","floor":11},{"not_picked":["StuffTheSpire:GlassShard","Loop"],"picked":"Beam Cell","floor":14},{"not_picked":["Buffer","Amplify"],"picked":"Reboot","floor":16},{"not_picked":["Cold Snap","Panic Button"],"picked":"Redo","floor":18},{"not_picked":["Cold Snap","Doom and Gloom"],"picked":"Turbo","floor":20}],"player_experience":1269197,"relics_obtained":[{"floor":6,"key":"Replay:Wax Seal"},{"floor":9,"key":"StuffTheSpire:OldFever"}],"event_choices":[],"is_beta":false,"boss_relics":[{"not_picked":["reliquary:WritOfMandamus","Astrolabe"],"picked":"energizedSpire:HugeHouse"}],"items_purged_floors":[5,13,19],"is_endless":false,"potions_floor_spawned":[1,4,14],"killed_by":"Cultist and Chosen","ascension_level":20}}