{"host":"67d7yvf7wgk1klfn","time":1612143686,"event":{"mods":["Aspiration","BaseMod","Colored Powertips","Conspire","Dark Map","Downfall","Energized Spire","Hubris","Infinite Spire","Minty Spire (QoL Compilation)","Relic Stats","Reliquary","Replay The Spire","Slay the Relics Exporter","Smile Girya","Spire Arcade","StS++","StSLib","ojb\u0027s Better Paths Mod","ojb\u0027s Info Mod"],"gold_per_floor":[116,116,8,8,8,8,42,42,42,42,67,67,77,77,77,178,178,194,207,207,226,176,216,216,176,227,227,284,284,297,332,332,427,427,448,448,475,487,487,534,563,58,58,58,99,114,149,166,166,185],"floor_reached":51,"language":"ENG","playtime":3833,"items_purged":["Strike_B"],"score":876,"play_id":"d138abca-dbc9-44b8-bb67-693c95a81979","local_time":"20210131204126","is_ascension_mode":false,"campfire_choices":[{"data":"hubris:Rewind","floor":6.0,"key":"SMITH"},{"floor":12.0,"key":"REST"},{"data":"Atom Bomb","floor":15.0,"key":"SMITH"},{"floor":24.0,"key":"REST"},{"data":"ReplayTheSpireMod:Dual Polarity","floor":27.0,"key":"SMITH"},{"data":"Redo","floor":29.0,"key":"SMITH"},{"data":"Disarm","floor":32.0,"key":"SMITH"},{"data":"Hologram","floor":44,"key":"SMITH"},{"data":"expansioncontent:DashGenerateEvil","floor":49,"key":"SMITH"}],"circlet_count":0,"master_deck":["Defend_B","Defend_B","Defend_B","Defend_B","Dualcast","Redo+1","hubris:Rewind+1","Cold Snap+1","Cold Snap+1","Deadly Poison+1","Barrage","ReplayTheSpireMod:Dual Polarity+1","StSpp:StrikeFirst","Atom Bomb+1","Dash","Mirror Shield+1","Barrage+1","Fusion+1","aspiration:Polymerization+1","Wireheading+1","conspire:SpireCoStock","Disarm+1","hexamod:NightmareStrike+1","expansioncontent:DashGenerateEvil+1","champ:EnGarde+1","sneckomod:UnknownClassTHE_CHAMP_GRAY","Coolheaded+1","Slimebound:FormOfPuddle","Hologram+1","ReplayReversal"],"relics":["m_SlimeRing","reliquary:HotPoker","hubris:FruitBowl","hubris:KleinBottle","Ring of the Snake","reliquary:Buckler","infinitespire:Cubic Diamond","ReplayTheSpireMod:Shallot","ReplayTheSpireMod:Ninjato","hubris:TerracottaHorce","PrismaticShard","Bird Faced Urn","Strawberry","hubris:MysteriousPyramids","Red Mask","Nuclear Battery","Quantum Egg","Garlic","hubris:EmptyBottle","Durian","Calipers","Question Card"],"acts_visited":["Exordium","TheCity","TheBeyond"],"potions_floor_usage":[46,50,50,50,50,50],"damage_taken":[{"damage":0.0,"enemies":"Cultist","floor":1.0,"turns":1.0},{"damage":0.0,"enemies":"3 Sentries","floor":7.0,"turns":1.0},{"damage":0.0,"enemies":"Replay:BlueRogue","floor":11.0,"turns":5.0},{"damage":0.0,"enemies":"Small Slimes","floor":13.0,"turns":3.0},{"damage":18.0,"enemies":"Hexaghost","floor":16.0,"turns":7.0},{"damage":7.0,"enemies":"Shell Parasite","floor":18.0,"turns":3.0},{"damage":0.0,"enemies":"Chosen","floor":19.0,"turns":3.0},{"damage":1.0,"enemies":"conspire:HollyBat","floor":21.0,"turns":8.0},{"damage":31.0,"enemies":"Gremlin Leader","floor":23.0,"turns":7.0},{"damage":4.0,"enemies":"Nightmare","floor":28.0,"turns":6.0},{"damage":2.0,"enemies":"Centurion and Healer","floor":30.0,"turns":5.0},{"damage":2.0,"enemies":"Masked Bandits","floor":31.0,"turns":4.0},{"damage":19,"enemies":"conspire:MysteriousRune","floor":33,"turns":5},{"damage":8,"enemies":"3 Shapes","floor":35,"turns":4},{"damage":0,"enemies":"3 Darklings","floor":37,"turns":4},{"damage":0,"enemies":"Sphere and 2 Shapes","floor":38,"turns":3},{"damage":0,"enemies":"Nemesis","floor":40,"turns":7},{"damage":0,"enemies":"4 Shapes","floor":41,"turns":4},{"damage":0,"enemies":"Spire Growth","floor":45,"turns":5},{"damage":2,"enemies":"Transient","floor":46,"turns":5},{"damage":19,"enemies":"Reptomancer","floor":47,"turns":7},{"damage":1,"enemies":"Sphere and 2 Shapes","floor":48,"turns":5},{"damage":22,"enemies":"Time Eater","floor":50,"turns":16}],"seed_played":"-5012896587710775619","potions_obtained":[{"floor":13.0,"key":"Fire Potion"},{"floor":18.0,"key":"Strength Potion"},{"floor":28.0,"key":"hexamod:SoulburnPotion"},{"floor":31.0,"key":"AttackPotion"},{"floor":40,"key":"LiquidMemories"},{"floor":46,"key":"DistilledChaos"}],"is_trial":false,"path_per_floor":["M","$","$","?","$","R","E","?","T","?","E","R","M","?","R","B",null,"M","M","?","M","?","E","R","?","T","R","NM","R","M","?","R","B",null,"M","?","M","M","T","E","M","$","T","R","M","M","E","M","R","B",null],"character_chosen":"DEFECT","items_purchased":["reliquary:HotPoker","hubris:FruitBowl","hubris:KleinBottle","Cold Snap","Hologram","hubris:EmptyBottle","Durian"],"campfire_rested":2,"item_purchase_floors":[2,2,2,3,42,42,42],"current_hp_per_floor":[75,21,21,21,21,21,21,21,21,21,21,43,43,43,43,25,63,56,56,48,47,47,16,38,38,48,48,48,48,48,46,46,31,72,68,68,70,72,72,76,76,83,83,83,87,85,92,91,91,70],"gold":185,"neow_bonus":"THREE_ENEMY_KILL","is_daily":false,"chose_seed":false,"campfire_upgraded":7,"win_rate":0.0,"timestamp":1612143686,"path_taken":["M","?","$","?","$","R","E","?","T","?","E","R","?","?","R","BOSS","M","M","?","M","?","E","R","?","T","R","NM","R","?","?","R","BOSS","M","?","M","M","?","E","?","$","T","R","M","M","E","M","R","BOSS"],"items_purchased_type":["Relic","Relic","Relic","Card","Card","Relic","Relic"],"build_version":"2020-12-22","purchased_purges":1,"victory":true,"max_hp_per_floor":[75,75,75,75,75,75,75,75,75,75,75,75,75,75,75,75,75,75,75,75,75,75,75,75,75,85,85,85,85,85,85,85,85,85,85,85,85,85,85,85,85,92,92,92,92,92,92,92,92,92],"relic_stats":{"counters":[23,118],"Bird Faced Urn":[35],"Question Card":2,"obtain_stats":[{"hubris:KleinBottle":2,"ReplayTheSpireMod:Ninjato":11,"Calipers":43,"NeowsBlessing":0,"Quantum Egg":39,"hubris:FruitBowl":2,"infinitespire:Cubic Diamond":8,"hubris:MysteriousPyramids":28,"hubris:EmptyBottle":42,"PrismaticShard":20,"Question Card":47,"hubris:TerracottaHorce":17,"Nuclear Battery":34,"reliquary:HotPoker":2,"m_SlimeRing":8,"ReplayTheSpireMod:Shallot":9,"Bird Faced Urn":23,"Strawberry":26,"reliquary:Buckler":7,"Red Mask":31,"Garlic":40,"Durian":42,"Cracked Core":0,"Ring of the Snake":4},{"hubris:KleinBottle":1,"ReplayTheSpireMod:Ninjato":3,"Calipers":18,"NeowsBlessing":0,"Quantum Egg":16,"hubris:FruitBowl":1,"infinitespire:Cubic Diamond":2,"hubris:MysteriousPyramids":10,"hubris:EmptyBottle":18,"PrismaticShard":7,"Question Card":21,"hubris:TerracottaHorce":5,"Nuclear Battery":13,"reliquary:HotPoker":1,"m_SlimeRing":2,"ReplayTheSpireMod:Shallot":2,"Bird Faced Urn":9,"Strawberry":9,"reliquary:Buckler":2,"Red Mask":12,"Garlic":17,"Durian":18,"Cracked Core":0,"Ring of the Snake":1},{"hubris:KleinBottle":1,"ReplayTheSpireMod:Ninjato":7,"Calipers":80,"NeowsBlessing":0,"Quantum Egg":69,"hubris:FruitBowl":1,"infinitespire:Cubic Diamond":2,"hubris:MysteriousPyramids":44,"hubris:EmptyBottle":80,"PrismaticShard":23,"Question Card":97,"hubris:TerracottaHorce":17,"Nuclear Battery":58,"reliquary:HotPoker":1,"m_SlimeRing":2,"ReplayTheSpireMod:Shallot":2,"Bird Faced Urn":38,"Strawberry":38,"reliquary:Buckler":2,"Red Mask":53,"Garlic":76,"Durian":80,"Cracked Core":0,"Ring of the Snake":1}],"Ring of the Snake":[44]},"card_choices":[{"not_picked":["Conserve Battery","Steam"],"picked":"Redo","floor":1.0},{"not_picked":["infinitespire:FutureSight","infinitespire:Starlight"],"picked":"hubris:Rewind","floor":2.0},{"not_picked":["Undo","Lockon"],"picked":"Barrage","floor":7.0},{"not_picked":["conspire:SharedLibrary","Streamline"],"picked":"ReplayTheSpireMod:Dual Polarity","floor":11.0},{"not_picked":["Aggregate","Auto Shields","BootSequence"],"picked":"SKIP","floor":13.0},{"not_picked":["Aggregate","Auto Shields","BootSequence"],"picked":"SKIP","floor":13.0},{"not_picked":["Creative AI","hubris:Prefetch"],"picked":"Mirror Shield","floor":16.0},{"not_picked":["Stack","Go for the Eyes"],"picked":"Barrage+1","floor":18.0},{"not_picked":["Beam Cell+1","Leap+1"],"picked":"Fusion+1","floor":19.0},{"not_picked":["Sweeping Beam","Reboot"],"picked":"aspiration:Polymerization+1","floor":20.0},{"not_picked":["Guardian:PrimingBeam","Slimebound:ComboTackle"],"picked":"Wireheading+1","floor":21.0},{"not_picked":["Guardian:WalkerClaw","StSpp:Dive","bronze:ItsAFeature"],"picked":"SKIP","floor":23.0},{"not_picked":["Rampage","Slimebound:LeechLife"],"picked":"Disarm","floor":28.0},{"not_picked":["Guardian:RefractedBeam","hexamod:SwordOfDarkness+1"],"picked":"hexamod:NightmareStrike+1","floor":30.0},{"not_picked":["hexamod:SearingWound","bronze:HyperBeam"],"picked":"expansioncontent:DashGenerateEvil","floor":33},{"not_picked":["champ:SetATrap+1","champ:PerfectedStrike+1"],"picked":"champ:EnGarde+1","floor":35},{"not_picked":["Guardian:TemporalStrike+1","Shrug It Off+1"],"picked":"sneckomod:UnknownClassTHE_CHAMP_GRAY","floor":37},{"not_picked":["Slimebound:Gluttony+1","Guardian:Harden","FearNoEvil"],"picked":"SKIP","floor":38},{"not_picked":["sneckomod:UnknownWeak+1","Guardian:Orbwalk"],"picked":"Coolheaded+1","floor":40},{"not_picked":["hexamod:ThermalTransfer","champ:Shatter"],"picked":"Slimebound:FormOfPuddle","floor":41},{"not_picked":["Slimebound:ForwardTackle","Beam Cell","Thunderclap+1"],"picked":"SKIP","floor":45},{"not_picked":["Guardian:ShieldSpikes","Prostrate"],"picked":"ReplayReversal","floor":46},{"not_picked":["Slimebound:GoopSpray","hexamod:RadiantFlame+1","hexamod:Hexaguard"],"picked":"SKIP","floor":47},{"not_picked":["Seeing Red","Slimebound:LeechingTouch+1","Blind","ReplayTheSpireMod:Strike From Hell+1"],"picked":"SKIP","floor":48}],"player_experience":669268,"relics_obtained":[{"floor":7.0,"key":"reliquary:Buckler"},{"floor":9.0,"key":"ReplayTheSpireMod:Shallot"},{"floor":11.0,"key":"ReplayTheSpireMod:Ninjato"},{"floor":20.0,"key":"PrismaticShard"},{"floor":23.0,"key":"Bird Faced Urn"},{"floor":26.0,"key":"Strawberry"},{"floor":28.0,"key":"hubris:MysteriousPyramids"},{"floor":31.0,"key":"Red Mask"},{"floor":39,"key":"Quantum Egg"},{"floor":40,"key":"Garlic"},{"floor":43,"key":"Calipers"},{"floor":47,"key":"Question Card"}],"event_choices":[{"damage_healed":0.0,"max_hp_gain":0.0,"max_hp_loss":0.0,"gold_gain":0.0,"event_name":"Upgrade Shrine","player_choice":"Upgraded","floor":10.0,"gold_loss":0.0,"damage_taken":0.0,"cards_upgraded":["Deadly Poison"]},{"damage_healed":0.0,"max_hp_gain":0.0,"max_hp_loss":0.0,"gold_gain":0.0,"event_name":"conspire:Investor","player_choice":"Invest 1","floor":22.0,"gold_loss":0.0,"damage_taken":0.0},{"damage_healed":0.0,"max_hp_gain":0.0,"max_hp_loss":0.0,"gold_gain":0.0,"event_name":"Designer","player_choice":"Upgrade","floor":25.0,"gold_loss":40.0,"damage_taken":0.0,"cards_upgraded":["Mirror Shield"]},{"damage_healed":0.0,"max_hp_gain":0.0,"max_hp_loss":0.0,"gold_gain":0.0,"event_name":"Masked Bandits","player_choice":"Fought Bandits","floor":31.0,"gold_loss":0.0,"damage_taken":0.0}],"is_beta":false,"boss_relics":[{"not_picked":["infinitespire:Cupcake","Empty Cage"],"picked":"hubris:TerracottaHorce"},{"not_picked":["reliquary:KinkedSpring","reliquary:RedPaperclip"],"picked":"Nuclear Battery"}],"items_purged_floors":[3],"is_endless":false,"potions_floor_spawned":[13,18,28,31,38,40,41,46],"ascension_level":0}}