{"host":"q9718omregw4er46","time":1612214211,"event":{"mods":["BaseMod","Minty Spire (QoL Compilation)","Quick Restart","Relic Stats"],"gold_per_floor":[116,135,149,149,164,207,207,238,263,263,282,326,326,340,340,434,434,447,472,472,485,114,154,69,69,139,172,222,286,50,70,70,166,166,184,199,230,324,324,362,362,411,435,474,474,523,523,561,561,586,586,586,586,131,162,187],"floor_reached":57,"language":"ENG","playtime":4874,"items_purged":["Normality","Strike_P"],"score":3140,"play_id":"8fe32cb2-e26f-4627-8928-87b747a63744","local_time":"20210202021651","is_ascension_mode":true,"campfire_choices":[{"data":"EmptyFist","floor":7.0,"key":"SMITH"},{"data":"Devotion","floor":13.0,"key":"SMITH"},{"data":"Halt","floor":15.0,"key":"SMITH"},{"data":"HandOfGreed","floor":25.0,"key":"SMITH"},{"data":"CutThroughFate","floor":32.0,"key":"SMITH"},{"floor":41.0,"key":"RECALL"},{"data":"Fasting2","floor":47.0,"key":"SMITH"},{"data":"ThirdEye","floor":49.0,"key":"SMITH"},{"data":"DeusExMachina","floor":53.0,"key":"SMITH"}],"circlet_count":0,"master_deck":["AscendersBane","Strike_P+1","Strike_P+1","Defend_P+1","Defend_P","Defend_P+1","Defend_P+1","Eruption+1","Vigilance","EmptyFist+1","FollowUp","Tantrum+1","Consecrate+1","DeusExMachina+1","Devotion+1","Halt+1","DeusExMachina+1","Adaptation","Prostrate+1","HandOfGreed+1","LessonLearned+1","CutThroughFate+1","Collect+1","Study+1","MasterReality+1","ThirdEye+1","Prostrate+1","Worship","Madness","Madness","ForeignInfluence+1","Fasting2+1","Fasting2+1","EmptyMind+1","CutThroughFate"],"relics":["PureWater","Dead Branch","Golden Idol","Damaru","Strawberry","Bronze Scales","Whetstone","Cursed Key","ClockworkSouvenir","Eternal Feather","FossilizedHelix","White Beast Statue","MealTicket","Bag of Preparation","Omamori","Calling Bell","Anchor","Sundial","Torii","Calipers","Mango","Potion Belt","Pantograph","Bottled Flame","Membership Card","Lizard Tail","TungstenRod"],"acts_visited":["Exordium","TheCity","TheBeyond","TheEnding"],"potions_floor_usage":[56,56,56],"damage_taken":[{"damage":11.0,"enemies":"Small Slimes","floor":1.0,"turns":6.0},{"damage":0.0,"enemies":"Jaw Worm","floor":2.0,"turns":3.0},{"damage":0.0,"enemies":"Cultist","floor":3.0,"turns":2.0},{"damage":0.0,"enemies":"Looter","floor":5.0,"turns":3.0},{"damage":16.0,"enemies":"Gremlin Nob","floor":6.0,"turns":3.0},{"damage":17.0,"enemies":"Lagavulin","floor":8.0,"turns":5.0},{"damage":0.0,"enemies":"Exordium Wildlife","floor":11.0,"turns":2.0},{"damage":0.0,"enemies":"3 Sentries","floor":12.0,"turns":2.0},{"damage":0.0,"enemies":"2 Fungi Beasts","floor":14.0,"turns":1.0},{"damage":10.0,"enemies":"Hexaghost","floor":16.0,"turns":5.0},{"damage":0.0,"enemies":"3 Byrds","floor":18.0,"turns":3.0},{"damage":5.0,"enemies":"Shell Parasite","floor":19.0,"turns":4.0},{"damage":1.0,"enemies":"Chosen and Byrds","floor":21.0,"turns":3.0},{"damage":3.0,"enemies":"Book of Stabbing","floor":23.0,"turns":3.0},{"damage":0.0,"enemies":"Gremlin Leader","floor":27.0,"turns":5.0},{"damage":15.0,"enemies":"Snake Plant","floor":28.0,"turns":5.0},{"damage":0.0,"enemies":"Slavers","floor":29.0,"turns":4.0},{"damage":7.0,"enemies":"Cultist and Chosen","floor":31.0,"turns":4.0},{"damage":16.0,"enemies":"Automaton","floor":33.0,"turns":9.0},{"damage":0.0,"enemies":"Orb Walker","floor":35.0,"turns":3.0},{"damage":0.0,"enemies":"3 Darklings","floor":36.0,"turns":3.0},{"damage":0.0,"enemies":"Mind Bloom Boss Battle","floor":37.0,"turns":4.0},{"damage":0.0,"enemies":"2 Orb Walkers","floor":38.0,"turns":3.0},{"damage":0.0,"enemies":"Reptomancer","floor":40.0,"turns":4.0},{"damage":1.0,"enemies":"Sphere and 2 Shapes","floor":42.0,"turns":5.0},{"damage":13.0,"enemies":"Giant Head","floor":44.0,"turns":6.0},{"damage":0.0,"enemies":"4 Shapes","floor":46.0,"turns":10.0},{"damage":8.0,"enemies":"Nemesis","floor":48.0,"turns":7.0},{"damage":25.0,"enemies":"Awakened One","floor":50.0,"turns":14.0},{"damage":51.0,"enemies":"Time Eater","floor":51.0,"turns":5.0},{"damage":11.0,"enemies":"Shield and Spear","floor":55.0,"turns":4.0},{"damage":24,"enemies":"The Heart","floor":56,"turns":8}],"seed_played":"-1084769166772005022","potions_obtained":[{"floor":1.0,"key":"Ambrosia"},{"floor":5.0,"key":"FearPotion"},{"floor":8.0,"key":"BottledMiracle"},{"floor":16.0,"key":"SkillPotion"},{"floor":27.0,"key":"Dexterity Potion"},{"floor":29.0,"key":"DuplicationPotion"},{"floor":33.0,"key":"PowerPotion"},{"floor":38.0,"key":"LiquidBronze"},{"floor":40.0,"key":"ColorlessPotion"},{"floor":42.0,"key":"Dexterity Potion"},{"floor":44.0,"key":"Explosive Potion"},{"floor":46.0,"key":"EntropicBrew"}],"is_trial":false,"path_per_floor":["M","M","M","?","M","E","R","E","T","?","M","E","R","M","R","B",null,"M","M","?","M","$","E","?","R","T","E","M","E","$","M","R","B",null,"M","M","?","?","?","E","R","M","T","E","T","M","R","E","R","B","B",null,"R","$","E","B",null],"character_chosen":"WATCHER","items_purchased":["ClockworkSouvenir","HandOfGreed","Omamori","Membership Card","GamblersBrew","Lizard Tail","CutThroughFate"],"campfire_rested":0,"item_purchase_floors":[22,22,30,54,54,54,54],"current_hp_per_floor":[50,50,50,50,50,34,34,24,24,24,24,24,24,24,24,14,51,51,46,46,45,45,42,42,54,54,54,39,39,54,47,62,46,59,59,59,59,73,59,59,77,76,76,63,63,63,77,69,77,52,26,64,77,77,66,53],"gold":187,"neow_bonus":"ONE_RARE_RELIC","is_daily":false,"chose_seed":false,"campfire_upgraded":8,"win_rate":0.0,"timestamp":1612214211,"path_taken":["M","M","M","?","M","E","R","E","T","?","M","E","R","M","R","BOSS","M","M","?","M","$","E","?","R","T","E","M","E","?","M","R","BOSS","M","M","?","?","?","E","R","M","T","E","?","?","R","E","R","BOSS","BOSS","R","$","E","BOSS"],"items_purchased_type":["Relic","Card","Relic","Relic","Potion","Relic","Card"],"build_version":"2020-12-22","purchased_purges":2,"victory":true,"max_hp_per_floor":[62,62,62,56,56,56,56,63,63,63,63,63,63,63,63,63,63,63,63,63,63,63,63,63,63,63,63,63,63,63,63,63,63,63,63,63,63,77,77,77,77,77,77,77,77,77,77,77,77,77,77,77,77,77,77,77],"relic_stats":{"Torii":23,"counters":[32,148],"Golden Idol":241,"Dead Branch":[362],"Eternal Feather":80,"Bag of Preparation":[31],"Whetstone":["Tantrum","Strike_P"],"Cursed Key":2,"Lizard Tail":0,"Sundial":[8],"Bronze Scales":[464],"Pantograph":36,"MealTicket":15,"obtain_stats":[{"Calipers":37,"Torii":34,"Mango":38,"Bag of Preparation":29,"Whetstone":12,"Cursed Key":17,"ClockworkSouvenir":22,"Lizard Tail":54,"Sundial":34,"Strawberry":8,"Pantograph":44,"MealTicket":27,"Potion Belt":40,"Golden Idol":4,"Dead Branch":0,"Damaru":6,"Eternal Feather":23,"Omamori":30,"White Beast Statue":26,"Calling Bell":34,"Anchor":34,"Bottled Flame":48,"Bronze Scales":9,"Membership Card":54,"PureWater":0,"FossilizedHelix":24,"TungstenRod":55},{"Calipers":22,"Torii":19,"Mango":23,"Bag of Preparation":17,"Whetstone":8,"Cursed Key":10,"ClockworkSouvenir":13,"Lizard Tail":30,"Sundial":19,"Strawberry":6,"Pantograph":26,"MealTicket":15,"Potion Belt":24,"Golden Idol":3,"Dead Branch":0,"Damaru":5,"Eternal Feather":14,"Omamori":17,"White Beast Statue":14,"Calling Bell":19,"Anchor":19,"Bottled Flame":28,"Bronze Scales":6,"Membership Card":30,"PureWater":0,"FossilizedHelix":14,"TungstenRod":31},{"Calipers":82,"Torii":72,"Mango":85,"Bag of Preparation":59,"Whetstone":26,"Cursed Key":32,"ClockworkSouvenir":42,"Lizard Tail":136,"Sundial":72,"Strawberry":22,"Pantograph":100,"MealTicket":50,"Potion Belt":89,"Golden Idol":11,"Dead Branch":0,"Damaru":17,"Eternal Feather":45,"Omamori":59,"White Beast Statue":45,"Calling Bell":72,"Anchor":72,"Bottled Flame":117,"Bronze Scales":22,"Membership Card":136,"PureWater":0,"FossilizedHelix":45,"TungstenRod":140}],"TungstenRod":23},"card_choices":[{"not_picked":["BowlingBash","Meditate"],"picked":"EmptyFist","floor":1.0},{"not_picked":["Evaluate","EmptyBody"],"picked":"FollowUp","floor":2.0},{"not_picked":["CrushJoints","ClearTheMind"],"picked":"Tantrum","floor":3.0},{"not_picked":["Tantrum","Crescendo","PathToVictory"],"picked":"SKIP","floor":5.0},{"not_picked":["SpiritShield","FollowUp"],"picked":"Consecrate","floor":6.0},{"not_picked":["JustLucky","Fasting2"],"picked":"DeusExMachina","floor":8.0},{"not_picked":["Protect","SandsOfTime","DeceiveReality"],"picked":"SKIP","floor":11.0},{"not_picked":["Perseverance","BowlingBash","PathToVictory"],"picked":"SKIP","floor":12.0},{"not_picked":["Vengeance","CutThroughFate"],"picked":"Halt","floor":14.0},{"not_picked":["Alpha","Establishment"],"picked":"DeusExMachina","floor":16.0},{"not_picked":["SashWhip+1","FollowUp","Crescendo"],"picked":"SKIP","floor":18.0},{"not_picked":["ClearTheMind","ReachHeaven"],"picked":"Adaptation","floor":19.0},{"not_picked":["FlurryOfBlows","InnerPeace"],"picked":"Prostrate+1","floor":21.0},{"not_picked":["CrushJoints","FlyingSleeves"],"picked":"LessonLearned","floor":23.0},{"not_picked":["BowlingBash","Consecrate","LessonLearned"],"picked":"SKIP","floor":27.0},{"not_picked":["Vengeance","ThirdEye"],"picked":"CutThroughFate","floor":28.0},{"not_picked":["WindmillStrike","EmptyBody"],"picked":"Collect","floor":29.0},{"not_picked":["FollowUp","CrushJoints"],"picked":"Study","floor":31.0},{"not_picked":["Wish","Judgement"],"picked":"MasterReality","floor":33.0},{"not_picked":["CrushJoints","EmptyFist","Vengeance"],"picked":"SKIP","floor":35.0},{"not_picked":["Perseverance+1","Vengeance+1"],"picked":"ThirdEye","floor":36.0},{"not_picked":["FlyingSleeves+1","EmptyFist"],"picked":"Prostrate+1","floor":37.0},{"not_picked":["MentalFortress","Wireheading"],"picked":"Worship","floor":38.0},{"not_picked":["BattleHymn+1","Wallop"],"picked":"ForeignInfluence+1","floor":40.0},{"not_picked":["FlurryOfBlows+1","EmptyFist"],"picked":"Fasting2","floor":42.0},{"not_picked":["Perseverance","InnerPeace"],"picked":"Fasting2","floor":44.0},{"not_picked":["WaveOfTheHand","ClearTheMind"],"picked":"EmptyMind","floor":46.0},{"not_picked":["Halt","FearNoEvil","Devotion"],"picked":"SKIP","floor":48.0},{"not_picked":["EmptyFist+1","Pray+1","ForeignInfluence"],"picked":"SKIP","floor":55.0}],"player_experience":772387,"relics_obtained":[{"floor":6.0,"key":"Damaru"},{"floor":8.0,"key":"Strawberry"},{"floor":9.0,"key":"Bronze Scales"},{"floor":12.0,"key":"Whetstone"},{"floor":23.0,"key":"Eternal Feather"},{"floor":26.0,"key":"White Beast Statue"},{"floor":27.0,"key":"MealTicket"},{"floor":29.0,"key":"Bag of Preparation"},{"floor":34.0,"key":"Anchor"},{"floor":34.0,"key":"Sundial"},{"floor":34.0,"key":"Torii"},{"floor":37.0,"key":"Calipers"},{"floor":38.0,"key":"Mango"},{"floor":40.0,"key":"Potion Belt"},{"floor":44.0,"key":"Pantograph"},{"floor":48.0,"key":"Bottled Flame"},{"floor":55.0,"key":"TungstenRod"}],"event_choices":[{"damage_healed":0.0,"max_hp_gain":0.0,"max_hp_loss":6.0,"gold_gain":0.0,"event_name":"Golden Idol","player_choice":"Lose Max HP","floor":4.0,"gold_loss":0.0,"damage_taken":0.0,"relics_obtained":["Golden Idol"]},{"damage_healed":0.0,"max_hp_gain":0.0,"max_hp_loss":0.0,"gold_gain":0.0,"cards_transformed":["Strike_P"],"event_name":"Transmorgrifier","player_choice":"Transformed","floor":10.0,"gold_loss":0.0,"damage_taken":0.0,"cards_obtained":["Devotion"]},{"damage_healed":0.0,"max_hp_gain":0.0,"max_hp_loss":0.0,"gold_gain":0.0,"event_name":"Vampires","player_choice":"Ignored","floor":20.0,"gold_loss":0.0,"damage_taken":0.0},{"damage_healed":0.0,"max_hp_gain":0.0,"max_hp_loss":0.0,"gold_gain":0.0,"event_name":"Addict","player_choice":"Obtained Relic","floor":24.0,"gold_loss":85.0,"damage_taken":0.0,"relics_obtained":["FossilizedHelix"]},{"damage_healed":0.0,"max_hp_gain":0.0,"max_hp_loss":0.0,"gold_gain":0.0,"event_name":"MindBloom","player_choice":"Fight","floor":37.0,"gold_loss":0.0,"damage_taken":0.0},{"damage_healed":0.0,"max_hp_gain":0.0,"max_hp_loss":0.0,"gold_gain":0.0,"event_name":"Mysterious Sphere","player_choice":"Fight","floor":38.0,"gold_loss":0.0,"damage_taken":0.0},{"damage_healed":0.0,"max_hp_gain":0.0,"max_hp_loss":0.0,"gold_gain":0.0,"event_name":"Winding Halls","player_choice":"Embrace Madness","floor":39.0,"gold_loss":0.0,"damage_taken":14.0,"cards_obtained":["Madness","Madness"]}],"is_beta":false,"boss_relics":[{"not_picked":["Empty Cage","Astrolabe"],"picked":"Cursed Key"},{"not_picked":["SlaversCollar","Sozu"],"picked":"Calling Bell"}],"items_purged_floors":[30,54],"is_endless":false,"potions_floor_spawned":[1,5,8,14,16,19,27,28,29,31,33,35,36,37,38,40,42,44,46,48,55],"ascension_level":20}}