{"host":"13o02hya6v6rzuva","time":1612172712,"event":{"mods":["BaseMod","Minty Spire (QoL Compilation)","Relic Stats"],"gold_per_floor":[111,9,19,30,30,64,64,81,108,108,208,208,242,257,257,355,355,366,366,378,397,415,415,415,415,460,480,494,494,513,546,546,546,546],"floor_reached":33,"language":"ENG","playtime":1120,"items_purged":[],"score":419,"play_id":"04a78511-950e-4dfe-ac2e-13e65407b867","local_time":"20210201104512","is_ascension_mode":true,"campfire_choices":[{"data":"Noxious Fumes","floor":10,"key":"SMITH"},{"floor":12,"key":"REST"},{"data":"Bouncing Flask","floor":15,"key":"SMITH"},{"floor":23,"key":"REST"},{"data":"Blur","floor":25,"key":"SMITH"},{"floor":29,"key":"REST"},{"floor":32,"key":"REST"}],"circlet_count":0,"master_deck":["AscendersBane","Strike_G+1","Strike_G+1","Strike_G+1","Defend_G+1","Defend_G+1","Defend_G+1","Defend_G+1","Defend_G+1","Survivor","Neutralize+1","Poisoned Stab","Noxious Fumes+1","Poisoned Stab","Blur+1","PiercingWail","Backstab","Bane","Dodge and Roll","Bouncing Flask+1","Burst","Leg Sweep+1","Backflip+1","Corpse Explosion","Dash"],"relics":["Ring of the Snake","Bag of Marbles","Smiling Mask","Vajra","Empty Cage","MutagenicStrength","Pen Nib"],"acts_visited":["Exordium","TheCity"],"potions_floor_usage":[21,21,21,31,31],"damage_taken":[{"damage":3,"enemies":"Cultist","floor":1,"turns":6},{"damage":0,"enemies":"Small Slimes","floor":3,"turns":2},{"damage":7,"enemies":"2 Louse","floor":4,"turns":3},{"damage":25,"enemies":"Lagavulin","floor":6,"turns":7},{"damage":2,"enemies":"Blue Slaver","floor":8,"turns":3},{"damage":12,"enemies":"Gremlin Nob","floor":13,"turns":3},{"damage":0,"enemies":"Exordium Thugs","floor":14,"turns":3},{"damage":3,"enemies":"Hexaghost","floor":16,"turns":8},{"damage":0,"enemies":"Spheric Guardian","floor":18,"turns":2},{"damage":9,"enemies":"Chosen","floor":20,"turns":5},{"damage":13,"enemies":"3 Cultists","floor":21,"turns":5},{"damage":10,"enemies":"Snake Plant","floor":22,"turns":3},{"damage":12,"enemies":"Snecko","floor":27,"turns":4},{"damage":14,"enemies":"Centurion and Healer","floor":28,"turns":6},{"damage":2,"enemies":"Snake Plant","floor":30,"turns":4},{"damage":9,"enemies":"Slavers","floor":31,"turns":3},{"damage":58,"enemies":"Collector","floor":33,"turns":8}],"seed_played":"-5014283338605811222","potions_obtained":[{"floor":3,"key":"LiquidBronze"},{"floor":4,"key":"Strength Potion"},{"floor":6,"key":"Poison Potion"},{"floor":8,"key":"Weak Potion"},{"floor":21,"key":"BlessingOfTheForge"},{"floor":28,"key":"LiquidMemories"}],"is_trial":false,"path_per_floor":["M","$","M","M","$","E","?","M","T","R","?","R","E","M","R","B",null,"M","?","M","M","M","R","?","R","T","M","M","R","M","E","R","B"],"character_chosen":"THE_SILENT","items_purchased":["Noxious Fumes","Poisoned Stab"],"campfire_rested":4,"item_purchase_floors":[2,2],"current_hp_per_floor":[60,60,60,53,53,28,28,26,26,26,26,47,35,35,35,32,61,61,61,52,39,29,50,50,50,50,38,24,45,43,34,55,0,0],"gold":546,"neow_bonus":"UPGRADE_CARD","is_daily":false,"chose_seed":false,"campfire_upgraded":3,"win_rate":0.0,"timestamp":1612172712,"path_taken":["M","$","M","M","?","E","?","M","T","R","?","R","E","?","R","BOSS","M","?","M","M","M","R","?","R","T","M","M","R","?","E","R","BOSS"],"items_purchased_type":["Card","Card"],"build_version":"2020-12-22","purchased_purges":0,"victory":false,"max_hp_per_floor":[70,70,70,70,70,70,70,70,70,70,70,70,70,70,70,70,70,70,70,70,70,70,70,70,70,70,70,70,70,70,70,70,70,70],"relic_stats":{"counters":[17,75],"Pen Nib":[1],"Smiling Mask":0,"obtain_stats":[{"MutagenicStrength":24,"Vajra":13,"Pen Nib":31,"Bag of Marbles":6,"Smiling Mask":9,"Empty Cage":17,"Ring of the Snake":0},{"MutagenicStrength":12,"Vajra":6,"Pen Nib":16,"Bag of Marbles":4,"Smiling Mask":5,"Empty Cage":8,"Ring of the Snake":0},{"MutagenicStrength":50,"Vajra":24,"Pen Nib":67,"Bag of Marbles":18,"Smiling Mask":21,"Empty Cage":35,"Ring of the Snake":0}],"Ring of the Snake":[34]},"card_choices":[{"not_picked":["Dodge and Roll","Dagger Throw"],"picked":"Poisoned Stab","floor":1},{"not_picked":["Flying Knee","Expertise"],"picked":"Blur","floor":3},{"not_picked":["Leg Sweep","Reflex"],"picked":"PiercingWail","floor":4},{"not_picked":["Underhanded Strike","Prepared"],"picked":"Backstab","floor":6},{"not_picked":["Deadly Poison","Deflect"],"picked":"Bane","floor":8},{"not_picked":["Night Terror","Slice"],"picked":"Dodge and Roll","floor":13},{"not_picked":["Outmaneuver","Backflip"],"picked":"Bouncing Flask","floor":14},{"not_picked":["Storm of Steel","A Thousand Cuts"],"picked":"Burst","floor":16},{"not_picked":["Dash","Slice"],"picked":"Leg Sweep+1","floor":18},{"not_picked":["Acrobatics","Skewer","Cloak And Dagger"],"picked":"SKIP","floor":20},{"not_picked":["Bane","Terror","Leg Sweep"],"picked":"SKIP","floor":21},{"not_picked":["Bane","Blade Dance","Blur"],"picked":"SKIP","floor":22},{"not_picked":["Deadly Poison","Bane+1"],"picked":"Backflip+1","floor":27},{"not_picked":["Accuracy+1","Sucker Punch"],"picked":"Corpse Explosion","floor":28},{"not_picked":["Dagger Spray","Endless Agony","Acrobatics"],"picked":"SKIP","floor":30},{"not_picked":["Dodge and Roll","Finisher+1"],"picked":"Dash","floor":31}],"player_experience":1169671,"relics_obtained":[{"floor":6,"key":"Bag of Marbles"},{"floor":9,"key":"Smiling Mask"},{"floor":13,"key":"Vajra"},{"floor":31,"key":"Pen Nib"}],"event_choices":[{"damage_healed":0,"gold_gain":0,"player_choice":"Fled","damage_taken":0,"max_hp_gain":0,"max_hp_loss":0,"event_name":"Scrap Ooze","floor":7,"gold_loss":0},{"damage_healed":0,"gold_gain":100,"player_choice":"Gold","damage_taken":0,"max_hp_gain":0,"max_hp_loss":0,"event_name":"Wheel of Change","floor":11,"gold_loss":0},{"damage_healed":0,"gold_gain":0,"player_choice":"Simplicity","damage_taken":0,"max_hp_gain":0,"max_hp_loss":0,"event_name":"Back to Basics","floor":19,"gold_loss":0,"cards_upgraded":["Strike_G","Strike_G","Strike_G","Defend_G","Defend_G","Defend_G","Defend_G","Defend_G"]},{"damage_healed":0,"gold_gain":0,"player_choice":"Inject Mutagens","damage_taken":0,"relics_obtained":["MutagenicStrength"],"max_hp_gain":0,"max_hp_loss":0,"event_name":"Drug Dealer","floor":24,"gold_loss":0}],"is_beta":false,"boss_relics":[{"not_picked":["SlaversCollar","Coffee Dripper"],"picked":"Empty Cage"}],"items_purged_floors":[],"is_endless":false,"potions_floor_spawned":[3,4,6,8,16,18,21,28],"killed_by":"Collector","ascension_level":10}}