{"host":"q4it2kuxo1wuupt6","time":1612143209,"event":{"mods":["Act Like it!","BaseMod","Dota2Spire","Friendly Minions","GifTheSpireLib","Minty Spire (QoL Compilation)","StSLib","The Alterego","yUi"],"gold_per_floor":[111,186,361,377,84,114,114,149,200,220,220,220,232,242,242,340,340,353,367,367,367],"floor_reached":20,"language":"ZHS","playtime":2647,"items_purged":["Doubt"],"score":209,"play_id":"a1c72653-7f9b-4251-bcf1-dfb931070165","local_time":"20210201093329","is_ascension_mode":false,"campfire_choices":[{"data":"alterego_mod:Impale","floor":7.0,"key":"SMITH"},{"data":"alterego_mod:IndependentAction","floor":11.0,"key":"SMITH"},{"data":"alterego_mod:HighServant","floor":15.0,"key":"SMITH"}],"circlet_count":0,"master_deck":["alterego_mod:Strike","alterego_mod:Strike","alterego_mod:Strike","alterego_mod:Strike","alterego_mod:Defend","alterego_mod:Defend","alterego_mod:Defend","alterego_mod:Defend","alterego_mod:Impale+1","alterego_mod:BigMeatyClaws","alterego_mod:BrynhildrsRune","alterego_mod:GoddessCore","alterego_mod:DeftHands","alterego_mod:IndependentAction+1","alterego_mod:HighServant+1","alterego_mod:Bounce","alterego_mod:Exercise","alterego_mod:Clones","alterego_mod:ClassAdvantage","alterego_mod:Rip+1","alterego_mod:STier"],"relics":["alterego_mod:MasochisticConstitution","NeowsBlessing","Dota2Spire:ShadowBlade","Dota2Spire:DrumOfEndurance","Gremlin Horn","Philosopher\u0027s Stone"],"acts_visited":["Exordium","TheCity"],"potions_floor_usage":[20],"damage_taken":[{"damage":0.0,"enemies":"2 Louse","floor":1.0,"turns":1.0},{"damage":0.0,"enemies":"Jaw Worm","floor":4.0,"turns":1.0},{"damage":0.0,"enemies":"Gremlin Nob","floor":6.0,"turns":1.0},{"damage":25.0,"enemies":"Lagavulin","floor":8.0,"turns":6.0},{"damage":2.0,"enemies":"Cultist","floor":10.0,"turns":4.0},{"damage":9.0,"enemies":"Large Slime","floor":13.0,"turns":4.0},{"damage":2.0,"enemies":"Looter","floor":14.0,"turns":4.0},{"damage":8.0,"enemies":"Slime Boss","floor":16.0,"turns":6.0},{"damage":28,"enemies":"2 Thieves","floor":18,"turns":4},{"damage":38,"enemies":"Shell Parasite","floor":19,"turns":6},{"damage":25,"enemies":"Shelled Parasite and Fungi","floor":20,"turns":3}],"seed_played":"-497701706972280722","potions_obtained":[{"floor":4.0,"key":"Energy Potion"},{"floor":10.0,"key":"EssenceOfSteel"},{"floor":13.0,"key":"FearPotion"},{"floor":18,"key":"Explosive Potion"}],"is_trial":false,"path_per_floor":["M","?","?","M","$","E","R","E","T","M","R","?","M","M","R","B",null,"M","M","M"],"character_chosen":"The_Alterego","items_purchased":["Dota2Spire:ShadowBlade","alterego_mod:IndependentAction"],"campfire_rested":0,"item_purchase_floors":[5,5],"current_hp_per_floor":[70,59,59,59,59,59,59,35,35,41,41,46,52,51,51,44,80,53,23,0,0],"gold":367,"neow_bonus":"THREE_ENEMY_KILL","is_daily":false,"chose_seed":false,"campfire_upgraded":3,"win_rate":0.0,"timestamp":1612143209,"path_taken":["M","?","?","M","?","E","R","E","T","?","R","?","M","M","R","BOSS","M","M","M"],"items_purchased_type":["Relic","Card"],"build_version":"2020-12-22","purchased_purges":1,"victory":false,"max_hp_per_floor":[70,70,70,70,70,70,70,71,71,72,72,77,78,79,79,80,80,81,82,82,82],"card_choices":[{"not_picked":["alterego_mod:Belle","alterego_mod:MagicResistance"],"picked":"alterego_mod:GoddessCore","floor":1.0},{"not_picked":["alterego_mod:Punishment","alterego_mod:GoddessCore"],"picked":"alterego_mod:DeftHands","floor":4.0},{"not_picked":["alterego_mod:Punishment","alterego_mod:PerceptionDisorder"],"picked":"alterego_mod:HighServant","floor":6.0},{"not_picked":["alterego_mod:Birthday","alterego_mod:Maid","alterego_mod:PurpleHair"],"picked":"SKIP","floor":8.0},{"not_picked":["alterego_mod:MagicResistance","alterego_mod:Skirt"],"picked":"alterego_mod:Bounce","floor":10.0},{"not_picked":["alterego_mod:Complex","alterego_mod:DustData"],"picked":"alterego_mod:Exercise","floor":13.0},{"not_picked":["alterego_mod:Cooking","alterego_mod:1TonWallop"],"picked":"alterego_mod:Clones","floor":14.0},{"not_picked":["alterego_mod:PainIsPleasure","alterego_mod:Lift"],"picked":"alterego_mod:ClassAdvantage","floor":16.0},{"not_picked":["alterego_mod:MagicResistance+1","alterego_mod:Complex+1"],"picked":"alterego_mod:Rip+1","floor":18},{"not_picked":["alterego_mod:Bloomers+1","alterego_mod:Mirror+1"],"picked":"alterego_mod:STier","floor":19}],"player_experience":560593,"relics_obtained":[{"floor":6.0,"key":"Dota2Spire:DrumOfEndurance"},{"floor":8.0,"key":"Gremlin Horn"}],"event_choices":[{"damage_healed":0.0,"max_hp_gain":0.0,"max_hp_loss":0.0,"gold_gain":75.0,"event_name":"World of Goop","player_choice":"Gather Gold","floor":2.0,"gold_loss":0.0,"damage_taken":11.0},{"damage_healed":0.0,"max_hp_gain":0.0,"max_hp_loss":0.0,"gold_gain":175.0,"event_name":"Liars Game","player_choice":"AGREE","floor":3.0,"gold_loss":0.0,"damage_taken":0.0,"cards_obtained":["Doubt"]},{"damage_healed":0.0,"max_hp_gain":5.0,"max_hp_loss":0.0,"gold_gain":0.0,"event_name":"Big Fish","player_choice":"Donut","floor":12.0,"gold_loss":0.0,"damage_taken":0.0}],"is_beta":false,"boss_relics":[{"not_picked":["Snecko Eye","Ectoplasm"],"picked":"Philosopher\u0027s Stone"}],"items_purged_floors":[5],"is_endless":false,"potions_floor_spawned":[4,10,13,14,18],"killed_by":"Shelled Parasite and Fungi","ascension_level":0}}