{"host":"9n6i2vl93jt4o42q","time":1612140687,"event":{"mods":["BaseMod","Minty Spire (QoL Compilation)","Relic Stats"],"gold_per_floor":[110,126,136,147,147,147,159,159,159,159,159,159,185,185,185,259,259,279,297,297,58,75,107,107,124,177,277,277,277,277,44,44,119,119,132,132,178,178,28,28,62,39,62,28,44,44,44,0,0,0,0,0,0,0,31,31,31],"floor_reached":56,"language":"ENG","playtime":2781,"items_purged":["Strike_G"],"score":1874,"play_id":"ed1be500-bebb-4c7a-89b1-1ad8b79c96d7","local_time":"20210201015127","is_ascension_mode":true,"campfire_choices":[{"data":"1","floor":6,"key":"LIFT"},{"floor":8,"key":"REST"},{"data":"2","floor":10,"key":"LIFT"},{"data":"3","floor":12,"key":"LIFT"},{"data":"Dagger Spray","floor":15,"key":"SMITH"},{"floor":24,"key":"REST"},{"floor":29,"key":"REST"},{"data":"Defend_G","floor":30,"key":"PURGE"},{"data":"Strike_G","floor":32,"key":"PURGE"},{"floor":40,"key":"RECALL"},{"data":"Strike_G","floor":46,"key":"PURGE"},{"data":"Defend_G","floor":49,"key":"PURGE"},{"floor":53,"key":"REST"}],"circlet_count":0,"master_deck":["AscendersBane","Strike_G+1","Defend_G+1","Defend_G","Defend_G","Survivor","Neutralize","Backstab","Deflect","Heel Hook","Dagger Spray+1","Backflip","Finisher","Flying Knee","Adrenaline","Cloak And Dagger","Infinite Blades","Accuracy","Well Laid Plans","Sucker Punch","Dagger Spray","A Thousand Cuts","Terror","Infinite Blades","Glass Knife","CurseOfTheBell","Skewer+1","PanicButton","Master of Strategy","Dagger Spray+1","PiercingWail","Sucker Punch+1","Backflip","Accuracy","Caltrops+1"],"relics":["Ring of the Snake","Girya","CaptainsWheel","Mummified Hand","Fusion Hammer","WingedGreaves","Pen Nib","FossilizedHelix","Vajra","Peace Pipe","The Courier","MutagenicStrength","Calling Bell","MealTicket","Molten Egg 2","Mango","TungstenRod","Bag of Marbles","Orichalcum","Red Mask","Shuriken"],"acts_visited":["Exordium","TheCity","TheBeyond","TheEnding"],"potions_floor_usage":[13,16,23,27,33,50,56],"damage_taken":[{"damage":1,"enemies":"Cultist","floor":1,"turns":5},{"damage":0,"enemies":"2 Louse","floor":2,"turns":3},{"damage":1,"enemies":"Small Slimes","floor":3,"turns":4},{"damage":24,"enemies":"Exordium Thugs","floor":4,"turns":7},{"damage":0,"enemies":"Gremlin Gang","floor":7,"turns":3},{"damage":3,"enemies":"Gremlin Nob","floor":13,"turns":3},{"damage":10,"enemies":"Slime Boss","floor":16,"turns":8},{"damage":2,"enemies":"2 Thieves","floor":18,"turns":3},{"damage":0,"enemies":"Spheric Guardian","floor":19,"turns":2},{"damage":14,"enemies":"Snake Plant","floor":22,"turns":5},{"damage":30,"enemies":"Slavers","floor":23,"turns":4},{"damage":0,"enemies":"Sentry and Sphere","floor":25,"turns":3},{"damage":0,"enemies":"Colosseum Slavers","floor":27,"turns":1},{"damage":0,"enemies":"Colosseum Nobs","floor":27,"turns":3},{"damage":0,"enemies":"Champ","floor":33,"turns":7},{"damage":0,"enemies":"3 Darklings","floor":35,"turns":2},{"damage":23,"enemies":"2 Orb Walkers","floor":37,"turns":3},{"damage":2,"enemies":"Nemesis","floor":41,"turns":5},{"damage":1,"enemies":"3 Shapes","floor":45,"turns":3},{"damage":15,"enemies":"Time Eater","floor":50,"turns":7},{"damage":29,"enemies":"Donu and Deca","floor":51,"turns":7},{"damage":14,"enemies":"Shield and Spear","floor":55,"turns":6},{"damage":44,"enemies":"The Heart","floor":56,"turns":3}],"seed_played":"5315699908122646201","potions_obtained":[{"floor":2,"key":"PowerPotion"},{"floor":7,"key":"DistilledChaos"},{"floor":13,"key":"LiquidMemories"},{"floor":18,"key":"SpeedPotion"},{"floor":23,"key":"Fire Potion"},{"floor":33,"key":"Weak Potion"}],"is_trial":false,"path_per_floor":["M","M","M","M","?","R","M","R","T","R","?","R","E","?","R","B",null,"M","M","?","$","M","E","R","M","T","?","?","R","R","$","R","B",null,"M","?","?","?","$","R","E","$","T","$","M","R","?","?","R","B","B",null,"R","$","E","B"],"character_chosen":"THE_SILENT","items_purchased":["Accuracy","Pen Nib","Terror","Infinite Blades","SkillPotion","Bag of Marbles","PiercingWail","Backflip","Accuracy"],"campfire_rested":4,"item_purchase_floors":[21,21,31,31,31,39,39,42,44],"current_hp_per_floor":[58,58,57,33,15,15,15,33,33,33,33,33,30,30,30,20,50,48,48,48,48,34,4,22,22,22,22,22,40,40,40,40,40,69,69,59,36,61,61,61,59,61,61,61,60,60,58,58,58,43,14,47,58,58,44,0,0],"gold":31,"neow_bonus":"ONE_RARE_RELIC","is_daily":false,"chose_seed":false,"campfire_upgraded":1,"win_rate":0.0,"timestamp":1612140687,"path_taken":["M","?","M","M","?","R","M","R","T","R","?","R","E","?","R","BOSS","M","M","?","$","?","E","R","?","T","?","?","R","R","$","R","BOSS","M","?","?","?","$","R","E","?","T","$","?","R","?","?","R","BOSS","BOSS","R","$","E","BOSS"],"items_purchased_type":["Card","Relic","Card","Card","Potion","Relic","Card","Card","Card"],"build_version":"2020-12-22","purchased_purges":1,"victory":false,"max_hp_per_floor":[60,60,60,60,60,60,60,60,60,60,60,60,60,60,60,60,60,60,60,60,60,60,60,60,60,60,60,60,60,60,60,60,60,74,74,74,74,61,61,61,61,61,61,61,61,61,58,58,58,58,58,58,58,58,58,58,58],"relic_stats":{"Peace Pipe":4,"counters":[23,97],"Mummified Hand":[42],"Shuriken":[2],"MealTicket":2,"Pen Nib":[17],"Orichalcum":[42],"obtain_stats":[{"Girya":0,"Vajra":26,"Mango":34,"Pen Nib":21,"The Courier":27,"Orichalcum":41,"Peace Pipe":27,"Calling Bell":34,"CaptainsWheel":9,"Mummified Hand":13,"Shuriken":55,"MutagenicStrength":28,"MealTicket":34,"Molten Egg 2":34,"Fusion Hammer":17,"WingedGreaves":20,"Bag of Marbles":39,"Red Mask":48,"FossilizedHelix":23,"TungstenRod":37,"Ring of the Snake":0},{"Girya":0,"Vajra":12,"Mango":15,"Pen Nib":9,"The Courier":14,"Orichalcum":18,"Peace Pipe":14,"Calling Bell":15,"CaptainsWheel":5,"Mummified Hand":6,"Shuriken":22,"MutagenicStrength":14,"MealTicket":15,"Molten Egg 2":15,"Fusion Hammer":7,"WingedGreaves":9,"Bag of Marbles":17,"Red Mask":19,"FossilizedHelix":11,"TungstenRod":17,"Ring of the Snake":0},{"Girya":0,"Vajra":50,"Mango":61,"Pen Nib":38,"The Courier":54,"Orichalcum":71,"Peace Pipe":54,"Calling Bell":61,"CaptainsWheel":22,"Mummified Hand":25,"Shuriken":94,"MutagenicStrength":54,"MealTicket":61,"Molten Egg 2":61,"Fusion Hammer":33,"WingedGreaves":38,"Bag of Marbles":66,"Red Mask":74,"FossilizedHelix":47,"TungstenRod":66,"Ring of the Snake":0}],"TungstenRod":21,"Ring of the Snake":[46]},"card_choices":[{"not_picked":["Flying Knee","Quick Slash"],"picked":"Backstab","floor":1},{"not_picked":["Acrobatics","Outmaneuver"],"picked":"Deflect","floor":2},{"not_picked":["Setup","Wraith Form v2"],"picked":"Heel Hook","floor":3},{"not_picked":["Eviscerate","Slice"],"picked":"Dagger Spray","floor":4},{"not_picked":["Dodge and Roll","Quick Slash"],"picked":"Backflip","floor":7},{"not_picked":["Quick Slash","Escape Plan"],"picked":"Finisher","floor":13},{"not_picked":["Storm of Steel","Doppelganger"],"picked":"Adrenaline","floor":16},{"not_picked":["Sucker Punch","Noxious Fumes"],"picked":"Cloak And Dagger","floor":18},{"not_picked":["Setup","Blade Dance"],"picked":"Infinite Blades","floor":19},{"not_picked":["Bouncing Flask","Distraction"],"picked":"Well Laid Plans","floor":22},{"not_picked":["Flying Knee","Finisher"],"picked":"Sucker Punch","floor":23},{"not_picked":["Backstab","Outmaneuver+1"],"picked":"Dagger Spray","floor":25},{"not_picked":["Deadly Poison","Slice"],"picked":"A Thousand Cuts","floor":27},{"not_picked":["Venomology","Die Die Die"],"picked":"Glass Knife","floor":33},{"not_picked":["Caltrops+1","Slice+1"],"picked":"Skewer+1","floor":35},{"not_picked":["Purity","Thinking Ahead"],"picked":"PanicButton","floor":36},{"not_picked":["Dark Shackles","Magnetism"],"picked":"Master of Strategy","floor":36},{"not_picked":["Slice+1","Bane+1"],"picked":"Dagger Spray+1","floor":37},{"not_picked":["Outmaneuver","Dagger Spray+1"],"picked":"Sucker Punch+1","floor":41},{"not_picked":["Tools of the Trade","Dagger Throw+1","Dodge and Roll"],"picked":"SKIP","floor":45},{"not_picked":["Noxious Fumes","Sucker Punch+1"],"picked":"Caltrops+1","floor":55}],"player_experience":2369398,"relics_obtained":[{"floor":9,"key":"CaptainsWheel"},{"floor":13,"key":"Mummified Hand"},{"floor":20,"key":"WingedGreaves"},{"floor":23,"key":"FossilizedHelix"},{"floor":26,"key":"Vajra"},{"floor":27,"key":"Peace Pipe"},{"floor":27,"key":"The Courier"},{"floor":34,"key":"MealTicket"},{"floor":34,"key":"Molten Egg 2"},{"floor":34,"key":"Mango"},{"floor":37,"key":"TungstenRod"},{"floor":41,"key":"Orichalcum"},{"floor":55,"key":"Shuriken"}],"event_choices":[{"damage_healed":0,"gold_gain":0,"player_choice":"Entered Light","damage_taken":18,"max_hp_gain":0,"max_hp_loss":0,"event_name":"Shining Light","floor":5,"gold_loss":0,"cards_upgraded":["Defend_G","Strike_G"]},{"damage_healed":0,"gold_gain":0,"player_choice":"Ignored","damage_taken":0,"max_hp_gain":0,"max_hp_loss":0,"event_name":"Liars Game","floor":11,"gold_loss":0},{"damage_healed":0,"gold_gain":0,"cards_transformed":["Strike_G"],"player_choice":"Transformed","damage_taken":0,"max_hp_gain":0,"max_hp_loss":0,"event_name":"Transmorgrifier","floor":14,"gold_loss":0,"cards_obtained":["Flying Knee"]},{"damage_healed":0,"gold_gain":0,"player_choice":"Relic","damage_taken":0,"max_hp_gain":0,"max_hp_loss":0,"event_name":"Wheel of Change","floor":20,"gold_loss":0},{"damage_healed":0,"gold_gain":0,"player_choice":"Fight","damage_taken":0,"max_hp_gain":0,"max_hp_loss":0,"event_name":"Colosseum","floor":27,"gold_loss":0},{"damage_healed":0,"gold_gain":0,"player_choice":"Fought Nobs","damage_taken":0,"max_hp_gain":0,"max_hp_loss":0,"event_name":"Colosseum","floor":27,"gold_loss":0},{"damage_healed":0,"gold_gain":0,"player_choice":"Inject Mutagens","damage_taken":0,"relics_obtained":["MutagenicStrength"],"max_hp_gain":0,"max_hp_loss":0,"event_name":"Drug Dealer","floor":28,"gold_loss":0},{"damage_healed":0,"gold_gain":0,"player_choice":"Memory 3","damage_taken":10,"max_hp_gain":0,"max_hp_loss":0,"event_name":"SensoryStone","floor":36,"gold_loss":0},{"damage_healed":0,"gold_gain":0,"player_choice":"Fight","damage_taken":0,"max_hp_gain":0,"max_hp_loss":0,"event_name":"Mysterious Sphere","floor":37,"gold_loss":0},{"damage_healed":61,"gold_gain":0,"player_choice":"Heal","damage_taken":0,"max_hp_gain":0,"max_hp_loss":13,"event_name":"The Moai Head","floor":38,"gold_loss":0},{"damage_healed":0,"gold_gain":0,"player_choice":"Max HP","damage_taken":0,"max_hp_gain":0,"max_hp_loss":3,"event_name":"Winding Halls","floor":47,"gold_loss":0},{"damage_healed":0,"gold_gain":0,"player_choice":"Paid","damage_taken":0,"relics_obtained":["Red Mask"],"max_hp_gain":0,"max_hp_loss":0,"event_name":"Tomb of Lord Red Mask","floor":48,"gold_loss":44}],"is_beta":false,"boss_relics":[{"not_picked":["HoveringKite","Coffee Dripper"],"picked":"Fusion Hammer"},{"not_picked":["Cursed Key","Black Star"],"picked":"Calling Bell"}],"items_purged_floors":[31],"is_endless":false,"potions_floor_spawned":[2,7,13,18,23,25,33,35],"killed_by":"The Heart","ascension_level":20}}