{"host":"roto7j7840a50pxh","time":1612167050,"event":{"mods":["Act Like it!","BaseMod","Better Altar","Better Note","Better Sensory Stone","Better Skull","Better Third Choice","BetterRewards","Colored Map","Colored Powertips","Downfall","Hermit","Highlight Path","Hubris","Infinite Spire","Minty Spire (QoL Compilation)","Replay The Spire","Shade Mod","Spicy Shops","StSLib","The Construct","The Hierophant","The Necromancer"],"gold_per_floor":[99,99,99,99,99,134,158,258,270,270,170,205,205,240,251,251,251,251],"floor_reached":16,"language":"ENG","playtime":1648,"items_purged":[],"score":145,"play_id":"6ee33cc3-3586-41a2-93c9-c6a3baa6e714","local_time":"20210201031050","is_ascension_mode":true,"campfire_choices":[{"data":"bronze:Goto","floor":1.0,"key":"SMITH"},{"floor":11.0,"key":"REST"},{"data":"bronze:Repair","floor":13,"key":"SMITH"}],"circlet_count":0,"master_deck":["bronze:Strike","bronze:Strike","bronze:Defend","bronze:Defend","bronze:Defend","bronze:Defend+1","bronze:Replicate","bronze:Goto+1","bronze:WhirlingStrike","bronze:DigitalCarnage","bronze:Overheat","CurseOfTheBell","CurseOfTheBell","bronze:Deprecate","bronze:Repulsor+1","bronze:Overload+1","bronze:Constructor","Parasite","bronze:Repair+1","bronze:MaxOutput","bronze:Shield"],"relics":["bronze:BronzeCore","downfall:HeartsMalice","downfall:ExtraCursedBell","Replay:Baseball","Golden Egg","Mango","Gremlin Horn","downfall:HeartBlessingBlue","bronze:CableSpool","War Paint"],"acts_visited":["Exordium"],"potions_floor_usage":[14,16,16],"damage_taken":[{"damage":0.0,"enemies":"Small Slimes","floor":2.0,"turns":1.0},{"damage":0.0,"enemies":"Jaw Worm","floor":3.0,"turns":1.0},{"damage":0.0,"enemies":"2 Louse","floor":4.0,"turns":1.0},{"damage":25.0,"enemies":"3 Sentries","floor":6.0,"turns":6.0},{"damage":32.0,"enemies":"downfall:Heads","floor":8.0,"turns":5.0},{"damage":13.0,"enemies":"Red Slaver","floor":9.0,"turns":4.0},{"damage":21,"enemies":"Lagavulin","floor":12,"turns":7},{"damage":16,"enemies":"Gremlin Nob","floor":14,"turns":4},{"damage":0,"enemies":"2 Fungi Beasts","floor":15,"turns":4},{"damage":66,"enemies":"WA_ARCHETYPE_RETAIN","floor":16,"turns":13}],"seed_played":"-2101927946183692805","potions_obtained":[{"floor":8.0,"key":"SpeedPotion"},{"floor":9.0,"key":"Energy Potion"},{"floor":12,"key":"Swift Potion"}],"is_trial":false,"path_per_floor":["R","M","M","M","?","E","T","?","M","?","R","E","R","E","M","B"],"character_chosen":"THE_AUTOMATON","items_purchased":[],"campfire_rested":1,"item_purchase_floors":[],"current_hp_per_floor":[70,70,70,70,84,59,59,27,14,35,73,52,52,36,56,0,0,0],"gold":251,"neow_bonus":"THREE_ENEMY_KILL","is_daily":false,"chose_seed":false,"campfire_upgraded":2,"win_rate":0.0,"timestamp":1612167050,"path_taken":["R","M","M","M","?","E","T","?","?","?","R","E","R","E","M","BOSS"],"items_purchased_type":[],"build_version":"2020-12-22","purchased_purges":0,"victory":false,"max_hp_per_floor":[70,70,70,70,84,84,84,84,84,84,94,94,94,94,94,94,94,94],"card_choices":[{"not_picked":["bronze:Deprecate","bronze:BitShift"],"picked":"bronze:WhirlingStrike","floor":2.0},{"not_picked":["bronze:Turbo","bronze:BugBarrage"],"picked":"bronze:DigitalCarnage","floor":3.0},{"not_picked":["bronze:Return","bronze:WildBeam"],"picked":"bronze:Overheat","floor":4.0},{"not_picked":["bronze:Shield","bronze:Backtrace"],"picked":"bronze:Deprecate","floor":6.0},{"not_picked":["bronze:NullPointer","bronze:BuggyMess"],"picked":"bronze:Repulsor","floor":8.0},{"not_picked":["bronze:Shield","bronze:BugBarrage"],"picked":"bronze:Constructor","floor":9.0},{"not_picked":["bronze:ChildClass","bronze:BuggyMess"],"picked":"bronze:Repair","floor":12},{"not_picked":["bronze:Frontload","bronze:Allocate"],"picked":"bronze:MaxOutput","floor":14},{"not_picked":["bronze:Allocate","bronze:Verify"],"picked":"bronze:Shield","floor":15}],"player_experience":1512198,"relics_obtained":[{"floor":5.0,"key":"Replay:Baseball"},{"floor":5.0,"key":"Golden Egg"},{"floor":5.0,"key":"Mango"},{"floor":6.0,"key":"Gremlin Horn"},{"floor":12,"key":"bronze:CableSpool"},{"floor":14,"key":"War Paint"}],"event_choices":[{"damage_healed":21.0,"max_hp_gain":0.0,"max_hp_loss":0.0,"gold_gain":0.0,"event_name":"Mushrooms","player_choice":"Healed and dodged fight","floor":10.0,"gold_loss":0.0,"damage_taken":0.0,"cards_obtained":["Parasite"]}],"is_beta":false,"boss_relics":[],"items_purged_floors":[],"is_endless":false,"potions_floor_spawned":[8,9,12],"killed_by":"WA_ARCHETYPE_RETAIN","ascension_level":1}}