{"host":"neeznpvpgo0qgfkd","time":1612206075,"event":{"mods":["AchievementEnabler","BaseMod","BetterRewards","Colored Map","Colored Powertips","Exacting","Minty Spire (QoL Compilation)","Permanent Neow","Quick Restart","Shop Mod"],"gold_per_floor":[131,131,131,147,147,178,178,195,244,274,274,285,328,355,355,451,451,475,475,512,462,52,92,112,112,137,171,209,209,243,295,295,378,378,417,136,168,0,61,61,61,61],"floor_reached":41,"language":"ENG","playtime":2211,"items_purged":[],"score":1363,"play_id":"c54b4f59-4a15-493a-b893-7bf126646ddb","local_time":"20210201140115","is_ascension_mode":true,"campfire_choices":[{"floor":7.0,"key":"RECALL"},{"floor":11.0,"key":"REST"},{"data":"Accuracy","floor":15.0,"key":"SMITH"},{"floor":25,"key":"REST"},{"floor":29,"key":"REST"},{"floor":32,"key":"REST"},{"floor":40,"key":"REST"}],"circlet_count":0,"master_deck":["AscendersBane","Strike_G","Strike_G","Strike_G","Strike_G","Strike_G","Defend_G","Defend_G","Defend_G","Defend_G","Defend_G","Survivor","Neutralize","Noxious Fumes+1","Cloak And Dagger","Accuracy+1","Footwork","Backstab","Slice","Infinite Blades+1","Dagger Spray","Prepared","Footwork+1","A Thousand Cuts+1","Doppelganger","Outmaneuver+1","Flying Knee","A Thousand Cuts+1","Prepared","Infinite Blades+1","Blade Dance","Underhanded Strike","Outmaneuver","Accuracy+1","A Thousand Cuts+1","Cloak And Dagger","Finisher"],"relics":["Ring of the Serpent","Lantern","Lizard Tail","Lee\u0027s Waffle","ClockworkSouvenir","Omamori","Kunai","Frozen Egg 2","Pantograph","CeramicFish","Torii","Necronomicon","HornCleat","Turnip","Smiling Mask","Orichalcum","Blood Vial","SacredBark","Gremlin Horn","Red Mask","Tingsha"],"acts_visited":["Exordium","TheCity","TheBeyond"],"potions_floor_usage":[28,30,39],"damage_taken":[{"damage":0.0,"enemies":"Cultist","floor":1.0,"turns":4.0},{"damage":0.0,"enemies":"Jaw Worm","floor":4.0,"turns":5.0},{"damage":23.0,"enemies":"3 Sentries","floor":6.0,"turns":7.0},{"damage":6.0,"enemies":"2 Louse","floor":8.0,"turns":2.0},{"damage":9.0,"enemies":"Lagavulin","floor":10.0,"turns":6.0},{"damage":6.0,"enemies":"Exordium Thugs","floor":12.0,"turns":4.0},{"damage":12.0,"enemies":"3 Sentries","floor":13.0,"turns":6.0},{"damage":0.0,"enemies":"Large Slime","floor":14.0,"turns":5.0},{"damage":0.0,"enemies":"Slime Boss","floor":16.0,"turns":5.0},{"damage":16.0,"enemies":"Shell Parasite","floor":18.0,"turns":5.0},{"damage":1.0,"enemies":"Spheric Guardian","floor":20.0,"turns":4.0},{"damage":34.0,"enemies":"Book of Stabbing","floor":23.0,"turns":5.0},{"damage":21,"enemies":"Centurion and Healer","floor":24,"turns":6},{"damage":27,"enemies":"Snake Plant","floor":27,"turns":5},{"damage":4,"enemies":"Gremlin Leader","floor":28,"turns":5},{"damage":8,"enemies":"Book of Stabbing","floor":30,"turns":3},{"damage":10,"enemies":"Cultist and Chosen","floor":31,"turns":5},{"damage":13,"enemies":"Champ","floor":33,"turns":8},{"damage":22,"enemies":"3 Shapes","floor":35,"turns":4},{"damage":19,"enemies":"3 Darklings","floor":37,"turns":4},{"damage":21,"enemies":"2 Orb Walkers","floor":39,"turns":4},{"damage":42,"enemies":"Nemesis","floor":41,"turns":4}],"seed_played":"-4380121724014195953","potions_obtained":[{"floor":1.0,"key":"Block Potion"},{"floor":4.0,"key":"CunningPotion"},{"floor":13.0,"key":"EssenceOfSteel"},{"floor":14.0,"key":"CunningPotion"},{"floor":27,"key":"Weak Potion"},{"floor":28,"key":"LiquidMemories"},{"floor":30,"key":"Poison Potion"},{"floor":31,"key":"Weak Potion"}],"is_trial":false,"path_per_floor":["M","T","?","M","?","E","R","M","T","E","R","M","E","M","R","B",null,"M","?","M","?","$","E","M","R","T","M","E","R","E","M","R","B",null,"M","$","M","?","?","R","E"],"character_chosen":"THE_SILENT","items_purchased":["Lantern","Lee\u0027s Waffle","Noxious Fumes","Cloak And Dagger","ClockworkSouvenir","Omamori","Accuracy","HornCleat","A Thousand Cuts+1","Gremlin Horn"],"campfire_rested":5,"item_purchase_floors":[0,0,0,0,0,0,0,22,22,36],"current_hp_per_floor":[73,73,73,73,73,60,60,54,54,55,73,67,55,55,55,73,73,57,36,35,35,35,1,16,37,37,10,6,27,21,13,35,49,69,49,49,32,32,13,35,0,0],"gold":61,"neow_bonus":"","is_daily":false,"chose_seed":false,"campfire_upgraded":1,"win_rate":0.0,"timestamp":1612206075,"path_taken":["M","?","?","M","?","E","R","M","T","E","R","M","E","M","R","BOSS","M","?","M","?","$","E","M","R","T","M","E","R","E","M","R","BOSS","M","$","M","?","?","R","E"],"items_purchased_type":["Relic","Relic","Card","Card","Relic","Relic","Card","Relic","Card","Relic"],"build_version":"2020-12-22","purchased_purges":0,"victory":false,"max_hp_per_floor":[73,73,73,73,73,73,73,73,73,73,73,73,73,73,73,73,73,73,73,73,73,73,73,73,73,73,73,73,73,75,75,75,75,75,75,75,75,75,75,75,75,75],"card_choices":[{"not_picked":["Riddle With Holes","Acrobatics"],"picked":"Footwork","floor":1.0},{"not_picked":["Slice","PiercingWail"],"picked":"Backstab","floor":4.0},{"not_picked":["Expertise","Leg Sweep"],"picked":"Slice","floor":6.0},{"not_picked":["Outmaneuver","Underhanded Strike"],"picked":"Infinite Blades+1","floor":8.0},{"not_picked":["Backflip","Distraction"],"picked":"Dagger Spray","floor":10.0},{"not_picked":["Expertise","Calculated Gamble"],"picked":"Prepared","floor":12.0},{"not_picked":["Cloak And Dagger","Choke"],"picked":"Footwork+1","floor":13.0},{"not_picked":["Dodge and Roll","Sucker Punch"],"picked":"A Thousand Cuts+1","floor":14.0},{"not_picked":["Malaise","Storm of Steel"],"picked":"Doppelganger","floor":16.0},{"not_picked":["Slice","Calculated Gamble"],"picked":"Outmaneuver+1","floor":18.0},{"not_picked":["PiercingWail","Setup"],"picked":"Flying Knee","floor":20.0},{"not_picked":["Leg Sweep","Finisher"],"picked":"Prepared","floor":23.0},{"not_picked":["Cloak And Dagger","Quick Slash"],"picked":"Infinite Blades+1","floor":24},{"not_picked":["Underhanded Strike","Slice+1"],"picked":"Blade Dance","floor":27},{"not_picked":["Bane","Prepared"],"picked":"Underhanded Strike","floor":28},{"not_picked":["Eviscerate","Heel Hook"],"picked":"Outmaneuver","floor":30},{"not_picked":["Night Terror","Bane"],"picked":"Accuracy+1","floor":31},{"not_picked":["Burst","Unload"],"picked":"A Thousand Cuts+1","floor":33},{"not_picked":["Poisoned Stab","Setup"],"picked":"Cloak And Dagger","floor":35},{"not_picked":["Calculated Gamble","Flechettes","Prepared"],"picked":"SKIP","floor":37},{"not_picked":["Outmaneuver","Prepared"],"picked":"Finisher","floor":39}],"player_experience":1970509,"relics_obtained":[{"floor":2.0,"key":"Kunai"},{"floor":6.0,"key":"Frozen Egg 2"},{"floor":10.0,"key":"Pantograph"},{"floor":13.0,"key":"CeramicFish"},{"floor":14.0,"key":"Torii"},{"floor":19.0,"key":"Necronomicon"},{"floor":23.0,"key":"Turnip"},{"floor":26,"key":"Smiling Mask"},{"floor":28,"key":"Orichalcum"},{"floor":30,"key":"Blood Vial"},{"floor":39,"key":"Tingsha"}],"event_choices":[{"damage_healed":0.0,"max_hp_gain":0.0,"max_hp_loss":0.0,"gold_gain":0.0,"event_name":"Living Wall","player_choice":"Grow","floor":3.0,"gold_loss":0.0,"damage_taken":0.0,"cards_upgraded":["Noxious Fumes"]},{"damage_healed":0.0,"max_hp_gain":0.0,"max_hp_loss":0.0,"gold_gain":0.0,"event_name":"Transmorgrifier","player_choice":"Ignored","floor":5.0,"gold_loss":0.0,"damage_taken":0.0},{"damage_healed":0.0,"max_hp_gain":0.0,"max_hp_loss":0.0,"gold_gain":0.0,"event_name":"Cursed Tome","player_choice":"Obtained Book","floor":19.0,"gold_loss":0.0,"damage_taken":21.0},{"damage_healed":0.0,"max_hp_gain":0.0,"max_hp_loss":0.0,"gold_gain":0.0,"event_name":"The Joust","player_choice":"Bet on Murderer","floor":21.0,"gold_loss":50.0,"damage_taken":0.0},{"damage_healed":0,"gold_gain":0,"player_choice":"Paid","damage_taken":0,"relics_obtained":["Red Mask"],"max_hp_gain":0,"max_hp_loss":0,"event_name":"Tomb of Lord Red Mask","floor":38,"gold_loss":168},{"damage_healed":0,"gold_gain":0,"player_choice":"Fight","damage_taken":0,"max_hp_gain":0,"max_hp_loss":0,"event_name":"Mysterious Sphere","floor":39,"gold_loss":0}],"is_beta":false,"boss_relics":[{"not_picked":["Busted Crown","Runic Pyramid"],"picked":"Ring of the Serpent"},{"not_picked":["Velvet Choker","Black Star"],"picked":"SacredBark"}],"items_purged_floors":[],"is_endless":false,"potions_floor_spawned":[1,4,8,14,27,30,31,33],"killed_by":"Nemesis","ascension_level":20}}