{"host":"t4jsb5tuksjmo64s","time":1612139577,"event":{"mods":["AchievementEnabler","BaseMod","Block Reminder","Colored Map","Colored Powertips","Dark Map","Highlight Path","Minty Spire (QoL Compilation)","Quick Restart","Random Character Button","Rare Cards Sparkle","Relic Stats"],"gold_per_floor":[109,121,132,142,155,155,180,180,180,210,224,224,236,267,267,369,369,383,417,437,352,352,352],"floor_reached":22,"language":"ENG","playtime":1425,"items_purged":[],"score":218,"play_id":"25a51f2f-c35e-4ccc-9664-fab76ce9f929","local_time":"20210131193257","is_ascension_mode":true,"campfire_choices":[{"floor":6,"key":"RECALL"},{"data":"Demon Form","floor":8,"key":"SMITH"},{"floor":12,"key":"REST"},{"floor":15,"key":"REST"}],"circlet_count":0,"master_deck":["Strike_R","Strike_R+1","Strike_R","Strike_R","Strike_R","Defend_R","Defend_R","Defend_R","Defend_R","Bash","Cleave","Hemokinesis","Rupture","Perfected Strike+1","Demon Form+1","Metallicize","Perfected Strike","Limit Break","Feed","Perfected Strike","Heavy Blade","Dual Wield"],"relics":["Burning Blood","Whetstone","Oddly Smooth Stone","Art of War","Paper Frog","Sozu","Red Mask","MealTicket"],"acts_visited":["Exordium","TheCity"],"potions_floor_usage":[7,10,14],"damage_taken":[{"damage":1,"enemies":"Cultist","floor":1,"turns":3},{"damage":0,"enemies":"2 Louse","floor":2,"turns":2},{"damage":3,"enemies":"Jaw Worm","floor":3,"turns":3},{"damage":18,"enemies":"Exordium Wildlife","floor":4,"turns":3},{"damage":24,"enemies":"Large Slime","floor":5,"turns":4},{"damage":27,"enemies":"Gremlin Nob","floor":7,"turns":4},{"damage":20,"enemies":"3 Sentries","floor":10,"turns":4},{"damage":12,"enemies":"Looter","floor":11,"turns":2},{"damage":2,"enemies":"3 Louse","floor":13,"turns":3},{"damage":26,"enemies":"Lagavulin","floor":14,"turns":7},{"damage":31,"enemies":"Hexaghost","floor":16,"turns":7},{"damage":57,"enemies":"3 Byrds","floor":18,"turns":7},{"damage":20,"enemies":"Masked Bandits","floor":19,"turns":4},{"damage":8,"enemies":"Chosen","floor":20,"turns":3},{"damage":21,"enemies":"Centurion and Healer","floor":22,"turns":4}],"seed_played":"5664798695504579956","potions_obtained":[{"floor":2,"key":"FearPotion"},{"floor":4,"key":"Explosive Potion"},{"floor":7,"key":"Dexterity Potion"},{"floor":11,"key":"Regen Potion"},{"floor":16,"key":"ElixirPotion"}],"is_trial":false,"path_per_floor":["M","M","M","M","M","R","E","R","T","E","M","R","M","E","R","B",null,"M","?","M","?","M"],"character_chosen":"IRONCLAD","items_purchased":[],"campfire_rested":2,"item_purchase_floors":[],"current_hp_per_floor":[88,88,88,76,58,58,37,37,37,23,17,43,47,39,65,40,88,37,23,21,21,0,0],"gold":352,"neow_bonus":"TEN_PERCENT_HP_BONUS","is_daily":false,"chose_seed":false,"campfire_upgraded":1,"win_rate":0.0,"timestamp":1612139577,"path_taken":["M","M","M","M","M","R","E","R","T","E","M","R","M","E","R","BOSS","M","?","M","?","M"],"items_purchased_type":[],"build_version":"2020-12-22","purchased_purges":0,"victory":false,"max_hp_per_floor":[88,88,88,88,88,88,88,88,88,88,88,88,88,88,88,88,88,88,88,88,88,88,88],"relic_stats":{"Sozu":1,"counters":[15,60],"MealTicket":0,"Art of War":[4],"Whetstone":["Perfected Strike","Strike_R"],"obtain_stats":[{"Sozu":17,"Oddly Smooth Stone":9,"MealTicket":21,"Art of War":10,"Red Mask":19,"Whetstone":7,"Burning Blood":0,"Paper Frog":14},{"Sozu":11,"Oddly Smooth Stone":6,"MealTicket":14,"Art of War":7,"Red Mask":13,"Whetstone":6,"Burning Blood":0,"Paper Frog":10},{"Sozu":42,"Oddly Smooth Stone":19,"MealTicket":56,"Art of War":23,"Red Mask":53,"Whetstone":19,"Burning Blood":0,"Paper Frog":35}],"Burning Blood":70},"card_choices":[{"not_picked":["Wild Strike","Pommel Strike"],"picked":"Cleave","floor":1},{"not_picked":["Anger","Warcry"],"picked":"Hemokinesis","floor":2},{"not_picked":["Flex","Flame Barrier"],"picked":"Rupture","floor":3},{"not_picked":["Reckless Charge","Havoc"],"picked":"Perfected Strike","floor":4},{"not_picked":["Clothesline","Anger","Hemokinesis"],"picked":"SKIP","floor":5},{"not_picked":["Wild Strike","Thunderclap"],"picked":"Demon Form","floor":7},{"not_picked":["Thunderclap","Inflame"],"picked":"Metallicize","floor":10},{"not_picked":["Armaments","Hemokinesis"],"picked":"Perfected Strike","floor":11},{"not_picked":["Anger","Clothesline","True Grit"],"picked":"SKIP","floor":13},{"not_picked":["Flame Barrier","Headbutt"],"picked":"Limit Break","floor":14},{"not_picked":["Reaper","Bludgeon"],"picked":"Feed","floor":16},{"not_picked":["Pommel Strike","Spot Weakness"],"picked":"Perfected Strike","floor":18},{"not_picked":["Cleave+1","Sever Soul"],"picked":"Heavy Blade","floor":19},{"not_picked":["Havoc+1","Searing Blow+1"],"picked":"Dual Wield","floor":20}],"player_experience":267640,"relics_obtained":[{"floor":7,"key":"Whetstone"},{"floor":9,"key":"Oddly Smooth Stone"},{"floor":10,"key":"Art of War"},{"floor":14,"key":"Paper Frog"},{"floor":19,"key":"Red Mask"}],"event_choices":[{"damage_healed":0,"gold_gain":0,"player_choice":"Fought Bandits","damage_taken":0,"max_hp_gain":0,"max_hp_loss":0,"event_name":"Masked Bandits","floor":19,"gold_loss":0},{"damage_healed":0,"gold_gain":0,"player_choice":"Obtained Relic","damage_taken":0,"relics_obtained":["MealTicket"],"max_hp_gain":0,"max_hp_loss":0,"event_name":"Addict","floor":21,"gold_loss":85}],"is_beta":false,"boss_relics":[{"not_picked":["Snecko Eye","Empty Cage"],"picked":"Sozu"}],"items_purged_floors":[],"is_endless":false,"potions_floor_spawned":[2,4,7,11,16,19],"killed_by":"Centurion and Healer","ascension_level":1}}