{"host":"yx5rao87132cy5xq","time":1612140513,"event":{"mods":["2.2 Compatiblity","AchievementEnabler","BaseMod","Bestiary","Colored Map","Colored Powertips","Minty Spire (QoL Compilation)","Quick Restart","Relic Stats","Slay-I","SuperFastMode"],"gold_per_floor":[117,129,143,143,243,278,303,303,303,354,391,441,466,493,505,610,622,652,682,694,195,195,195,20,20,20,38,38,38],"floor_reached":28,"language":"ENG","playtime":1902,"items_purged":["Strike_R","Strike_R"],"score":432,"play_id":"300e6439-4410-4069-b8b0-7b6e9aca4735","local_time":"20210201014833","is_ascension_mode":true,"campfire_choices":[{"data":"Twin Strike","floor":8.0,"key":"SMITH"},{"floor":15.0,"key":"REST"},{"data":"True Grit","floor":23,"key":"SMITH"},{"data":"Whirlwind","floor":25,"key":"SMITH"}],"circlet_count":0,"master_deck":["AscendersBane","Strike_R","Strike_R","Strike_R","Defend_R","Defend_R","Defend_R","Defend_R","Bash","Twin Strike+1","Blood for Blood","Perfected Strike","Injury","Reckless Charge","Impervious","Flex","True Grit+1","Flame Barrier","Power Through","Demon Form","Armaments","Headbutt+1","Secret Technique","Metallicize","Whirlwind+1"],"relics":["Burning Blood","Orichalcum","Golden Idol","Ancient Tea Set","MawBank","Pantograph","Question Card","SacredBark","Art of War","Tiny Chest"],"acts_visited":["Exordium","TheCity"],"potions_floor_usage":[16,19,28],"damage_taken":[{"damage":6.0,"enemies":"Jaw Worm","floor":1.0,"turns":3.0},{"damage":7.0,"enemies":"Small Slimes","floor":2.0,"turns":5.0},{"damage":1.0,"enemies":"Cultist","floor":3.0,"turns":3.0},{"damage":20.0,"enemies":"Gremlin Nob","floor":6.0,"turns":4.0},{"damage":11.0,"enemies":"Lots of Slimes","floor":7.0,"turns":4.0},{"damage":30.0,"enemies":"Lagavulin","floor":10.0,"turns":6.0},{"damage":12.0,"enemies":"Looter","floor":11.0,"turns":3.0},{"damage":16.0,"enemies":"3 Sentries","floor":12.0,"turns":8.0},{"damage":1.0,"enemies":"3 Louse","floor":13.0,"turns":4.0},{"damage":17.0,"enemies":"Exordium Wildlife","floor":14.0,"turns":5.0},{"damage":43,"enemies":"The Guardian","floor":16,"turns":14},{"damage":23,"enemies":"Chosen","floor":18,"turns":5},{"damage":0,"enemies":"3 Byrds","floor":19,"turns":3},{"damage":26,"enemies":"Snake Plant","floor":27,"turns":6},{"damage":34,"enemies":"Shelled Parasite and Fungi","floor":28,"turns":6}],"seed_played":"7912328910357642462","potions_obtained":[{"floor":2.0,"key":"Weak Potion"},{"floor":10.0,"key":"FearPotion"},{"floor":11.0,"key":"Dexterity Potion"},{"floor":12.0,"key":"ColorlessPotion"},{"floor":16,"key":"LiquidBronze"},{"floor":19,"key":"SkillPotion"}],"is_trial":false,"path_per_floor":["M","M","M","?","?","E","M","R","T","E","M","E","M","M","R","B",null,"M","M","?","$","?","R","$","R","T","M","M"],"character_chosen":"IRONCLAD","items_purchased":["Secret Technique","Art of War","Metallicize","Whirlwind"],"campfire_rested":1,"item_purchase_floors":[21,21,21,24],"current_hp_per_floor":[68,67,72,72,72,58,53,53,53,29,23,13,18,7,29,17,61,44,50,50,50,50,50,50,50,50,30,0,0],"gold":38,"neow_bonus":"RANDOM_COMMON_RELIC","is_daily":false,"chose_seed":false,"campfire_upgraded":3,"win_rate":0.0,"timestamp":1612140513,"path_taken":["M","M","M","?","?","E","M","R","T","E","?","E","M","M","R","BOSS","M","?","?","$","?","R","$","R","T","?","M"],"items_purchased_type":["Card","Relic","Card","Card"],"build_version":"2020-12-22","purchased_purges":2,"victory":false,"max_hp_per_floor":[75,75,75,75,75,75,75,75,75,75,75,75,75,75,75,75,75,75,75,75,75,75,75,75,75,75,75,75,75],"relic_stats":{"counters":[15,79],"Golden Idol":70,"Pantograph":25,"Tiny Chest":0,"Art of War":[4],"Orichalcum":[168],"MawBank":144,"Question Card":6,"obtain_stats":[{"Golden Idol":4,"Pantograph":10,"SacredBark":17,"Tiny Chest":26,"Art of War":21,"Orichalcum":0,"Ancient Tea Set":6,"MawBank":9,"Question Card":12,"Burning Blood":0},{"Golden Idol":3,"Pantograph":6,"SacredBark":11,"Tiny Chest":13,"Art of War":13,"Orichalcum":0,"Ancient Tea Set":4,"MawBank":5,"Question Card":8,"Burning Blood":0},{"Golden Idol":11,"Pantograph":25,"SacredBark":59,"Tiny Chest":67,"Art of War":67,"Orichalcum":0,"Ancient Tea Set":15,"MawBank":19,"Question Card":36,"Burning Blood":0}],"Burning Blood":84},"card_choices":[{"not_picked":["Heavy Blade","Rupture"],"picked":"Twin Strike","floor":1.0},{"not_picked":["Sword Boomerang","Warcry"],"picked":"Blood for Blood","floor":2.0},{"not_picked":["Clash","Battle Trance"],"picked":"Perfected Strike","floor":3.0},{"not_picked":["Sword Boomerang","Iron Wave"],"picked":"Reckless Charge","floor":6.0},{"not_picked":["Warcry","Clash","Body Slam"],"picked":"SKIP","floor":7.0},{"not_picked":["Perfected Strike","Cleave"],"picked":"Impervious","floor":10.0},{"not_picked":["Clothesline","Anger"],"picked":"Flex","floor":11.0},{"not_picked":["Heavy Blade","Body Slam"],"picked":"True Grit","floor":12.0},{"not_picked":["Perfected Strike","Flex","Disarm"],"picked":"Flame Barrier","floor":13.0},{"not_picked":["True Grit","Bloodletting","Demon Form"],"picked":"Power Through","floor":14.0},{"not_picked":["Reaper","Corruption","Fiend Fire"],"picked":"Demon Form","floor":16},{"not_picked":["Twin Strike","Clothesline","Sword Boomerang+1"],"picked":"Armaments","floor":18},{"not_picked":["Sword Boomerang","Demon Form","Pommel Strike"],"picked":"Headbutt+1","floor":19},{"not_picked":["Heavy Blade+1","Wild Strike","Body Slam","Dark Embrace"],"picked":"SKIP","floor":27}],"player_experience":954168,"relics_obtained":[{"floor":6.0,"key":"Ancient Tea Set"},{"floor":9.0,"key":"MawBank"},{"floor":10.0,"key":"Pantograph"},{"floor":12.0,"key":"Question Card"},{"floor":26,"key":"Tiny Chest"}],"event_choices":[{"damage_healed":0.0,"max_hp_gain":0.0,"max_hp_loss":0.0,"gold_gain":0.0,"event_name":"Golden Idol","player_choice":"Take Wound","floor":4.0,"gold_loss":0.0,"damage_taken":0.0,"relics_obtained":["Golden Idol"],"cards_obtained":["Injury"]},{"damage_healed":0.0,"max_hp_gain":0.0,"max_hp_loss":0.0,"gold_gain":100.0,"event_name":"Wheel of Change","player_choice":"Gold","floor":5.0,"gold_loss":0.0,"damage_taken":0.0},{"damage_healed":0,"gold_gain":0,"player_choice":"Ignored","damage_taken":0,"max_hp_gain":0,"max_hp_loss":0,"event_name":"Vampires","floor":20,"gold_loss":0},{"damage_healed":0,"gold_gain":0,"player_choice":"Ignored","damage_taken":0,"max_hp_gain":0,"max_hp_loss":0,"event_name":"Ghosts","floor":22,"gold_loss":0}],"is_beta":false,"boss_relics":[{"not_picked":["Busted Crown","Black Star"],"picked":"SacredBark"}],"items_purged_floors":[21,24],"is_endless":false,"potions_floor_spawned":[2,10,11,12,16,19],"killed_by":"Shelled Parasite and Fungi","ascension_level":16}}