{"host":"gtv41eena9h15rk5","time":1612193303,"event":{"mods":["BaseMod","Colored Powertips","Downfall","Marisa£®ÏF”Í°°ƒß¿Ì…≥£©","Minty Spire (QoL Compilation)","Replay The Spire","Shop Mod","StSLib","The Bug Knight","The Construct","The Cursed","The Runesmith","The Servant 0.9.4","[IsaacMod]“‘»ˆº‚À˛"],"gold_per_floor":[115,115,130,145,145,145,203,203,203,219,33,33,46,61,61,166,166,182,457,474,389,23,23,51,51,76,95,108,134,134,150,150,250,250,260,277,291,310,360,372,384,423,460,496,22,22,34,57,57,57],"floor_reached":51,"language":"ZHS","playtime":1888,"items_purged":["ReplayTheSpireMod:Splinters","Regret"],"score":1079,"play_id":"d7b2c813-1780-457e-90b7-b38b420173a6","local_time":"20210201232823","is_ascension_mode":true,"campfire_choices":[{"data":"EpicFetus","floor":6.0,"key":"SMITH"},{"floor":12.0,"key":"RECALL"},{"data":"Exhume","floor":15.0,"key":"SMITH"},{"data":"Offering","floor":23.0,"key":"SMITH"},{"data":"Whirlwind","floor":25.0,"key":"SMITH"},{"data":"ReplayTheSpireMod:Stacked","floor":32.0,"key":"SMITH"},{"data":"ReplayTheSpireMod:Muscle Training","floor":40.0,"key":"SMITH"},{"data":"Demon Form","floor":46.0,"key":"SMITH"}],"circlet_count":0,"master_deck":["Defend_R","Defend_R","Bash","EpicFetus+1","Exhume+1","Flame Barrier+1","Whirlwind+1","Flame Barrier+1","Bloodletting+1","Dual Wield+1","ReplayTheSpireMod:Stacked+1","Offering+1","Slimebound:Tackle+1","Slimebound:Tackle+1","Slimebound:Tackle+1","Heavy Blade","ReplayTheSpireMod:Muscle Training+1","Flex+1","Demon Form+1"],"relics":["Burning Blood","HushsDoor","YumHeart","Art of War","ReplayTheSpireMod:Shallot","MerchantsRug","Potion Belt","Letter Opener","King of Hearts","Bag of Preparation","Painkiller Herb","Bottled Flame","MealTicket","Medical Kit","Chameleon Ring","Cauldron","Bag of Marbles"],"acts_visited":["Exordium","TheCity","TheBeyond"],"potions_floor_usage":[50,50],"damage_taken":[{"damage":13.0,"enemies":"Jaw Worm","floor":1.0,"turns":4.0},{"damage":1.0,"enemies":"Cultist","floor":3.0,"turns":3.0},{"damage":8.0,"enemies":"Small Slimes","floor":4.0,"turns":4.0},{"damage":16.0,"enemies":"Blue Slaver","floor":10.0,"turns":3.0},{"damage":0.0,"enemies":"Looter","floor":13.0,"turns":1.0},{"damage":10.0,"enemies":"Large Slime","floor":14.0,"turns":4.0},{"damage":13.0,"enemies":"Slime Boss","floor":16.0,"turns":5.0},{"damage":0.0,"enemies":"3 Byrds","floor":18.0,"turns":1.0},{"damage":16.0,"enemies":"2 Thieves","floor":20.0,"turns":5.0},{"damage":18.0,"enemies":"Slavers","floor":24.0,"turns":4.0},{"damage":9.0,"enemies":"3 Cultists","floor":27.0,"turns":2.0},{"damage":6.0,"enemies":"Snake Plant","floor":28.0,"turns":3.0},{"damage":6.0,"enemies":"Book of Stabbing","floor":29.0,"turns":3.0},{"damage":22.0,"enemies":"Snecko","floor":31.0,"turns":3.0},{"damage":56.0,"enemies":"Collector","floor":33.0,"turns":6.0},{"damage":5.0,"enemies":"Orb Walker","floor":35.0,"turns":3.0},{"damage":16.0,"enemies":"3 Shapes","floor":36.0,"turns":3.0},{"damage":11.0,"enemies":"Writhing Mass","floor":37.0,"turns":3.0},{"damage":7.0,"enemies":"Maw","floor":38.0,"turns":6.0},{"damage":1.0,"enemies":"Hiden Room Battle","floor":39.0,"turns":1.0},{"damage":33.0,"enemies":"Reptomancer","floor":42.0,"turns":3.0},{"damage":15.0,"enemies":"Jaw Worm Horde","floor":47.0,"turns":3.0},{"damage":77,"enemies":"Awakened One","floor":50,"turns":6}],"seed_played":"-8630383430388019719","potions_obtained":[{"floor":1.0,"key":"PowerPotion"},{"floor":3.0,"key":"EntropicBrew"},{"floor":7.0,"key":"PowerPotion"},{"floor":14.0,"key":"Fire Potion"},{"floor":20.0,"key":"construct:ShiftPotion"},{"floor":24.0,"key":"FearPotion"},{"floor":31.0,"key":"Strength Potion"},{"floor":33.0,"key":"ColorlessPotion"},{"floor":35.0,"key":"Fire Potion"},{"floor":36.0,"key":"Regen Potion"},{"floor":39.0,"key":"EntropicBrew"},{"floor":42.0,"key":"Languid Potion"},{"floor":48,"key":"bronze:BurnAndBuffPotion"},{"floor":48,"key":"Slimebound:ThreeZeroPotion"},{"floor":48,"key":"CultistPotion"},{"floor":48,"key":"LifebloodPotion"},{"floor":48,"key":"Swift Potion"},{"floor":49,"key":"Cursed Concoction"},{"floor":49,"key":"Elixir"}],"is_trial":false,"path_per_floor":["M","?","M","M","?","R","?","?","T","M","$","R","M","M","R","B",null,"M","?","M","?","$","R","E","R","T","M","M","E","?","M","R","B",null,"?","?","?","?","?","T","?","E","T","T","T","T","?","T","T","B",null],"character_chosen":"IRONCLAD","items_purchased":["MerchantsRug","Offering","Potion Belt","BFFS","Demon Form","Medical Kit","Chameleon Ring","Cauldron","Bag of Marbles"],"campfire_rested":0,"item_purchase_floors":[11,22,22,22,45,45,45,48,48],"current_hp_per_floor":[65,70,75,73,66,66,66,49,49,39,39,39,45,41,41,34,72,78,78,68,68,68,68,56,56,56,53,53,78,78,62,62,12,67,68,58,53,77,82,82,95,68,68,68,83,83,74,89,89,43],"gold":57,"neow_bonus":"TRANSFORM_CARD","is_daily":false,"chose_seed":false,"campfire_upgraded":7,"win_rate":0.0,"timestamp":1612193303,"path_taken":["M","?","?","M","?","R","?","?","T","M","?","R","M","M","R","BOSS","M","?","M","?","$","R","E","R","T","M","?","E","?","?","R","BOSS","?","?","?","?","?","T","?","E","T","?","T","T","?","T","T","BOSS"],"items_purchased_type":["Relic","Card","Relic","Relic","Card","Relic","Relic","Relic","Relic"],"build_version":"2020-12-22","purchased_purges":2,"victory":true,"max_hp_per_floor":[80,85,85,85,85,85,85,85,85,85,85,85,85,85,85,85,85,85,85,85,85,85,85,85,85,85,85,85,85,85,85,85,85,85,85,85,85,85,85,85,95,95,95,95,95,95,95,95,95,95],"card_choices":[{"not_picked":[],"picked":"EpicFetus","floor":0.0},{"not_picked":["ReplayTheSpireMod:LeadingStrike","Havoc","Replay:Undeath\u0027s Touch"],"picked":"SKIP","floor":1.0},{"not_picked":["ReplayTheSpireMod:Corrosion Curse","Metallicize"],"picked":"Flame Barrier","floor":3.0},{"not_picked":["Sever Soul","Run Through"],"picked":"Bomb","floor":4.0},{"not_picked":["Clothesline","Pummel"],"picked":"Whirlwind","floor":7.0},{"not_picked":["Perfected Strike","Flex"],"picked":"Bomb","floor":7.0},{"not_picked":["Clothesline","Anger","Iron Wave"],"picked":"SKIP","floor":10.0},{"not_picked":["Hemogenesis","Flex","Sentinel"],"picked":"SKIP","floor":13.0},{"not_picked":["Pommel Strike","Entrench","Body Slam"],"picked":"SKIP","floor":14.0},{"not_picked":["Demonic Infusion","Barricade"],"picked":"Bludgeon","floor":16.0},{"not_picked":["Replay:Undeath\u0027s Touch","Body Slam"],"picked":"ReplayTheSpireMod:Stacked","floor":18.0},{"not_picked":["True Grit+1","Havoc+1","Headbutt"],"picked":"SKIP","floor":20.0},{"not_picked":["Dark Embrace+1","Life Link","Burning Pact+1"],"picked":"SKIP","floor":24.0},{"not_picked":["ReplayTheSpireMod:Corrosion Curse","Corruption","Anger"],"picked":"SKIP","floor":27.0},{"not_picked":["Headbutt","Anger","Replay:Undeath\u0027s Touch"],"picked":"SKIP","floor":28.0},{"not_picked":["Eclipse","True Grit","Evolve"],"picked":"SKIP","floor":29.0},{"not_picked":["Feel No Pain+1","Flex"],"picked":"Heavy Blade","floor":31.0},{"not_picked":["Armaments","Flex"],"picked":"ReplayTheSpireMod:Muscle Training","floor":35.0},{"not_picked":["Headbutt","Anger+1","ReplayTheSpireMod:LeadingStrike"],"picked":"SKIP","floor":36.0},{"not_picked":["Massacre+1","Body Slam+1","Ghostly Armor+1"],"picked":"SKIP","floor":37.0},{"not_picked":["Perfected Strike","Burning Pact+1"],"picked":"Flex+1","floor":38.0},{"not_picked":["Rage","Headbutt+1","Defy Death+1"],"picked":"SKIP","floor":42.0},{"not_picked":["Dropkick+1","Searing Blow+1","Shrug It Off"],"picked":"SKIP","floor":47.0}],"player_experience":230930,"relics_obtained":[{"floor":7.0,"key":"Art of War"},{"floor":9.0,"key":"ReplayTheSpireMod:Shallot"},{"floor":24.0,"key":"Letter Opener"},{"floor":26.0,"key":"King of Hearts"},{"floor":29.0,"key":"Bag of Preparation"},{"floor":39.0,"key":"Bottled Flame"},{"floor":39.0,"key":"MawBank"},{"floor":42.0,"key":"Void"},{"floor":44.0,"key":"MealTicket"}],"event_choices":[{"damage_healed":0.0,"max_hp_gain":5.0,"max_hp_loss":0.0,"gold_gain":0.0,"event_name":"Big Fish","player_choice":"Donut","floor":2.0,"gold_loss":0.0,"damage_taken":0.0},{"cards_removed":["Strike_R"],"damage_healed":0.0,"max_hp_gain":0.0,"max_hp_loss":0.0,"gold_gain":0.0,"event_name":"Golden Wing","player_choice":"Card Removal","floor":5.0,"gold_loss":0.0,"damage_taken":7.0},{"damage_healed":0.0,"max_hp_gain":0.0,"max_hp_loss":0.0,"gold_gain":0.0,"event_name":"Shining Light","player_choice":"Entered Light","floor":8.0,"gold_loss":0.0,"damage_taken":17.0,"cards_upgraded":["Flame Barrier","Strike_R"]},{"damage_healed":0.0,"max_hp_gain":0.0,"max_hp_loss":0.0,"gold_gain":275.0,"event_name":"Golden Shrine","player_choice":"Desecrate","floor":19.0,"gold_loss":0.0,"damage_taken":0.0,"cards_obtained":["Regret"]},{"damage_healed":0.0,"max_hp_gain":0.0,"max_hp_loss":0.0,"gold_gain":0.0,"event_name":"Addict","player_choice":"Obtained Relic","floor":21.0,"gold_loss":85.0,"damage_taken":0.0,"relics_obtained":["HollowMod:PaleOreRelic"]},{"damage_healed":0.0,"max_hp_gain":0.0,"max_hp_loss":0.0,"gold_gain":0.0,"event_name":"HidenRoomEvent","player_choice":"Fight","floor":39.0,"gold_loss":0.0,"damage_taken":0.0},{"cards_removed":["Bludgeon"],"damage_healed":3.0,"max_hp_gain":10.0,"max_hp_loss":0.0,"gold_gain":0.0,"event_name":"Bonfire Elementals","player_choice":"Offered Rare","floor":41.0,"gold_loss":0.0,"damage_taken":0.0}],"is_beta":false,"boss_relics":[{"not_picked":["Cursed Key","Philosopher\u0027s Stone"],"picked":"Astrolabe"},{"not_picked":[]},{"not_picked":["Replay:Grab Bag","Electric Blood"],"picked":"Painkiller Herb"},{"not_picked":[]}],"items_purged_floors":[11,22],"is_endless":false,"potions_floor_spawned":[1,3,14,20,24,31,33,35,36,39,42],"ascension_level":7}}