{"host":"Jackie","time":1612203035,"event":{"mods":["BaseMod","Highlight Path","Minty Spire (QoL Compilation)","Relic Stats","Slay the Relics Exporter","StSLib","Twitch Decklist"],"gold_per_floor":[118,118,12,12,23,54,72,104,159,159,173,201,212,243,243,320,320,339,339,359,359,369,402,47,47,47],"floor_reached":25,"language":"ENG","playtime":2739,"items_purged":["Strike_R"],"score":552,"play_id":"1bc42905-37b3-4658-a4ad-c960b047dd51","local_time":"20210201101035","is_ascension_mode":true,"campfire_choices":[{"data":"Shockwave","floor":15,"key":"SMITH"}],"circlet_count":0,"master_deck":["AscendersBane","Strike_R","Strike_R","Strike_R","Strike_R","Defend_R","Defend_R","Defend_R","Bash","Shockwave+1","Inflame+1","Wild Strike","Carnage","Armaments","Anger","Spot Weakness","Sword Boomerang","Dropkick","Corruption","Reaper","Sentinel","Sentinel"],"relics":["Burning Blood","NeowsBlessing","InkBottle","Blood Vial","Bag of Preparation","Ancient Tea Set","Juzu Bracelet","Busted Crown","Paper Frog","Bag of Marbles"],"acts_visited":["Exordium","TheCity"],"potions_floor_usage":[12,16,20,22,25],"damage_taken":[{"damage":0,"enemies":"Small Slimes","floor":1,"turns":1},{"damage":0,"enemies":"Jaw Worm","floor":5,"turns":1},{"damage":0,"enemies":"3 Sentries","floor":6,"turns":2},{"damage":0,"enemies":"2 Louse","floor":7,"turns":3},{"damage":20,"enemies":"Lagavulin","floor":8,"turns":5},{"damage":9,"enemies":"Blue Slaver","floor":11,"turns":5},{"damage":15,"enemies":"3 Sentries","floor":12,"turns":5},{"damage":6,"enemies":"Red Slaver","floor":13,"turns":3},{"damage":15,"enemies":"Lagavulin","floor":14,"turns":5},{"damage":38,"enemies":"Hexaghost","floor":16,"turns":5},{"damage":7,"enemies":"3 Byrds","floor":18,"turns":5},{"damage":31,"enemies":"Shell Parasite","floor":20,"turns":4},{"damage":23,"enemies":"Shelled Parasite and Fungi","floor":22,"turns":4},{"damage":62,"enemies":"Book of Stabbing","floor":23,"turns":6},{"damage":45,"enemies":"Slavers","floor":25,"turns":4}],"seed_played":"-6026267211343751909","potions_obtained":[{"floor":6,"key":"Swift Potion"},{"floor":7,"key":"Fire Potion"},{"floor":12,"key":"EssenceOfSteel"},{"floor":20,"key":"ColorlessPotion"}],"is_trial":false,"path_per_floor":["M","?","$","?","M","E","M","E","T","?","M","E","M","E","R","B",null,"M","?","M","?","M","E","$","E"],"character_chosen":"IRONCLAD","items_purchased":["Inflame","Wild Strike","Fruit Juice","Bag of Marbles"],"campfire_rested":0,"item_purchase_floors":[3,3,24,24],"current_hp_per_floor":[74,67,67,67,73,75,75,61,61,61,60,53,55,48,48,18,61,65,65,57,57,48,9,9,0,0],"gold":47,"neow_bonus":"THREE_ENEMY_KILL","is_daily":false,"chose_seed":false,"campfire_upgraded":1,"win_rate":0.0,"timestamp":1612203035,"path_taken":["M","?","$","?","M","E","M","E","T","?","?","E","M","E","R","BOSS","M","?","M","?","M","E","$","E"],"items_purchased_type":["Card","Card","Potion","Relic"],"build_version":"2020-12-18","purchased_purges":1,"victory":false,"max_hp_per_floor":[75,75,75,75,75,75,75,75,75,75,75,75,75,75,75,75,75,75,75,75,75,75,75,75,80,80],"relic_stats":{"Blood Vial":20,"Busted Crown":8,"counters":[15,58],"Bag of Preparation":[20],"Juzu Bracelet":0,"obtain_stats":[{"Blood Vial":8,"Busted Crown":17,"NeowsBlessing":0,"Bag of Preparation":9,"Juzu Bracelet":14,"Bag of Marbles":24,"Ancient Tea Set":12,"Burning Blood":0,"InkBottle":6,"Paper Frog":23},{"Blood Vial":5,"Busted Crown":10,"NeowsBlessing":0,"Bag of Preparation":5,"Juzu Bracelet":9,"Bag of Marbles":14,"Ancient Tea Set":7,"Burning Blood":0,"InkBottle":3,"Paper Frog":14},{"Blood Vial":12,"Busted Crown":35,"NeowsBlessing":0,"Bag of Preparation":12,"Juzu Bracelet":30,"Bag of Marbles":54,"Ancient Tea Set":22,"Burning Blood":0,"InkBottle":4,"Paper Frog":54}],"Burning Blood":74,"InkBottle":[16]},"card_choices":[{"not_picked":["Iron Wave","Warcry"],"picked":"Shockwave","floor":1},{"not_picked":["Evolve","Burning Pact"],"picked":"Carnage","floor":5},{"not_picked":["Carnage","Feel No Pain"],"picked":"Armaments","floor":6},{"not_picked":["Headbutt","Warcry"],"picked":"Anger","floor":7},{"not_picked":["Clash","Barricade"],"picked":"Spot Weakness","floor":8},{"not_picked":["Perfected Strike","Rampage"],"picked":"Sword Boomerang","floor":11},{"not_picked":["Armaments","Rage"],"picked":"Dropkick","floor":12},{"not_picked":["Twin Strike","Entrench","Seeing Red"],"picked":"SKIP","floor":13},{"not_picked":["Shrug It Off","Twin Strike"],"picked":"Corruption","floor":14},{"not_picked":["Demon Form","Berserk"],"picked":"Reaper","floor":16},{"not_picked":["Infernal Blade"],"picked":"SKIP","floor":18},{"not_picked":["Clash"],"picked":"SKIP","floor":20},{"not_picked":[],"picked":"Sentinel","floor":22},{"not_picked":["Havoc"],"picked":"SKIP","floor":23}],"player_experience":2173502,"relics_obtained":[{"floor":6,"key":"InkBottle"},{"floor":8,"key":"Blood Vial"},{"floor":9,"key":"Bag of Preparation"},{"floor":12,"key":"Ancient Tea Set"},{"floor":14,"key":"Juzu Bracelet"},{"floor":23,"key":"Paper Frog"}],"event_choices":[{"cards_removed":["Defend_R"],"damage_healed":0,"gold_gain":0,"player_choice":"Card Removal","damage_taken":7,"max_hp_gain":0,"max_hp_loss":0,"event_name":"Golden Wing","floor":2,"gold_loss":0},{"damage_healed":0,"gold_gain":0,"player_choice":"Grow","damage_taken":0,"max_hp_gain":0,"max_hp_loss":0,"event_name":"Living Wall","floor":4,"gold_loss":0,"cards_upgraded":["Inflame"]},{"damage_healed":0,"gold_gain":0,"player_choice":"Ignored","damage_taken":0,"max_hp_gain":0,"max_hp_loss":0,"event_name":"Liars Game","floor":10,"gold_loss":0},{"damage_healed":0,"gold_gain":0,"player_choice":"Ignored","damage_taken":0,"max_hp_gain":0,"max_hp_loss":0,"event_name":"The Mausoleum","floor":19,"gold_loss":0},{"damage_healed":0,"gold_gain":0,"player_choice":"Read","damage_taken":0,"max_hp_gain":0,"max_hp_loss":0,"event_name":"The Library","floor":21,"gold_loss":0,"cards_obtained":["Sentinel"]}],"is_beta":true,"boss_relics":[{"not_picked":["Empty Cage","Runic Dome"],"picked":"Busted Crown"}],"items_purged_floors":[24],"is_endless":false,"potions_floor_spawned":[6,7,8,12,14,20],"killed_by":"Slavers","ascension_level":20}}