{"host":"wfy07lporsqrbz3r","time":1612184201,"event":{"mods":["BaseMod","Minty Spire (QoL Compilation)","Replay The Spire","StSLib"],"gold_per_floor":[112,132,132,282,357,386,386,415,415,415,431,319,351,351,351,428,428,443,457,457,457,469,469,500,480,480,515,530,563,613,648,648,726,726,746,746,929,947,962,962,962],"floor_reached":40,"language":"ZHS","playtime":1301,"items_purged":["Doubt","Decay"],"score":1495,"play_id":"7f4e3772-6f52-4079-b552-41fcf18eb1e3","local_time":"20210201205641","daily_mods":["SealedDeck","Heirloom","Elite Swarm","Lethality"],"is_ascension_mode":true,"campfire_choices":[{"floor":7.0,"key":"DIG"},{"data":"Limit Break","floor":15.0,"key":"SMITH"},{"floor":23.0,"key":"REST"},{"data":"Pot Of Greed","floor":32.0,"key":"SMITH"},{"data":"Offering","floor":32.0,"key":"SMITH"}],"circlet_count":0,"master_deck":["AscendersBane","Flex","Heavy Blade","Thunderclap","ReplayTheSpireMod:Limb From Limb","Sword Boomerang","Flex","Seeing Red","Offering+1","Limit Break+1","Replay:Undeath\u0027s Touch+1","Pot Of Greed+1","Fiend Fire","Limit Break","Trip+1","Shockwave+1","Evolve+1"],"relics":["Black Blood","Shovel","Pear","Boot","Durian","Replay:Wax Seal","Oddly Smooth Stone","Prayer Wheel","Champion Belt","ReplayTheSpireMod:Ninjato","Grinning Jar","Replay:Arrowhead","ReplayTheSpireMod:CursedCoin","Red Mask","Replay:Grab Bag","Sozu","Coffee Dripper","Astrolabe"],"acts_visited":["Exordium","TheCity","TheBeyond"],"potions_floor_usage":[38,38],"damage_taken":[{"damage":9.0,"enemies":"Small Slimes","floor":1.0,"turns":2.0},{"damage":10.0,"enemies":"2 Louse","floor":2.0,"turns":2.0},{"damage":6.0,"enemies":"Gremlin Nob","floor":6.0,"turns":3.0},{"damage":6.0,"enemies":"3 Sentries","floor":8.0,"turns":1.0},{"damage":0.0,"enemies":"Cultist","floor":11.0,"turns":2.0},{"damage":6.0,"enemies":"Lagavulin","floor":13.0,"turns":1.0},{"damage":49.0,"enemies":"Hexaghost","floor":16.0,"turns":3.0},{"damage":62.0,"enemies":"3 Byrds","floor":18.0,"turns":3.0},{"damage":21.0,"enemies":"2 Thieves","floor":19.0,"turns":3.0},{"damage":0.0,"enemies":"Cultist and Chosen","floor":22.0,"turns":2.0},{"damage":12.0,"enemies":"Replay:Snechameleon","floor":24.0,"turns":3.0},{"damage":6.0,"enemies":"Gremlin Leader","floor":27.0,"turns":1.0},{"damage":0.0,"enemies":"Snecko","floor":28.0,"turns":2.0},{"damage":6.0,"enemies":"Slavers","floor":29.0,"turns":1.0},{"damage":0.0,"enemies":"Masked Bandits","floor":31.0,"turns":2.0},{"damage":38.0,"enemies":"Champ","floor":33.0,"turns":4.0},{"damage":10.0,"enemies":"3 Darklings","floor":35.0,"turns":2.0},{"damage":12,"enemies":"3 Shapes","floor":38,"turns":2},{"damage":12,"enemies":"Maw","floor":39,"turns":3},{"damage":55,"enemies":"R_Hoarder","floor":40,"turns":6}],"seed_played":"3618345044710120300","potions_obtained":[{"floor":1.0,"key":"Doom Potion"},{"floor":6.0,"key":"Dexterity Potion"},{"floor":20.0,"key":"DistilledChaos"},{"floor":20.0,"key":"LifebloodPotion"},{"floor":22.0,"key":"SkillPotion"},{"floor":28.0,"key":"Fire Potion"},{"floor":33.0,"key":"Adrenaline Potion"}],"is_trial":true,"path_per_floor":["M","M","$","?","?","E","R","E","T","?","M","$","E","?","R","B",null,"M","M","?","$","M","R","E","?","T","E","M","E","$","?","R","B",null,"M","?","?","M","M","E"],"character_chosen":"IRONCLAD","items_purchased":["Replay:Undeath\u0027s Touch+1","ReplayTheSpireMod:CursedCoin"],"campfire_rested":1,"item_purchase_floors":[12,30],"current_hp_per_floor":[65,61,61,61,50,60,60,65,65,60,66,66,66,71,71,28,75,25,16,16,16,28,55,55,55,55,61,73,79,79,90,90,64,84,86,86,57,57,57,2,2],"gold":962,"neow_bonus":"","is_daily":false,"chose_seed":false,"campfire_upgraded":3,"win_rate":0.0,"timestamp":1612184201,"path_taken":["M","M","$","?","?","E","R","E","T","?","M","$","E","?","R","BOSS","M","M","?","$","?","R","E","?","T","E","M","E","?","?","R","BOSS","M","?","?","M","?","E"],"items_purchased_type":["Card","Relic"],"build_version":"2020-12-22","purchased_purges":2,"victory":false,"max_hp_per_floor":[75,75,75,75,75,85,85,90,90,90,90,90,90,90,90,90,90,90,90,90,90,90,90,90,90,90,90,90,90,90,90,90,90,90,90,90,90,90,90,90,90],"card_choices":[{"not_picked":["Clothesline","ReplayTheSpireMod:Corrosion Curse","Body Slam"],"picked":"SKIP","floor":1.0},{"not_picked":["True Grit","Sever Soul","Heavy Blade"],"picked":"SKIP","floor":2.0},{"not_picked":["Juggernaut","Corruption"],"picked":"Offering","floor":6.0},{"not_picked":["Replay:Many Hands","Demonic Infusion"],"picked":"Limit Break","floor":8.0},{"not_picked":["Body Slam","Cleave","Warcry"],"picked":"SKIP","floor":11.0},{"not_picked":["Demonic Infusion","Barricade","Brutality"],"picked":"SKIP","floor":13.0},{"not_picked":["Anger","Warcry","Iron Wave"],"picked":"SKIP","floor":18.0},{"not_picked":["Wild Strike+1","Sword Boomerang","ReplayTheSpireMod:Corrosion Curse+1"],"picked":"SKIP","floor":18.0},{"not_picked":["Flame Barrier","Dropkick","Sentinel+1"],"picked":"SKIP","floor":19.0},{"not_picked":["Flame Barrier","ReplayTheSpireMod:Strike From Hell","Metallicize"],"picked":"SKIP","floor":19.0},{"not_picked":["True Grit","Perfected Strike","Twin Strike"],"picked":"SKIP","floor":22.0},{"not_picked":["Clash","Sword Boomerang","Twin Strike"],"picked":"SKIP","floor":22.0},{"not_picked":["Hemogenesis","Juggernaut","Demon Form"],"picked":"SKIP","floor":24.0},{"not_picked":["Demon Form","Barricade"],"picked":"Fiend Fire","floor":27.0},{"not_picked":["Reckless Charge","Entrench+1","Headbutt"],"picked":"SKIP","floor":28.0},{"not_picked":["Body Slam","Searing Blow","Shrug It Off+1"],"picked":"SKIP","floor":28.0},{"not_picked":["Berserk","Replay:Many Hands","Eclipse"],"picked":"SKIP","floor":29.0},{"not_picked":["Impervious","Bludgeon"],"picked":"Limit Break","floor":33.0},{"not_picked":["Headbutt","Sword Boomerang+1","Warcry"],"picked":"SKIP","floor":35.0},{"not_picked":["Heavy Blade","Warcry","Replay:Undeath\u0027s Touch"],"picked":"SKIP","floor":35.0},{"not_picked":["Headbutt","Feel No Pain+1","Rage"],"picked":"SKIP","floor":38},{"not_picked":["Body Slam+1","Exhume","Warcry+1"],"picked":"SKIP","floor":38},{"not_picked":["True Grit","Metallicize","Body Slam+1"],"picked":"SKIP","floor":39},{"not_picked":["Uppercut","ReplayTheSpireMod:Strike From Hell+1","Thunderclap"],"picked":"SKIP","floor":39}],"player_experience":809652,"relics_obtained":[{"floor":6.0,"key":"Pear"},{"floor":7.0,"key":"Boot"},{"floor":8.0,"key":"Durian"},{"floor":9.0,"key":"Replay:Wax Seal"},{"floor":13.0,"key":"Prayer Wheel"},{"floor":24.0,"key":"Champion Belt"},{"floor":26.0,"key":"ReplayTheSpireMod:Ninjato"},{"floor":27.0,"key":"Grinning Jar"},{"floor":29.0,"key":"Replay:Arrowhead"},{"floor":31.0,"key":"Red Mask"}],"event_choices":[{"damage_healed":0.0,"max_hp_gain":0.0,"max_hp_loss":0.0,"gold_gain":150.0,"event_name":"Liars Game","player_choice":"AGREE","floor":4.0,"gold_loss":0.0,"damage_taken":0.0,"cards_obtained":["Doubt"]},{"damage_healed":0.0,"max_hp_gain":0.0,"max_hp_loss":0.0,"gold_gain":75.0,"event_name":"World of Goop","player_choice":"Gather Gold","floor":5.0,"gold_loss":0.0,"damage_taken":11.0},{"damage_healed":0.0,"max_hp_gain":0.0,"max_hp_loss":0.0,"gold_gain":0.0,"event_name":"Scrap Ooze","player_choice":"Success","floor":10.0,"gold_loss":0.0,"damage_taken":5.0,"relics_obtained":["Oddly Smooth Stone"]},{"cards_removed":["Anger"],"damage_healed":5.0,"max_hp_gain":0.0,"max_hp_loss":0.0,"gold_gain":0.0,"event_name":"Bonfire Elementals","player_choice":"Offered Common","floor":14.0,"gold_loss":0.0,"damage_taken":0.0},{"cards_removed":["Anger"],"damage_healed":5.0,"max_hp_gain":0.0,"max_hp_loss":0.0,"gold_gain":0.0,"event_name":"Bonfire Elementals","player_choice":"Offered Special","floor":14.0,"gold_loss":0.0,"damage_taken":0.0},{"damage_healed":0.0,"max_hp_gain":0.0,"max_hp_loss":0.0,"gold_gain":0.0,"event_name":"Lab","player_choice":"Got Potions","floor":20.0,"gold_loss":0.0,"damage_taken":0.0},{"damage_healed":0.0,"max_hp_gain":0.0,"max_hp_loss":0.0,"gold_gain":0.0,"event_name":"The Woman in Blue","player_choice":"Bought 1 Potion","floor":25.0,"gold_loss":0.0,"damage_taken":0.0},{"damage_healed":0.0,"max_hp_gain":0.0,"max_hp_loss":0.0,"gold_gain":0.0,"event_name":"Masked Bandits","player_choice":"Fought Bandits","floor":31.0,"gold_loss":0.0,"damage_taken":0.0}],"is_beta":false,"boss_relics":[{"not_picked":["ReplayTheSpireMod:DimensionalGlitch","Busted Crown"],"picked":"Black Blood"},{"not_picked":["Painkiller Herb","Runic Dome"],"picked":"Replay:Grab Bag"},{"not_picked":["Philosopher\u0027s Stone","Ooze Armor"],"picked":"Sozu"},{"not_picked":["Fusion Hammer","Velvet Choker"],"picked":"Coffee Dripper"},{"not_picked":["Mark of Pain","Calling Bell"],"picked":"Astrolabe"}],"items_purged_floors":[12,30],"is_endless":true,"potions_floor_spawned":[1,6,11,19,22,28,33,35,38,39],"killed_by":"R_Hoarder","ascension_level":20}}