{"host":"y76x98twjnyyxs83","time":1612216573,"event":{"mods":["BaseMod","Colored Powertips","Minty Spire (QoL Compilation)","Permanent Neow","Quick Restart","Rare Cards Sparkle","Relic Stats","StSLib"],"gold_per_floor":[113,127,52,62,79,108,108,108,108,108,142,162,162,189,189,264,264,284,295,210,190,62,62,89,89,167,196,196,211,211,224,224,224,224],"floor_reached":33,"language":"ENG","playtime":1828,"items_purged":["Fasting2"],"score":806,"play_id":"5b5373cd-19ea-40e1-9ca3-bd89e9077fd4","local_time":"20210202055613","is_ascension_mode":true,"campfire_choices":[{"data":"EmptyFist","floor":7.0,"key":"SMITH"},{"data":"CutThroughFate","floor":10.0,"key":"SMITH"},{"data":"Evaluate","floor":13,"key":"SMITH"},{"data":"Conclude","floor":15,"key":"SMITH"},{"data":"Meditate","floor":23,"key":"SMITH"},{"data":"LikeWater","floor":25,"key":"SMITH"},{"floor":28,"key":"REST"},{"data":"Meditate","floor":30,"key":"SMITH"},{"floor":32,"key":"REST"}],"circlet_count":0,"master_deck":["AscendersBane","Eruption","Vigilance+1","FlyingSleeves+1","ReachHeaven","EmptyFist+1","CutThroughFate+1","JustLucky","Conclude+1","Evaluate+1","Meditate+1","LessonLearned+1","Crescendo+1","Protect","Worship+1","Conclude","LikeWater+1","FlyingSleeves+1","Halt+1","Vengeance+1","Meditate+1","SpiritShield"],"relics":["PureWater","Orichalcum","Whetstone","White Beast Statue","Pocketwatch","Yang","Pandora\u0027s Box","Toy Ornithopter","Mercury Hourglass","Mummified Hand"],"acts_visited":["Exordium","TheCity"],"potions_floor_usage":[18,19,27,33,33],"damage_taken":[{"damage":7.0,"enemies":"Jaw Worm","floor":1.0,"turns":4.0},{"damage":0.0,"enemies":"Small Slimes","floor":2.0,"turns":2.0},{"damage":0.0,"enemies":"Cultist","floor":4.0,"turns":3.0},{"damage":5.0,"enemies":"Looter","floor":5.0,"turns":2.0},{"damage":17.0,"enemies":"3 Sentries","floor":6.0,"turns":7.0},{"damage":0,"enemies":"Gremlin Nob","floor":11,"turns":2},{"damage":0,"enemies":"3 Louse","floor":12,"turns":2},{"damage":12,"enemies":"3 Sentries","floor":14,"turns":4},{"damage":0,"enemies":"Slime Boss","floor":16,"turns":3},{"damage":8,"enemies":"Shell Parasite","floor":18,"turns":3},{"damage":12,"enemies":"2 Thieves","floor":19,"turns":4},{"damage":0,"enemies":"Gremlin Leader","floor":24,"turns":4},{"damage":29,"enemies":"Slavers","floor":27,"turns":7},{"damage":17,"enemies":"Shelled Parasite and Fungi","floor":29,"turns":4},{"damage":14,"enemies":"Snake Plant","floor":31,"turns":4},{"damage":63,"enemies":"Champ","floor":33,"turns":12}],"seed_played":"5921558702799617814","potions_obtained":[{"floor":2.0,"key":"ColorlessPotion"},{"floor":4.0,"key":"LiquidBronze"},{"floor":11,"key":"LiquidMemories"},{"floor":12,"key":"PowerPotion"},{"floor":18,"key":"Weak Potion"},{"floor":19,"key":"BottledMiracle"},{"floor":27,"key":"LiquidBronze"},{"floor":31,"key":"FearPotion"}],"is_trial":false,"path_per_floor":["M","M","?","M","M","E","R","?","T","R","E","M","R","E","R","B",null,"M","M","?","?","$","R","E","R","T","E","R","M","R","M","R","B"],"character_chosen":"WATCHER","items_purchased":["FearPotion"],"campfire_rested":2,"item_purchase_floors":[22],"current_hp_per_floor":[54,54,54,54,49,32,32,37,37,37,37,37,37,25,25,25,61,53,41,41,41,41,41,41,41,41,17,38,21,21,7,28,0,0],"gold":224,"neow_bonus":"RANDOM_COMMON_RELIC","is_daily":false,"chose_seed":false,"campfire_upgraded":7,"win_rate":0.0,"timestamp":1612216573,"path_taken":["M","M","?","M","M","E","R","?","T","R","E","M","R","E","R","BOSS","M","M","?","?","$","R","E","R","T","E","R","M","R","M","R","BOSS"],"items_purchased_type":["Potion"],"build_version":"2020-12-22","purchased_purges":1,"victory":false,"max_hp_per_floor":[68,68,68,68,68,68,68,73,73,73,73,73,73,73,73,73,73,73,73,73,73,73,73,73,73,73,73,73,73,73,73,73,73,73],"relic_stats":{"counters":[16,67],"Mummified Hand":[5],"Yang":[71],"Pandora\u0027s Box":["Crescendo","Protect","Fasting2","Worship","Conclude","LikeWater","FlyingSleeves"],"Whetstone":["FlyingSleeves","Strike_P"],"Orichalcum":[150],"obtain_stats":[{"Mummified Hand":27,"Yang":14,"Pandora\u0027s Box":17,"Whetstone":6,"PureWater":0,"Orichalcum":0,"White Beast Statue":9,"Toy Ornithopter":20,"Pocketwatch":11,"Mercury Hourglass":26},{"Mummified Hand":13,"Yang":8,"Pandora\u0027s Box":9,"Whetstone":5,"PureWater":0,"Orichalcum":0,"White Beast Statue":5,"Toy Ornithopter":11,"Pocketwatch":6,"Mercury Hourglass":12},{"Mummified Hand":47,"Yang":26,"Pandora\u0027s Box":29,"Whetstone":18,"PureWater":0,"Orichalcum":0,"White Beast Statue":18,"Toy Ornithopter":36,"Pocketwatch":20,"Mercury Hourglass":40}],"Toy Ornithopter":15,"Pocketwatch":[46],"Mercury Hourglass":[63]},"card_choices":[{"not_picked":["Nirvana","SashWhip"],"picked":"FlyingSleeves","floor":1.0},{"not_picked":["JustLucky","ClearTheMind"],"picked":"ReachHeaven","floor":2.0},{"not_picked":["CarveReality","Collect"],"picked":"EmptyFist","floor":4.0},{"not_picked":["Fasting2","WreathOfFlame"],"picked":"CutThroughFate","floor":5.0},{"not_picked":["Establishment","Prostrate"],"picked":"JustLucky","floor":6.0},{"not_picked":["ThirdEye","FlurryOfBlows"],"picked":"Conclude","floor":11},{"not_picked":["EmptyFist","Evaluate","FollowUp"],"picked":"SKIP","floor":12},{"not_picked":["EmptyFist","FollowUp"],"picked":"Evaluate","floor":12},{"not_picked":["Consecrate","InnerPeace"],"picked":"Meditate","floor":14},{"not_picked":["Omniscience","Judgement"],"picked":"LessonLearned","floor":16},{"not_picked":["FlyingSleeves","FlurryOfBlows","EmptyFist"],"picked":"SKIP","floor":18},{"not_picked":["Crescendo","DeceiveReality"],"picked":"Halt","floor":19},{"not_picked":["ClearTheMind+1","EmptyBody","Sanctity"],"picked":"SKIP","floor":24},{"not_picked":["Halt+1","ClearTheMind"],"picked":"Vengeance+1","floor":27},{"not_picked":["SashWhip","Wallop"],"picked":"Meditate","floor":29},{"not_picked":["Crescendo","Sanctity+1"],"picked":"SpiritShield","floor":31}],"player_experience":1187787,"relics_obtained":[{"floor":6.0,"key":"Whetstone"},{"floor":9.0,"key":"White Beast Statue"},{"floor":11,"key":"Pocketwatch"},{"floor":14,"key":"Yang"},{"floor":26,"key":"Mercury Hourglass"},{"floor":27,"key":"Mummified Hand"}],"event_choices":[{"cards_removed":["Defend_P"],"damage_healed":0.0,"max_hp_gain":0.0,"max_hp_loss":0.0,"gold_gain":0.0,"event_name":"The Cleric","player_choice":"Card Removal","floor":3.0,"gold_loss":75.0,"damage_taken":0.0},{"damage_healed":0.0,"max_hp_gain":5.0,"max_hp_loss":0.0,"gold_gain":0.0,"event_name":"Big Fish","player_choice":"Donut","floor":8.0,"gold_loss":0.0,"damage_taken":0.0},{"damage_healed":0,"gold_gain":0,"player_choice":"Obtained Relic","damage_taken":0,"relics_obtained":["Toy Ornithopter"],"max_hp_gain":0,"max_hp_loss":0,"event_name":"Addict","floor":20,"gold_loss":85},{"damage_healed":0,"gold_gain":0,"player_choice":"Bought 1 Potion","damage_taken":0,"max_hp_gain":0,"max_hp_loss":0,"event_name":"The Woman in Blue","floor":21,"gold_loss":0}],"is_beta":false,"boss_relics":[{"not_picked":["HolyWater","VioletLotus"],"picked":"Pandora\u0027s Box"}],"items_purged_floors":[22],"is_endless":false,"potions_floor_spawned":[2,4,11,12,14,16,18,19,24,27,29,31],"killed_by":"Champ","ascension_level":20}}