{"host":"nwd160me4iqdtr8u","time":1612164165,"event":{"mods":["AchievementEnabler","Act Like it!","BaseMod","Colored Map","DeckTracker","Keyboard Shortcuts","Minty Spire (QoL Compilation)","Quick Restart","Rare Cards Sparkle","StSLib","SuperFastMode","everything is the same but u backflip on backflip"],"gold_per_floor":[117,127,142,142,142,142,161,175,175,12,12,29,44,79,79,153,153,170,170,8,23,0,0,14,14,39,51,51],"floor_reached":27,"language":"KOR","playtime":816,"items_purged":[],"score":419,"play_id":"f5a31d6a-5aa0-4eba-bca5-7cd8875b2048","local_time":"20210201162245","is_ascension_mode":true,"campfire_choices":[{"data":"Noxious Fumes","floor":6.0,"key":"SMITH"},{"data":"Deadly Poison","floor":11.0,"key":"SMITH"},{"data":"Phantasmal Killer","floor":15.0,"key":"SMITH"},{"data":"Wraith Form v2","floor":23.0,"key":"SMITH"}],"circlet_count":0,"master_deck":["AscendersBane","Strike_G","Strike_G","Strike_G","Strike_G","Defend_G","Defend_G","Defend_G","Defend_G","Defend_G","Survivor","Neutralize","Noxious Fumes+1","Dash","Unload","Deadly Poison+1","Backflip","PiercingWail","Dodge and Roll","Footwork","Phantasmal Killer+1","Wraith Form v2+1","Tactician+1","Escape Plan","Calculated Gamble","Prepared+1","Acrobatics+1"],"relics":["Ring of the Snake","Incense Burner","Lee\u0027s Waffle","HornCleat","Coffee Dripper","MawBank"],"acts_visited":["Exordium","TheCity"],"potions_floor_usage":[],"damage_taken":[{"damage":11.0,"enemies":"Cultist","floor":1.0,"turns":5.0},{"damage":9.0,"enemies":"Jaw Worm","floor":2.0,"turns":4.0},{"damage":5.0,"enemies":"2 Louse","floor":3.0,"turns":4.0},{"damage":26.0,"enemies":"Gremlin Gang","floor":7.0,"turns":4.0},{"damage":0.0,"enemies":"Looter","floor":8.0,"turns":3.0},{"damage":8.0,"enemies":"Exordium Wildlife","floor":12.0,"turns":5.0},{"damage":4.0,"enemies":"Blue Slaver","floor":13.0,"turns":3.0},{"damage":11.0,"enemies":"Lagavulin","floor":14.0,"turns":6.0},{"damage":2.0,"enemies":"The Guardian","floor":16.0,"turns":9.0},{"damage":0.0,"enemies":"3 Byrds","floor":18.0,"turns":6.0},{"damage":26.0,"enemies":"Chosen","floor":21.0,"turns":6.0},{"damage":14.0,"enemies":"Centurion and Healer","floor":24.0,"turns":9.0},{"damage":11,"enemies":"Chosen and Byrds","floor":27,"turns":4}],"seed_played":"-4309666980363804511","potions_obtained":[{"floor":1.0,"key":"LiquidBronze"},{"floor":7.0,"key":"SpeedPotion"},{"floor":12.0,"key":"Poison Potion"},{"floor":24.0,"key":"Strength Potion"}],"is_trial":false,"path_per_floor":["M","M","M","?","?","R","M","M","T","$","R","M","M","E","R","B",null,"M","?","$","M","?","R","M","?","T","M"],"character_chosen":"THE_SILENT","items_purchased":["Lee\u0027s Waffle","Escape Plan","Calculated Gamble"],"campfire_rested":0,"item_purchase_floors":[10,20,20],"current_hp_per_floor":[48,39,34,34,34,34,8,8,8,73,73,65,61,50,50,48,67,67,46,46,20,20,20,6,6,6,0,0],"gold":51,"neow_bonus":"THREE_CARDS","is_daily":false,"chose_seed":false,"campfire_upgraded":4,"win_rate":0.0,"timestamp":1612164165,"path_taken":["M","M","?","?","?","R","M","M","T","$","R","M","?","E","R","BOSS","M","?","$","M","?","R","M","?","T","M"],"items_purchased_type":["Relic","Card","Card"],"build_version":"2020-12-22","purchased_purges":0,"victory":false,"max_hp_per_floor":[66,66,66,66,66,66,66,66,66,73,73,73,73,73,73,73,73,73,78,78,78,78,78,78,78,78,78,78],"card_choices":[{"not_picked":["Deadly Poison","Blade Dance"],"picked":"Noxious Fumes","floor":0.0},{"not_picked":["Blade Dance","Slice"],"picked":"Dash","floor":1.0},{"not_picked":["Cloak And Dagger","Flying Knee","Leg Sweep"],"picked":"SKIP","floor":2.0},{"not_picked":["Dodge and Roll","Sucker Punch"],"picked":"Unload","floor":3.0},{"not_picked":["Dodge and Roll","Noxious Fumes"],"picked":"Backflip","floor":7.0},{"not_picked":["Deadly Poison","Slice"],"picked":"PiercingWail","floor":8.0},{"not_picked":["Slice","Concentrate"],"picked":"Dodge and Roll","floor":12.0},{"not_picked":["Infinite Blades","Deadly Poison"],"picked":"Footwork","floor":13.0},{"not_picked":["Sucker Punch","Dagger Spray"],"picked":"Phantasmal Killer","floor":14.0},{"not_picked":["A Thousand Cuts","After Image"],"picked":"Wraith Form v2","floor":16.0},{"not_picked":["Sucker Punch","Underhanded Strike+1"],"picked":"Tactician+1","floor":18.0},{"not_picked":["Leg Sweep","Quick Slash"],"picked":"Prepared+1","floor":21.0},{"not_picked":["Catalyst","Well Laid Plans"],"picked":"Acrobatics+1","floor":24.0}],"player_experience":357714,"relics_obtained":[{"floor":14.0,"key":"HornCleat"},{"floor":26.0,"key":"MawBank"}],"event_choices":[{"damage_healed":0.0,"max_hp_gain":0.0,"max_hp_loss":0.0,"gold_gain":0.0,"cards_transformed":["Strike_G"],"event_name":"Living Wall","player_choice":"Change","floor":4.0,"gold_loss":0.0,"damage_taken":0.0,"cards_obtained":["Deadly Poison"]},{"damage_healed":0.0,"max_hp_gain":0.0,"max_hp_loss":0.0,"gold_gain":0.0,"event_name":"WeMeetAgain","player_choice":"Gave Potion","floor":5.0,"gold_loss":0.0,"damage_taken":0.0,"relics_obtained":["Incense Burner"]},{"damage_healed":0.0,"max_hp_gain":5.0,"max_hp_loss":0.0,"gold_gain":0.0,"event_name":"Forgotten Altar","player_choice":"Shed Blood","floor":19.0,"gold_loss":0.0,"damage_taken":26.0},{"damage_healed":0.0,"max_hp_gain":0.0,"max_hp_loss":0.0,"gold_gain":0.0,"event_name":"Masked Bandits","player_choice":"Paid Fearfully","floor":22.0,"gold_loss":23.0,"damage_taken":0.0}],"is_beta":false,"boss_relics":[{"not_picked":["SacredBark","Ring of the Serpent"],"picked":"Coffee Dripper"}],"items_purged_floors":[],"is_endless":false,"potions_floor_spawned":[1,7,12,24],"killed_by":"Chosen and Byrds","ascension_level":19}}