{"host":"jx3f6ezc0g3s9edc","time":1612142373,"event":{"mods":["AchievementEnabler","BaseMod","Bestiary","Colored Map","Highlight Path","Minty Spire (QoL Compilation)","StSLib"],"gold_per_floor":[115,130,130,143,20,20,34,67,147,166,166,179,179,192,192,288,338,349,48,48,48,65,91,91,91,91],"floor_reached":25,"language":"ENG","playtime":2012,"items_purged":["Strike_P","Strike_P"],"score":268,"play_id":"41434140-f709-4c6d-a443-5cb7e0d1a3df","local_time":"20210131201933","is_ascension_mode":true,"campfire_choices":[{"data":"Eruption","floor":6.0,"key":"SMITH"},{"data":"Conclude","floor":11,"key":"SMITH"},{"floor":13,"key":"DIG"},{"data":"TalkToTheHand","floor":15,"key":"SMITH"},{"floor":24,"key":"REST"}],"circlet_count":0,"master_deck":["Strike_P","Defend_P","Defend_P","Defend_P","Defend_P","Eruption+1","Vigilance","CrushJoints","TalkToTheHand+1","Scrawl","Tantrum","Conclude+1","Halt+1","Adaptation","Collect","EmptyBody","DevaForm","Tantrum","ThirdEye","Vault","FlyingSleeves","FlurryOfBlows+1"],"relics":["PureWater","Shovel","WingedGreaves","Ornamental Fan","Dream Catcher","Tiny House","Sling","Question Card"],"acts_visited":["Exordium","TheCity"],"potions_floor_usage":[8,16,22,23,23,23,23,25],"damage_taken":[{"damage":11.0,"enemies":"Small Slimes","floor":1.0,"turns":5.0},{"damage":0.0,"enemies":"Cultist","floor":2.0,"turns":2.0},{"damage":2.0,"enemies":"Jaw Worm","floor":4.0,"turns":4.0},{"damage":1,"enemies":"Red Slaver","floor":7,"turns":4},{"damage":10,"enemies":"3 Sentries","floor":8,"turns":3},{"damage":0,"enemies":"2 Fungi Beasts","floor":10,"turns":3},{"damage":0,"enemies":"3 Louse","floor":12,"turns":1},{"damage":0,"enemies":"Red Slaver","floor":14,"turns":1},{"damage":4,"enemies":"Hexaghost","floor":16,"turns":7},{"damage":10,"enemies":"3 Byrds","floor":18,"turns":4},{"damage":48,"enemies":"Spheric Guardian","floor":22,"turns":9},{"damage":10,"enemies":"Book of Stabbing","floor":23,"turns":7},{"damage":26,"enemies":"Slavers","floor":25,"turns":4}],"seed_played":"-2639958610695051407","potions_obtained":[{"floor":7,"key":"DistilledChaos"},{"floor":12,"key":"Swift Potion"},{"floor":14,"key":"Swift Potion"},{"floor":16,"key":"DistilledChaos"},{"floor":17,"key":"AttackPotion"},{"floor":22,"key":"EntropicBrew"}],"is_trial":false,"path_per_floor":["M","M","?","M","$","R","M","E","T","M","R","M","R","M","R","B",null,"M","$","?","?","M","E","R","E"],"character_chosen":"WATCHER","items_purchased":["Block Potion","Sling","ThirdEye"],"campfire_rested":1,"item_purchase_floors":[5,19,19],"current_hp_per_floor":[54,54,54,52,52,52,51,41,41,41,41,41,41,41,41,37,70,60,60,60,60,12,2,23,0,0],"gold":91,"neow_bonus":"ONE_RARE_RELIC","is_daily":false,"chose_seed":false,"campfire_upgraded":3,"win_rate":0.0,"timestamp":1612142373,"path_taken":["M","M","?","M","?","R","?","E","T","M","R","M","R","M","R","BOSS","M","$","?","?","M","E","R","E"],"items_purchased_type":["Potion","Relic","Card"],"build_version":"2020-12-22","purchased_purges":2,"victory":false,"max_hp_per_floor":[65,65,65,65,65,65,65,65,65,65,65,65,65,65,65,65,70,70,70,70,70,70,70,70,70,70],"card_choices":[{"not_picked":["PathToVictory","Crescendo"],"picked":"CrushJoints","floor":1.0},{"not_picked":["PathToVictory","Crescendo"],"picked":"TalkToTheHand","floor":2.0},{"not_picked":["Swivel","Halt"],"picked":"Tantrum","floor":4.0},{"not_picked":["Nirvana","SashWhip"],"picked":"Conclude","floor":7},{"not_picked":["Swivel","Evaluate"],"picked":"Halt","floor":8},{"not_picked":["DeceiveReality","Prostrate"],"picked":"Adaptation","floor":10},{"not_picked":["Indignation","Scrawl"],"picked":"Collect","floor":12},{"not_picked":["Crescendo","Worship"],"picked":"EmptyBody","floor":14},{"not_picked":["Judgement","Alpha"],"picked":"DevaForm","floor":16},{"not_picked":["JustLucky","SashWhip"],"picked":"Tantrum","floor":17},{"not_picked":["CrushJoints","FlurryOfBlows","JustLucky+1"],"picked":"SKIP","floor":18},{"not_picked":["SashWhip","WreathOfFlame"],"picked":"FlyingSleeves","floor":22},{"not_picked":["JustLucky","EmptyBody"],"picked":"FlurryOfBlows+1","floor":23}],"player_experience":800919,"relics_obtained":[{"floor":8,"key":"WingedGreaves"},{"floor":9,"key":"Ornamental Fan"},{"floor":13,"key":"Dream Catcher"},{"floor":23,"key":"Question Card"}],"event_choices":[{"damage_healed":0.0,"max_hp_gain":0.0,"max_hp_loss":0.0,"gold_gain":0.0,"event_name":"Match and Keep!","player_choice":"1 cards matched","floor":3.0,"gold_loss":0.0,"damage_taken":0.0,"cards_obtained":["Scrawl"]},{"damage_healed":0,"gold_gain":0,"player_choice":"Ignored","damage_taken":0,"max_hp_gain":0,"max_hp_loss":0,"event_name":"Vampires","floor":20,"gold_loss":0},{"damage_healed":0,"gold_gain":0,"cards_transformed":["Strike_P"],"player_choice":"Transformed","damage_taken":0,"max_hp_gain":0,"max_hp_loss":0,"event_name":"Transmorgrifier","floor":21,"gold_loss":0,"cards_obtained":["Vault"]}],"is_beta":false,"boss_relics":[{"not_picked":["Cursed Key","SacredBark"],"picked":"Tiny House"}],"items_purged_floors":[5,19],"is_endless":false,"potions_floor_spawned":[7,12,14,16,22],"killed_by":"Slavers","ascension_level":4}}