{"host":"y1oqg7uy0jc6f5mb","time":1612190051,"event":{"mods":["BaseMod","Better Altar","Better Match","Better Note","Better Sensory Stone","Better Skull","Better Third Choice","Colored Map","Colored Powertips","Custom Start","Downfall","Highlight Path","Ironclad Rager","Minty Spire (QoL Compilation)","Permanent Neow","Quick Restart","Relic Stats","Replay The Spire","Shop Mod","StSLib"],"gold_per_floor":[116,41,57,72,1,1,36,36,63,138,138,14,31,31,31,130,130,143,162,162,162,162],"floor_reached":21,"language":"ENG","playtime":1651,"items_purged":["Normality","Defend_R"],"score":266,"play_id":"32a2ae42-b4f7-4b01-89e3-afa5f6c001ec","local_time":"20210201223411","is_ascension_mode":true,"campfire_choices":[{"data":"Disarm","floor":6.0,"key":"SMITH"},{"floor":8.0,"key":"REST"},{"floor":15.0,"key":"REST"}],"circlet_count":0,"master_deck":["AscendersBane","Strike_R","Strike_R","Defend_R","Defend_R","Defend_R","ReplayTheSpireMod:Corrosion Curse","Disarm+1","Uppercut+1","Panacea+1","ReplayTheSpireMod:Strike From Hell","Shrug It Off","Defy Death","Twin Strike","Body Slam","Eclipse","Battle Trance","Shockwave","Juggernaut","Anger"],"relics":["Burning Blood","ReplayTheSpireMod:CursedCoin","Happy Flower","ReplayFunnel","Juzu Bracelet","Runic Cube"],"acts_visited":["Exordium","TheCity"],"potions_floor_usage":[],"damage_taken":[{"damage":8.0,"enemies":"2 Louse","floor":1.0,"turns":3.0},{"damage":3.0,"enemies":"Cultist","floor":3.0,"turns":5.0},{"damage":9.0,"enemies":"Small Slimes","floor":4.0,"turns":5.0},{"damage":53.0,"enemies":"3 Sentries","floor":7.0,"turns":12.0},{"damage":20.0,"enemies":"3 Louse","floor":13.0,"turns":3.0},{"damage":16.0,"enemies":"The Guardian","floor":16.0,"turns":13.0},{"damage":26.0,"enemies":"Shell Parasite","floor":18.0,"turns":9.0},{"damage":28.0,"enemies":"2 Thieves","floor":19.0,"turns":5.0},{"damage":30,"enemies":"Centurion and Healer","floor":21,"turns":2}],"seed_played":"6210650976023572120","potions_obtained":[{"floor":3.0,"key":"SkillPotion"},{"floor":7.0,"key":"SteroidPotion"},{"floor":13.0,"key":"SkillPotion"},{"floor":19.0,"key":"Elixir"}],"is_trial":false,"path_per_floor":["M","?","M","M","$","R","E","R","T","?","?","$","M","?","R","B",null,"M","M","?","M"],"character_chosen":"IRONCLAD","items_purchased":["ReplayTheSpireMod:CursedCoin","Happy Flower","Twin Strike"],"campfire_rested":2,"item_purchase_floors":[5,5,12],"current_hp_per_floor":[70,70,73,70,70,70,23,47,47,36,36,36,22,22,46,36,69,49,27,27,0,0],"gold":162,"neow_bonus":"TRANSFORM_CARD","is_daily":false,"chose_seed":false,"campfire_upgraded":1,"win_rate":0.0,"timestamp":1612190051,"path_taken":["M","?","?","M","$","R","E","R","T","?","?","$","M","?","R","BOSS","M","M","?","M"],"items_purchased_type":["Relic","Relic","Card"],"build_version":"2020-12-22","purchased_purges":2,"victory":false,"max_hp_per_floor":[80,80,80,80,80,80,80,80,80,80,80,80,80,80,80,80,80,80,80,80,80,80],"relic_stats":{"Happy Flower":[14],"counters":[9,57],"Juzu Bracelet":1,"obtain_stats":[{"ReplayFunnel":7,"Happy Flower":5,"ReplayTheSpireMod:CursedCoin":5,"Juzu Bracelet":9,"Burning Blood":0,"Runic Cube":17},{"ReplayFunnel":4,"Happy Flower":3,"ReplayTheSpireMod:CursedCoin":3,"Juzu Bracelet":4,"Burning Blood":0,"Runic Cube":6},{"ReplayFunnel":25,"Happy Flower":13,"ReplayTheSpireMod:CursedCoin":13,"Juzu Bracelet":25,"Burning Blood":0,"Runic Cube":41}],"Burning Blood":48,"Runic Cube":[11]},"card_choices":[{"not_picked":["Cleave","Sentinel"],"picked":"Disarm","floor":1.0},{"not_picked":["Pummel+1","Second Wind+1"],"picked":"Uppercut+1","floor":2.0},{"not_picked":["Blind+1","Madness+1"],"picked":"Panacea+1","floor":2.0},{"not_picked":["Headbutt","Thunderclap"],"picked":"ReplayTheSpireMod:Strike From Hell","floor":3.0},{"not_picked":["Uppercut","Massacre"],"picked":"Shrug It Off","floor":4.0},{"not_picked":["ReplayTheSpireMod:Strike From Hell","Flex"],"picked":"Defy Death","floor":7.0},{"not_picked":["Run Through","Havoc"],"picked":"Body Slam","floor":13.0},{"not_picked":["Bludgeon","Reaper"],"picked":"Eclipse","floor":16.0},{"not_picked":["Thunderclap","ReplayTheSpireMod:LeadingStrike+1"],"picked":"Battle Trance","floor":18.0},{"not_picked":["Uppercut","ReplayReversal"],"picked":"Shockwave","floor":19.0}],"player_experience":306100,"relics_obtained":[{"floor":7.0,"key":"ReplayFunnel"},{"floor":9.0,"key":"Juzu Bracelet"}],"event_choices":[{"damage_healed":0.0,"max_hp_gain":0.0,"max_hp_loss":0.0,"gold_gain":0.0,"event_name":"betterMatch:BetterMatch","player_choice":"2","floor":2.0,"gold_loss":0.0,"damage_taken":0.0,"cards_obtained":["betterMatch:ColorlessUncommonCard","betterMatch:UncommonCard"]},{"damage_healed":0.0,"max_hp_gain":0.0,"max_hp_loss":0.0,"gold_gain":75.0,"event_name":"betterThird:BetterGoop","player_choice":"Gold","floor":10.0,"gold_loss":0.0,"damage_taken":11.0},{"cards_removed":["Strike_R"],"damage_healed":0.0,"max_hp_gain":0.0,"max_hp_loss":0.0,"gold_gain":0.0,"event_name":"Purifier","player_choice":"Purged","floor":11.0,"gold_loss":0.0,"damage_taken":0.0},{"damage_healed":0.0,"max_hp_gain":0.0,"max_hp_loss":0.0,"gold_gain":1.0,"event_name":"betterThird:BetterScrap","player_choice":"LEAVE","floor":14.0,"gold_loss":0.0,"damage_taken":0.0,"cards_obtained":["Wraith Form v2"]},{"damage_healed":0.0,"max_hp_gain":0.0,"max_hp_loss":0.0,"gold_gain":0.0,"cards_transformed":["Bash","Strike_R"],"event_name":"Drug Dealer","player_choice":"Became Test Subject","floor":20.0,"gold_loss":0.0,"damage_taken":0.0,"cards_obtained":["Juggernaut","Anger"]}],"is_beta":false,"boss_relics":[{"not_picked":["Black Blood","Tiny House"],"picked":"Runic Cube"}],"items_purged_floors":[5,12],"is_endless":false,"potions_floor_spawned":[3,7,13,19],"killed_by":"Centurion and Healer","ascension_level":10}}