{"host":"og6lam4kt3nibbw0","time":1612204655,"event":{"mods":["AchievementEnabler","BaseMod","Colored Map","DeckTracker","Highlight Path","Keyboard Shortcuts","Minty Spire (QoL Compilation)","Permanent Neow","Quick Restart","StSLib","SuperFastMode"],"gold_per_floor":[11,30,41,91,8,8,34,34,60,60,85,27,27,41,41,118,118,137,151,151,166,166,166,183,183,183,183,199,213,213,128,128,205,255,270,270,270,290,290,290],"floor_reached":39,"language":"KOR","playtime":1632,"items_purged":[],"score":778,"play_id":"5af9c373-701d-4f71-ac42-7b8b5a14b8c8","local_time":"20210202033735","is_ascension_mode":true,"campfire_choices":[{"data":"Apotheosis","floor":6.0,"key":"SMITH"},{"floor":8.0,"key":"RECALL"},{"floor":13.0,"key":"REST"},{"floor":15.0,"key":"REST"},{"floor":23.0,"key":"REST"},{"data":"Storm","floor":25.0,"key":"SMITH"},{"floor":27.0,"key":"REST"},{"floor":30.0,"key":"REST"},{"floor":32.0,"key":"REST"}],"circlet_count":0,"master_deck":["AscendersBane","Strike_B","Defend_B","Defend_B","Zap","Dualcast","Apotheosis+1","White Noise","Hologram+1","Darkness+1","Static Discharge","Capacitor","Steam","Leap","Conserve Battery","Storm+1","Seek","Aggregate+1","Fission+1","Blizzard+1","Barrage","Glacier+1","Coolheaded","Coolheaded","Aggregate","Stack","Creative AI","Stack","Static Discharge","Madness","Madness","Sweeping Beam"],"relics":["Cracked Core","War Paint","Bag of Marbles","Calipers","Astrolabe","Bird Faced Urn","Tiny House"],"acts_visited":["Exordium","TheCity","TheBeyond"],"potions_floor_usage":[39,39],"damage_taken":[{"damage":4.0,"enemies":"Jaw Worm","floor":1.0,"turns":4.0},{"damage":0.0,"enemies":"Cultist","floor":2.0,"turns":3.0},{"damage":0.0,"enemies":"2 Louse","floor":3.0,"turns":1.0},{"damage":12.0,"enemies":"Gremlin Nob","floor":7.0,"turns":3.0},{"damage":33.0,"enemies":"Lagavulin","floor":11.0,"turns":9.0},{"damage":9.0,"enemies":"Blue Slaver","floor":14.0,"turns":4.0},{"damage":10.0,"enemies":"Hexaghost","floor":16.0,"turns":10.0},{"damage":13.0,"enemies":"Shell Parasite","floor":18.0,"turns":7.0},{"damage":25.0,"enemies":"Chosen","floor":19.0,"turns":5.0},{"damage":12.0,"enemies":"Snake Plant","floor":21.0,"turns":5.0},{"damage":5.0,"enemies":"3 Cultists","floor":24.0,"turns":2.0},{"damage":14.0,"enemies":"Sentry and Sphere","floor":28.0,"turns":4.0},{"damage":17.0,"enemies":"Snecko","floor":29.0,"turns":6.0},{"damage":20.0,"enemies":"Automaton","floor":33.0,"turns":10.0},{"damage":27.0,"enemies":"Orb Walker","floor":35.0,"turns":3.0},{"damage":23.0,"enemies":"3 Darklings","floor":38.0,"turns":6.0},{"damage":50,"enemies":"Writhing Mass","floor":39,"turns":5}],"seed_played":"-6014819871507355849","potions_obtained":[{"floor":3.0,"key":"Fire Potion"},{"floor":14.0,"key":"Block Potion"},{"floor":19.0,"key":"LiquidBronze"},{"floor":29.0,"key":"LiquidBronze"},{"floor":33.0,"key":"FocusPotion"},{"floor":34.0,"key":"Weak Potion"},{"floor":35.0,"key":"Fire Potion"}],"is_trial":false,"path_per_floor":["M","M","M","?","$","R","E","R","T","?","E","$","R","M","R","B",null,"M","M","?","M","?","R","M","R","T","R","M","M","R","?","R","B",null,"M","?","?","M","M"],"character_chosen":"DEFECT","items_purchased":["Static Discharge","Conserve Battery"],"campfire_rested":6,"item_purchase_floors":[5,12],"current_hp_per_floor":[60,60,60,60,60,60,48,48,48,48,15,15,36,27,48,38,63,50,25,39,27,27,48,43,43,43,64,50,33,54,54,71,51,71,55,41,41,28,0,0],"gold":290,"neow_bonus":"RANDOM_COLORLESS_2","is_daily":false,"chose_seed":false,"campfire_upgraded":2,"win_rate":0.0,"timestamp":1612204655,"path_taken":["M","M","M","?","?","R","E","R","T","?","E","$","R","M","R","BOSS","M","M","?","M","?","R","M","R","T","R","M","M","R","?","R","BOSS","M","?","?","?","M"],"items_purchased_type":["Card","Card"],"build_version":"2020-12-22","purchased_purges":0,"victory":false,"max_hp_per_floor":[71,71,71,71,71,71,71,71,71,71,71,71,71,71,71,71,71,71,71,71,71,71,71,71,71,71,71,71,71,71,71,71,71,76,76,76,76,76,76,76],"card_choices":[{"not_picked":["Mayhem","Secret Technique"],"picked":"Apotheosis","floor":0.0},{"not_picked":["Rip and Tear","Barrage"],"picked":"White Noise","floor":1.0},{"not_picked":["Tempest","Chill"],"picked":"Hologram","floor":2.0},{"not_picked":["Turbo","Leap"],"picked":"Darkness","floor":3.0},{"not_picked":["Consume","Stack"],"picked":"Capacitor","floor":7.0},{"not_picked":["Heatsinks","Chaos"],"picked":"Leap","floor":11.0},{"not_picked":["Rip and Tear","Stack"],"picked":"Storm","floor":14.0},{"not_picked":["Buffer","Hyperbeam"],"picked":"Seek","floor":16.0},{"not_picked":["Redo","Streamline"],"picked":"Barrage","floor":18.0},{"not_picked":["White Noise","Melter"],"picked":"Glacier","floor":19.0},{"not_picked":["Storm","Steam"],"picked":"Coolheaded","floor":21.0},{"not_picked":["Gash","Melter"],"picked":"Coolheaded","floor":24.0},{"not_picked":["Hologram","White Noise"],"picked":"Aggregate","floor":28.0},{"not_picked":["Lockon","Auto Shields"],"picked":"Stack","floor":29.0},{"not_picked":["Machine Learning","Amplify"],"picked":"Creative AI","floor":33.0},{"not_picked":["Steam Power","Consume"],"picked":"Stack","floor":34.0},{"not_picked":["Sunder","Go for the Eyes"],"picked":"Static Discharge","floor":35.0},{"not_picked":["Hologram","Leap"],"picked":"Sweeping Beam","floor":38.0}],"player_experience":971247,"relics_obtained":[{"floor":7.0,"key":"War Paint"},{"floor":9.0,"key":"Bag of Marbles"},{"floor":11.0,"key":"Calipers"}],"event_choices":[{"damage_healed":0.0,"max_hp_gain":0.0,"max_hp_loss":0.0,"gold_gain":50.0,"event_name":"Golden Shrine","player_choice":"Pray","floor":4.0,"gold_loss":0.0,"damage_taken":0.0},{"damage_healed":0.0,"max_hp_gain":0.0,"max_hp_loss":0.0,"gold_gain":0.0,"cards_transformed":["Strike_B"],"event_name":"Living Wall","player_choice":"Change","floor":10.0,"gold_loss":0.0,"damage_taken":0.0,"cards_obtained":["Steam"]},{"damage_healed":14.0,"max_hp_gain":0.0,"max_hp_loss":0.0,"gold_gain":0.0,"event_name":"The Library","player_choice":"Heal","floor":20.0,"gold_loss":0.0,"damage_taken":0.0},{"cards_removed":["Defend_B"],"damage_healed":0.0,"max_hp_gain":0.0,"max_hp_loss":0.0,"gold_gain":0.0,"event_name":"Back to Basics","player_choice":"Elegance","floor":22.0,"gold_loss":0.0,"damage_taken":0.0},{"damage_healed":0.0,"max_hp_gain":0.0,"max_hp_loss":0.0,"gold_gain":0.0,"event_name":"Addict","player_choice":"Obtained Relic","floor":31.0,"gold_loss":85.0,"damage_taken":0.0,"relics_obtained":["Bird Faced Urn"]},{"damage_healed":0.0,"max_hp_gain":0.0,"max_hp_loss":0.0,"gold_gain":0.0,"event_name":"Winding Halls","player_choice":"Embrace Madness","floor":36.0,"gold_loss":0.0,"damage_taken":14.0,"cards_obtained":["Madness","Madness"]},{"damage_healed":0.0,"max_hp_gain":0.0,"max_hp_loss":0.0,"gold_gain":0.0,"event_name":"Lab","player_choice":"Got Potions","floor":37.0,"gold_loss":0.0,"damage_taken":0.0}],"is_beta":false,"boss_relics":[{"not_picked":["FrozenCore","Runic Dome"],"picked":"Astrolabe"},{"not_picked":["SacredBark","Nuclear Battery"],"picked":"Tiny House"}],"items_purged_floors":[],"is_endless":false,"potions_floor_spawned":[3,14,19,29,33,35,38],"killed_by":"Writhing Mass","ascension_level":20}}