{"host":"ws4mzzemcqsz5e2k","time":1612177347,"event":{"mods":["Act Like it!","BaseMod","Colored Powertips","Minty Spire (QoL Compilation)","Quick Restart","Relic Filter Mod","Reliquary","StSLib","Wide Potions"],"gold_per_floor":[109,34,47,47,58,58,90,90,90,110,139,139,139,139],"floor_reached":13,"language":"ZHS","playtime":621,"items_purged":["Clash"],"score":286,"play_id":"f1b770ff-5688-4450-a0ed-c8cdc1978659","local_time":"20210201190227","daily_mods":["SealedDeck","Diverse","Colorless Cards","Heirloom","Elite Swarm","Uncertain Future"],"is_ascension_mode":true,"campfire_choices":[{"data":"PathToVictory","floor":6,"key":"SMITH"},{"data":"Vault","floor":8,"key":"SMITH"}],"circlet_count":0,"master_deck":["AscendersBane","Protect","Storm","PiercingWail","Rebound","Conserve Battery","Streamline","Impatience","Cloak And Dagger","PathToVictory+1","Vault+1","Feel No Pain","DevaForm","Establishment"],"relics":["Cracked Core","Turnip","Kunai"],"acts_visited":["Exordium"],"potions_floor_usage":[7],"damage_taken":[{"damage":0,"enemies":"Cultist","floor":1,"turns":3},{"damage":12,"enemies":"Small Slimes","floor":3,"turns":3},{"damage":1,"enemies":"Jaw Worm","floor":5,"turns":3},{"damage":8,"enemies":"Gremlin Nob","floor":7,"turns":3},{"damage":0,"enemies":"Blue Slaver","floor":10,"turns":3},{"damage":2,"enemies":"3 Sentries","floor":11,"turns":9},{"damage":1,"enemies":"Gremlin Nob","floor":13,"turns":4}],"seed_played":"-4307783154569893509","potions_obtained":[{"floor":1,"key":"AttackPotion"},{"floor":5,"key":"CultistPotion"}],"is_trial":true,"path_per_floor":["M","$","M","$","M","R","E","R","T","M","E","?","E"],"character_chosen":"DEFECT","items_purchased":[],"campfire_rested":0,"item_purchase_floors":[],"current_hp_per_floor":[64,64,52,52,51,51,43,43,43,43,41,41,40,40],"gold":139,"neow_bonus":"","is_daily":false,"chose_seed":false,"campfire_upgraded":2,"win_rate":0.0,"timestamp":1612177347,"path_taken":["M","$","M","?","M","R","E","R","T","M","E","?","E"],"items_purchased_type":[],"build_version":"2020-12-22","purchased_purges":1,"victory":false,"max_hp_per_floor":[71,71,71,71,71,71,71,71,71,71,71,71,71,71],"card_choices":[{"not_picked":["Clash","Cloak And Dagger","Halt"],"picked":"SKIP","floor":1},{"not_picked":["Cleave","Heel Hook"],"picked":"PathToVictory","floor":3},{"not_picked":["Prostrate","Deadly Poison","Lockon"],"picked":"SKIP","floor":5},{"not_picked":["Wraith Form v2","Scrawl"],"picked":"Vault","floor":7},{"not_picked":["Dodge and Roll","Feel No Pain","Perfected Strike"],"picked":"SKIP","floor":10},{"not_picked":["Dodge and Roll","Perfected Strike"],"picked":"Feel No Pain","floor":10},{"not_picked":["Immolate","Limit Break"],"picked":"DevaForm","floor":11}],"player_experience":1512805,"relics_obtained":[{"floor":11,"key":"Kunai"}],"event_choices":[{"damage_healed":0,"gold_gain":0,"cards_transformed":["Dagger Throw"],"player_choice":"Change","damage_taken":0,"max_hp_gain":0,"max_hp_loss":0,"event_name":"Living Wall","floor":12,"gold_loss":0,"cards_obtained":["Establishment"]}],"is_beta":false,"boss_relics":[],"items_purged_floors":[2],"is_endless":true,"potions_floor_spawned":[1,5],"killed_by":"Gremlin Nob","ascension_level":20}}