{"host":"drkpql2ocxl3f5d4","time":1612208910,"event":{"mods":["BaseMod","Colored Map","Downfall","Energized Spire","Friendly Minions","Googly Eyes","Infinite Spire","Minty Spire (QoL Compilation)","StSLib"],"gold_per_floor":[99,119,119,133,133,166,190,190,90,104,104,131,43,62,78,177,177,77,77,77,77,92,105,105,118,134,134,134,164,164,189,207,307,307,307,324,340,93,93,119,165,212,112,126,61,61,61,77,88,88,88,88,88,88],"floor_reached":52,"language":"ENG","playtime":2342,"items_purged":["champ:Strike","champ:Strike"],"score":685,"play_id":"2d74105d-8564-4180-a227-2429fab86830","local_time":"20210201204830","is_ascension_mode":false,"campfire_choices":[{"data":"champ:Execute","floor":1,"key":"SMITH"},{"data":"infinitespire:Execution","floor":9,"key":"SMITH"},{"data":"champ:HoldFirm","floor":18,"key":"SMITH"},{"data":"champ:BerserkersShout","floor":27,"key":"SMITH"},{"data":"infinitespire:Fortify","floor":30,"key":"SMITH"},{"floor":35,"key":"RECALL"},{"floor":43,"key":"REST"},{"data":"champ:Backstep","floor":47,"key":"SMITH"}],"circlet_count":0,"master_deck":["champ:Strike+1","champ:Defend","champ:Defend","champ:Defend","champ:Defend","champ:Execute+1","champ:CrookedStrike+1","champ:RisingSlash+1","infinitespire:Execution+1","champ:BerserkersShout","champ:VampiricStrike","champ:RisingSlash","champ:AdrenalArmor","champ:PreciseThrust","champ:HoldFirm+1","infinitespire:Fortify+1","champ:BerserkersShout+1","champ:FanOfKnives","champ:ShieldWall+1","champ:FanOfKnives+1","champ:RecklessLeap+1","champ:DefensiveStyle+1","champ:Backstep+1","champ:IronFortress+1","champ:GutPunch","champ:BringItOn+1","champ:GutPunch+1"],"relics":["champ:ChampionCrown","Potion Belt","downfall:ShatteredFragment","Centennial Puzzle","downfall:HeartBlessingBlue","infinitespire:PuzzleCube","energizedSpire:SpiderWeb","downfall:HeartBlessingGreen","Enchiridion","Darkstone Periapt","champ:GladiatorsBookOfMartialProwess","Ancient Tea Set","Toy Ornithopter","Astrolabe","Whetstone","infinitespire:ShieldingShard","Orichalcum","Smiling Mask","CaptainsWheel","downfall:HeartBlessingRed"],"acts_visited":["Exordium","TheCity","TheBeyond","TheEnding"],"potions_floor_usage":[15,29,32,32,38,40,42,52,52],"damage_taken":[{"damage":11,"enemies":"2 Louse","floor":2,"turns":3},{"damage":13,"enemies":"Small Slimes","floor":4,"turns":3},{"damage":12,"enemies":"Gremlin Nob","floor":6,"turns":3},{"damage":0,"enemies":"Jaw Worm","floor":10,"turns":2},{"damage":21,"enemies":"Lagavulin","floor":12,"turns":5},{"damage":30,"enemies":"downfall:FleeingMerchant","floor":13,"turns":4},{"damage":20,"enemies":"Exordium Thugs","floor":14,"turns":2},{"damage":1,"enemies":"Large Slime","floor":15,"turns":4},{"damage":28,"enemies":"IC_STATUS_ARCHETYPE","floor":16,"turns":5},{"damage":0,"enemies":"Spheric Guardian","floor":22,"turns":3},{"damage":10,"enemies":"Snecko","floor":23,"turns":5},{"damage":52,"enemies":"Sentry and Sphere","floor":25,"turns":4},{"damage":34,"enemies":"Centurion and Healer","floor":26,"turns":4},{"damage":40,"enemies":"Slavers","floor":29,"turns":5},{"damage":25,"enemies":"Snake Plant","floor":32,"turns":3},{"damage":63,"enemies":"SI_MIRROR_ARCHETYPE","floor":33,"turns":6},{"damage":54,"enemies":"3 Darklings","floor":36,"turns":6},{"damage":25,"enemies":"Orb Walker","floor":37,"turns":3},{"damage":70,"enemies":"downfall:FleeingMerchant","floor":38,"turns":4},{"damage":43,"enemies":"Nemesis","floor":40,"turns":5},{"damage":66,"enemies":"2 Orb Walkers","floor":42,"turns":5},{"damage":17,"enemies":"3 Darklings","floor":44,"turns":4},{"damage":12,"enemies":"downfall:FleeingMerchant","floor":45,"turns":4},{"damage":47,"enemies":"Maw","floor":48,"turns":6},{"damage":47,"enemies":"Writhing Mass","floor":49,"turns":4},{"damage":84,"enemies":"DF_ARCHETYPE_ORBS","floor":50,"turns":6},{"damage":194,"enemies":"downfall:CharBossMerchant","floor":52,"turns":9}],"seed_played":"-8976504725947856936","potions_obtained":[{"floor":4,"key":"FearPotion"},{"floor":6,"key":"Fire Potion"},{"floor":12,"key":"Slimebound:ThreeZeroPotion"},{"floor":15,"key":"Fruit Juice"},{"floor":23,"key":"Weak Potion"},{"floor":32,"key":"SteroidPotion"},{"floor":37,"key":"Block Potion"},{"floor":40,"key":"SkillPotion"},{"floor":44,"key":"sneckomod:MuddlingPotion"},{"floor":49,"key":"SpeedPotion"}],"is_trial":false,"path_per_floor":["R","M","?","M","?","E","T","?","R","M","?","E","$","M","M","B",null,"R","?","AVR","?","M","M","T","M","M","R","?","E","R","T","M","B",null,"R","M","M","$","?","E","T","?","R","M","$","?","R","M","M","B",null,"E"],"character_chosen":"THE_CHAMP","items_purchased":["champ:RisingSlash","Whetstone"],"campfire_rested":1,"item_purchase_floors":[13,38],"current_hp_per_floor":[90,89,89,86,59,57,57,36,46,46,46,45,35,25,29,18,105,105,105,105,89,89,89,89,89,85,85,85,80,80,80,90,57,105,105,86,86,91,91,78,78,52,83,86,89,89,89,92,95,61,105,0,0,0],"gold":88,"neow_bonus":"RANDOM_COMMON_RELIC","is_daily":false,"chose_seed":false,"campfire_upgraded":6,"win_rate":0.0,"timestamp":1612208910,"path_taken":["R","M","?","M","?","E","T","?","R","M","?","E","?","?","M","BOSS","R","?","AVR","?","M","M","T","M","M","R","?","E","R","?","M","BOSS","R","M","M","$","?","E","T","?","R","M","?","?","R","M","M","BOSS","E"],"items_purchased_type":["Card","Relic"],"build_version":"2020-12-22","purchased_purges":2,"victory":false,"max_hp_per_floor":[90,90,90,90,90,90,90,90,100,100,100,100,100,100,105,105,105,105,105,105,105,105,105,105,105,105,105,105,105,105,105,105,105,105,105,105,105,105,105,105,105,105,105,105,105,105,105,105,105,105,105,105,105,105],"card_choices":[{"not_picked":["champ:DefensiveShout","champ:TornadoPunch"],"picked":"champ:CrookedStrike","floor":2},{"not_picked":["champ:GutPunch","champ:BringItOn"],"picked":"champ:RisingSlash","floor":4},{"not_picked":["champ:Circumvent","champ:BerserkerStyle","champ:SetATrap"],"picked":"SKIP","floor":6},{"not_picked":["infinitespire:Gouge","infinitespire:FutureSight"],"picked":"infinitespire:Execution","floor":8},{"not_picked":["champ:BladeFlurry","champ:FanOfKnives"],"picked":"champ:BerserkersShout","floor":10},{"not_picked":["champ:FanOfKnives","champ:BladeFlurry"],"picked":"champ:VampiricStrike","floor":12},{"not_picked":["champ:CrookedStrike","champ:CrownThrow"],"picked":"champ:PerfectedStrike","floor":13},{"not_picked":["champ:BladeFlurry","champ:ShieldSlam"],"picked":"champ:AdrenalArmor","floor":14},{"not_picked":["champ:DefensiveShout","champ:PerfectedStrike"],"picked":"champ:PreciseThrust","floor":15},{"not_picked":["champ:VampiricStrike","champ:CheapShot"],"picked":"champ:HoldFirm","floor":16},{"not_picked":["champ:FanOfKnives","champ:HeartStrike"],"picked":"champ:BerserkersShout","floor":22},{"not_picked":["champ:DefensiveShout","champ:Backstep"],"picked":"champ:FanOfKnives","floor":23},{"not_picked":["champ:DeathBlow","champ:FlashCut+1"],"picked":"champ:ShieldWall+1","floor":25},{"not_picked":["champ:EnGarde+1","champ:BerserkersShout+1","champ:SetATrap+1"],"picked":"SKIP","floor":26},{"not_picked":["champ:CheapShot","champ:FlashCut"],"picked":"champ:PerfectedStrike","floor":29},{"not_picked":["champ:ArenaPreparation","champ:Haymaker+1","champ:DefensiveShout+1"],"picked":"SKIP","floor":32},{"not_picked":["champ:AdrenalArmor","champ:Shatter+1"],"picked":"champ:Backstep","floor":36},{"not_picked":["champ:ShieldWall","champ:Parry","champ:TornadoPunch+1"],"picked":"SKIP","floor":37},{"not_picked":["champ:BerserkersShout","champ:TripleStrike"],"picked":"champ:IronFortress+1","floor":38},{"not_picked":["champ:FanOfKnives+1","champ:EndlessRage+1","champ:GladiatorForm"],"picked":"SKIP","floor":40},{"not_picked":["champ:Shatter+1","champ:RisingSlash","champ:BerserkersShout"],"picked":"SKIP","floor":44},{"not_picked":["champ:DeathBlow+1","champ:Shatter+1"],"picked":"champ:GutPunch","floor":45},{"not_picked":["champ:EnGarde","champ:Haymaker+1"],"picked":"champ:BringItOn+1","floor":48},{"not_picked":["champ:DeathBlow+1","champ:BerserkersShout"],"picked":"champ:GutPunch+1","floor":49}],"player_experience":683531,"relics_obtained":[{"floor":6,"key":"Centennial Puzzle"},{"floor":12,"key":"infinitespire:PuzzleCube"},{"floor":21,"key":"Enchiridion"},{"floor":24,"key":"Darkstone Periapt"},{"floor":29,"key":"Ancient Tea Set"},{"floor":31,"key":"Toy Ornithopter"},{"floor":39,"key":"infinitespire:ShieldingShard"},{"floor":40,"key":"Orichalcum"},{"floor":41,"key":"Smiling Mask"},{"floor":42,"key":"CaptainsWheel"}],"event_choices":[{"damage_healed":0,"gold_gain":0,"player_choice":"Grow","damage_taken":0,"max_hp_gain":0,"max_hp_loss":0,"event_name":"Living Wall","floor":11,"gold_loss":0,"cards_upgraded":["champ:RisingSlash"]},{"damage_healed":0,"gold_gain":0,"player_choice":"Ignored","damage_taken":0,"max_hp_gain":0,"max_hp_loss":0,"event_name":"Ghosts","floor":19,"gold_loss":0},{"damage_healed":0,"gold_gain":0,"player_choice":"Fight","damage_taken":0,"max_hp_gain":0,"max_hp_loss":0,"event_name":"Mysterious Sphere","floor":42,"gold_loss":0},{"cards_removed":["champ:Taunt"],"damage_healed":0,"gold_gain":0,"player_choice":"Removed Skill","damage_taken":0,"max_hp_gain":0,"max_hp_loss":0,"event_name":"Falling","floor":46,"gold_loss":0}],"is_beta":false,"boss_relics":[{"not_picked":["SacredBark","energizedSpire:RedRose"],"picked":"energizedSpire:SpiderWeb"},{"not_picked":["Tiny House","Empty Cage"],"picked":"Astrolabe"}],"items_purged_floors":[38,45],"is_endless":false,"potions_floor_spawned":[4,6,12,15,23,32,37,40,44,49],"killed_by":"downfall:CharBossMerchant","ascension_level":0}}