{"host":"ko40t1o51xotjt2v","time":1612203943,"event":{"mods":["2.2 Compatiblity","AchievementEnabler","Aspiration","BaseMod","Better Match","Better Third Choice","Better Vampires","Conspire","Downfall","Energized Spire","GifTheSpireLib","Halation","Hubris","Jedi Mod","Minty Spire (QoL Compilation)","MostiFishMod","Spicy Shops","Spikes Relics","StSLib","Stuff the Spire","TestMod","??????REMEMod"],"gold_per_floor":[99,99,99,99,199,199,269,295,295,312,341,19,36,55,66,171,171,71,85,85,103,121,121,147,185,217,241,166,188,79,96,116,216,216,16,35,52,63,63,77,77,106,106,127,71,90,104,139,171,190,202,246,146,146,160,160,160],"floor_reached":55,"language":"SPA","playtime":4177,"items_purged":["Slimebound:Defend_Slimebound","Slimebound:Defend_Slimebound","Slimebound:Split"],"score":908,"play_id":"74a20c9d-d4c8-4325-9846-9b869b76f7b5","local_time":"20210201192543","is_ascension_mode":false,"campfire_choices":[{"data":"Slimebound:CorrosiveSpit","floor":1,"key":"SMITH"},{"data":"Slimebound:SamplingLick","floor":9,"key":"SMITH"},{"floor":18,"key":"RECALL"},{"data":"Slimebound:HauntingLick","floor":35,"key":"SMITH"},{"floor":54,"key":"REST"}],"circlet_count":0,"master_deck":["Slimebound:Strike_Slimebound","Slimebound:Strike_Slimebound","Slimebound:Strike_Slimebound","Slimebound:Tackle","Slimebound:Defend_Slimebound","Slimebound:Defend_Slimebound","Slimebound:CorrosiveSpit+1","MostiFishMod:Overload","Slimebound:GoopSpray","Slimebound:HauntingLick+1","Slimebound:SamplingLick+1","Slimebound:AcidTongue","Slimebound:TongueLash","Slimebound:MegaLick+1","Slimebound:ItLooksTasty","Slimebound:ItLooksTasty","Slimebound:Schlurp","Slimebound:Nibble+1","Slimebound:OozeBath+1","Slimebound:LeechEnergy+1","Slimebound:HauntingLick+1","Slimebound:GoopSpray+1","Slimebound:Gluttony+1","Slimebound:WasteNot","Slimebound:SplitMire+1","Slimebound:Nibble+1","Slimebound:ViciousTackle","Slimebound:SplitMire","Slimebound:MegaLick+1","Slimebound:GoopSpray+1","Slimebound:Gluttony"],"relics":["Slimebound:AbsorbEndCombat","DaveBox","testmod-TestBox","REME_ComplimentaryCards","testmod-Alchemist","ThornShield","downfall:HeartsMalice","RetroEgg","Centennial Puzzle","testmod-AssaultLearning","ChiXiaoBlade","downfall:HeartBlessingGreen","Nilry\u0027s Codex","halation:IllGainedPizza","testmod-IntensifyImprint","Omamori","jedi:hotpepper","downfall:HeartBlessingRed","downfall:HeartBlessingBlue","aspiration:FrozenJewel","StuffTheSpire:Barrel","Mummified Hand","testmod-Justice","MawBank","REME_HandOfSuture"],"acts_visited":["Exordium","TheCity","TheBeyond","TheEnding"],"potions_floor_usage":[16,16,52,55,55],"damage_taken":[{"damage":0,"enemies":"Small Slimes","floor":2,"turns":1},{"damage":0,"enemies":"2 Louse","floor":3,"turns":1},{"damage":0,"enemies":"Cultist","floor":6,"turns":1},{"damage":4,"enemies":"Lagavulin","floor":8,"turns":5},{"damage":2,"enemies":"Exordium Thugs","floor":10,"turns":3},{"damage":0,"enemies":"Gremlin Nob","floor":11,"turns":3},{"damage":0,"enemies":"downfall:FleeingMerchant","floor":12,"turns":4},{"damage":0,"enemies":"3 Louse","floor":13,"turns":2},{"damage":0,"enemies":"Exordium Thugs","floor":14,"turns":2},{"damage":0,"enemies":"Gremlin Gang","floor":15,"turns":2},{"damage":10,"enemies":"WA_ARCHETYPE_RETAIN","floor":16,"turns":5},{"damage":0,"enemies":"Spheric Guardian","floor":19,"turns":3},{"damage":0,"enemies":"3 Byrds","floor":21,"turns":2},{"damage":12,"enemies":"Sentry and Sphere","floor":22,"turns":3},{"damage":12,"enemies":"Slavers","floor":25,"turns":3},{"damage":0,"enemies":"Book of Stabbing","floor":26,"turns":2},{"damage":0,"enemies":"3 Cultists","floor":27,"turns":4},{"damage":8,"enemies":"Snecko","floor":29,"turns":4},{"damage":0,"enemies":"downfall:FleeingMerchant","floor":30,"turns":4},{"damage":9,"enemies":"Centurion and Healer","floor":31,"turns":2},{"damage":0,"enemies":"Snake Plant","floor":32,"turns":1},{"damage":3,"enemies":"IC_MUSHROOM_ARCHETYPE","floor":33,"turns":4},{"damage":0,"enemies":"3 Shapes","floor":36,"turns":2},{"damage":0,"enemies":"3 Darklings","floor":37,"turns":3},{"damage":3,"enemies":"Maw","floor":38,"turns":2},{"damage":0,"enemies":"Sphere and 2 Shapes","floor":40,"turns":3},{"damage":8,"enemies":"Reptomancer","floor":42,"turns":3},{"damage":0,"enemies":"Jaw Worm Horde","floor":44,"turns":1},{"damage":0,"enemies":"downfall:FleeingMerchant","floor":45,"turns":1},{"damage":10,"enemies":"Spire Growth","floor":46,"turns":3},{"damage":0,"enemies":"Maw","floor":47,"turns":3},{"damage":4,"enemies":"Nemesis","floor":48,"turns":3},{"damage":3,"enemies":"Writhing Mass","floor":49,"turns":2},{"damage":17,"enemies":"DF_ARCHETYPE_ORBS","floor":50,"turns":3},{"damage":44,"enemies":"downfall:CharBossMerchant","floor":52,"turns":5},{"damage":64,"enemies":"downfall:NeowBoss","floor":55,"turns":8}],"seed_played":"223367168101288325","potions_obtained":[{"floor":8,"key":"Block Potion"},{"floor":10,"key":"BlessingOfTheForge"},{"floor":11,"key":"jedi:wingpotion"},{"floor":13,"key":"champ:CounterPotion"},{"floor":22,"key":"AttackPotion"},{"floor":26,"key":"champ:CounterPotion"},{"floor":27,"key":"testmod-EscapePotion"},{"floor":29,"key":"FairyPotion"},{"floor":52,"key":"Energy Potion"}],"is_trial":false,"path_per_floor":["R","M","M","?","?","M","T","E","R","M","E","$","M","M","M","B",null,"R","M","?","M","M","?","T","E","E","M","?","M","$","M","M","B",null,"R","M","M","M","?","M","T","E","?","M","$","M","M","E","M","B",null,"E","$","R","B"],"character_chosen":"SLIMEBOUND","items_purchased":["testmod-AssaultLearning","Slimebound:ItLooksTasty","testmod-Justice","Slimebound:Gluttony"],"campfire_rested":1,"item_purchase_floors":[12,12,45,53],"current_hp_per_floor":[65,65,65,65,65,65,65,65,65,65,65,65,65,65,65,55,65,65,65,65,65,59,43,43,39,47,55,55,53,61,60,65,62,48,53,53,53,50,50,53,53,51,51,53,53,47,53,53,53,36,53,9,9,24,0,0,0],"gold":160,"neow_bonus":"THREE_ENEMY_KILL","is_daily":false,"chose_seed":false,"campfire_upgraded":3,"win_rate":0.0,"timestamp":1612203943,"path_taken":["R","M","M","?","?","M","T","E","R","M","E","$","M","?","M","BOSS","R","M","?","M","M","?","T","E","E","M","?","?","$","M","M","BOSS","R","M","M","M","?","M","T","E","?","M","$","M","M","E","M","BOSS","E","$","R","BOSS"],"items_purchased_type":["Relic","Card","Relic","Card"],"build_version":"2020-12-22","purchased_purges":3,"victory":false,"max_hp_per_floor":[65,65,65,65,65,65,65,65,65,65,65,65,65,65,65,65,65,65,65,65,65,65,65,65,65,65,65,65,65,65,65,65,65,48,53,53,53,53,53,53,53,53,53,53,53,53,53,53,53,53,53,53,53,53,53,53,53],"card_choices":[{"not_picked":["Slimebound:LeechEnergy","Slimebound:Prepare"],"picked":"Slimebound:GoopSpray","floor":2},{"not_picked":["Slimebound:SlimeTap","Slimebound:ServeAndProtect"],"picked":"Slimebound:HauntingLick","floor":3},{"not_picked":["Slimebound:LeadByExample","Slimebound:ForwardTackle"],"picked":"Slimebound:SamplingLick","floor":6},{"not_picked":["Slimebound:FlameTackle","Slimebound:OneTwoCombo"],"picked":"Slimebound:AcidTongue","floor":8},{"not_picked":["Slimebound:GoopTackle","Slimebound:RollThrough"],"picked":"Slimebound:TongueLash","floor":10},{"not_picked":["Slimebound:WasteNot","Slimebound:LeechingTouch"],"picked":"Slimebound:MegaLick","floor":11},{"not_picked":["Slimebound:ForwardTackle","Slimebound:Prepare","Slimebound:SplitBruiser"],"picked":"SKIP","floor":12},{"not_picked":["Slimebound:PressTheAttack","Slimebound:SplitAcid"],"picked":"Slimebound:ItLooksTasty","floor":13},{"not_picked":["Slimebound:ServeAndProtect","Slimebound:ProtectTheBoss"],"picked":"Slimebound:Schlurp","floor":14},{"not_picked":["Slimebound:SlimeTap","Slimebound:Darklings"],"picked":"Slimebound:Nibble","floor":15},{"not_picked":["Slimebound:LeechEnergy+1","Slimebound:SlimeSpikes","Slimebound:ForwardTackle"],"picked":"SKIP","floor":19},{"not_picked":["Slimebound:RollThrough","Slimebound:SlimeSpikes","Slimebound:SplitBruiser+1"],"picked":"SKIP","floor":21},{"not_picked":["Slimebound:AcidTongue","Slimebound:SplitMire+1"],"picked":"Slimebound:OozeBath","floor":22},{"not_picked":["Slimebound:MinionMaster","Slimebound:WasteNot"],"picked":"Slimebound:LeechEnergy+1","floor":25},{"not_picked":["Slimebound:Nibble","Slimebound:SlimeTap"],"picked":"Slimebound:HauntingLick+1","floor":26},{"not_picked":["Slimebound:RollThrough+1","Slimebound:SplitMire","Slimebound:ItLooksTasty"],"picked":"SKIP","floor":27},{"not_picked":["Slimebound:SplitBruiser+1","Slimebound:LivingWall+1"],"picked":"Slimebound:GoopSpray+1","floor":28},{"not_picked":["Slimebound:Dissolve+1","Slimebound:DisruptingSlam+1"],"picked":"Slimebound:Gluttony+1","floor":28},{"not_picked":["Slimebound:TongueLash","Slimebound:SplitLeeching","Slimebound:SplitBruiser+1"],"picked":"SKIP","floor":29},{"not_picked":["Slimebound:SlimeBarrage","Slimebound:Repurpose","Slimebound:MassFeed"],"picked":"SKIP","floor":30},{"not_picked":["Slimebound:SplitAcid","Slimebound:ItLooksTasty","Slimebound:RollThrough"],"picked":"SKIP","floor":31},{"not_picked":["Slimebound:LivingWall","Slimebound:Prepare+1","Slimebound:SplitLeeching"],"picked":"SKIP","floor":32},{"not_picked":["Slimebound:DuplicatedForm","Slimebound:MinionMaster"],"picked":"Slimebound:WasteNot","floor":33},{"not_picked":["Slimebound:BestDefense+1","Slimebound:ItLooksTasty"],"picked":"Slimebound:SplitMire+1","floor":36},{"not_picked":["Slimebound:SplitMire+1","Slimebound:SplitSpecialist+1"],"picked":"Slimebound:Nibble","floor":37},{"not_picked":["Slimebound:FinishingTackle+1","Slimebound:Replication+1","Slimebound:ItLooksTasty"],"picked":"SKIP","floor":38},{"not_picked":["Slimebound:Nibble+1","Slimebound:ItLooksTasty+1"],"picked":"Slimebound:ViciousTackle","floor":40},{"not_picked":["Slimebound:SlimeBarrage+1","Slimebound:LeechingTouch","Slimebound:ServeAndProtect+1"],"picked":"SKIP","floor":42},{"not_picked":["Slimebound:ProtectTheBoss+1","Slimebound:LivingWall","Slimebound:SplitLeeching"],"picked":"SKIP","floor":44},{"not_picked":["Slimebound:ComboTackle+1","Slimebound:ItLooksTasty","Slimebound:SlimeSpikes"],"picked":"SKIP","floor":45},{"not_picked":["Slimebound:TongueLash+1","Slimebound:LivingWall"],"picked":"Slimebound:SplitMire","floor":46},{"not_picked":["Slimebound:ProtectTheBoss","Slimebound:FlameTackle+1"],"picked":"Slimebound:MegaLick+1","floor":47},{"not_picked":["Slimebound:GoopSpray+1","Slimebound:SlimeBrawl+1","Slimebound:LeadByExample+1"],"picked":"SKIP","floor":48},{"not_picked":["Slimebound:SlimeBrawl+1","Slimebound:LeadByExample+1"],"picked":"Slimebound:GoopSpray+1","floor":48},{"not_picked":["Slimebound:LeechEnergy","Slimebound:LeechingTouch+1","Slimebound:ForwardTackle+1"],"picked":"SKIP","floor":49},{"not_picked":["Slimebound:SplitAcid+1","Slimebound:FinishingTackle+1","Slimebound:DuplicatedForm"],"picked":"SKIP","floor":52}],"player_experience":460089,"relics_obtained":[{"floor":8,"key":"RetroEgg"},{"floor":11,"key":"Centennial Puzzle"},{"floor":23,"key":"Nilry\u0027s Codex"},{"floor":24,"key":"halation:IllGainedPizza"},{"floor":25,"key":"testmod-IntensifyImprint"},{"floor":26,"key":"Omamori"},{"floor":41,"key":"aspiration:FrozenJewel"},{"floor":42,"key":"StuffTheSpire:Barrel"},{"floor":43,"key":"Mummified Hand"},{"floor":48,"key":"MawBank"},{"floor":52,"key":"REME_HandOfSuture"}],"event_choices":[{"damage_healed":0,"gold_gain":100,"player_choice":"Gold","damage_taken":0,"max_hp_gain":0,"max_hp_loss":0,"event_name":"Wheel of Change","floor":5,"gold_loss":0},{"damage_healed":0,"gold_gain":0,"player_choice":"2","damage_taken":0,"max_hp_gain":0,"max_hp_loss":0,"event_name":"betterMatch:BetterMatch","floor":28,"gold_loss":0,"cards_obtained":["betterMatch:CommonCard","betterMatch:UncommonCard"]}],"is_beta":false,"boss_relics":[{"not_picked":["REME_DemonsWealth","testmod-StringDisintegrator"],"picked":"ChiXiaoBlade"},{"not_picked":["testmod-Fanaticism","aspiration:RunicSpoon"],"picked":"jedi:hotpepper"}],"items_purged_floors":[12,30,45],"is_endless":false,"potions_floor_spawned":[8,10,11,13,14,22,26,27,29,31,32,37,38,40,42,52],"killed_by":"downfall:NeowBoss","ascension_level":0}}