{"host":"ojezjkpqju62j8xy","time":1612182690,"event":{"mods":["ATMod(°¢èªMod)","Act Like it!","Aspiration","BaseMod","Conspire","Gensokyo","Minty Spire (QoL Compilation)","Pale of the Ancients","Reliquary","Replay The Spire","Spicy Shops","StSLib","¡¾ÒÅÎï¿¨ÅÆ¡¿REMEMod","²ÐÁôÖ®Îï"],"gold_per_floor":[114,139,139,157,167,193,205,225,225,253,266,266,300,300,300,377,377,387,406,417,417,417,449,449,449],"floor_reached":24,"language":"ZHS","playtime":1053,"items_purged":[],"score":507,"play_id":"1a1e3668-1cd5-4f43-8eba-d3bc11630021","local_time":"20210201203130","is_ascension_mode":true,"campfire_choices":[{"floor":15.0,"key":"RECALL"}],"circlet_count":0,"master_deck":["AscendersBane","Strike_B","Strike_B","Strike_B","Defend_B","Defend_B","Zap","Dualcast","AT_DrawKnifeCut","Reaper","Barrage","Meteor Strike","Sunder","Storm","White Noise","Auto Shields","Echo Form","Beam Cell","AT_DarkMatter","Go for the Eyes","Turbo","Cold Snap","Adrenaline","Unload","Setup","AT_RightCognition","Ball Lightning","Glacier","Cold Snap","Gensokyo:AllTheWorldsEvil","Barrage"],"relics":["Cracked Core","AT_ATBox","REME_ComplimentaryCards","aspiration:Nostalgia","Burning Blood","Divine Protection","Counterbalance","AT_SunfireAegis","reliquary:NewFriend","Ring of Chaos","Mummified Hand"],"acts_visited":["Gensokyo:Gensokyo","Gensokyo:Gensokyoer"],"potions_floor_usage":[],"damage_taken":[{"damage":9.0,"enemies":"Gensokyo:Gryphon","floor":1.0,"turns":3.0},{"damage":22.0,"enemies":"Gensokyo:Cirno","floor":2.0,"turns":6.0},{"damage":4.0,"enemies":"Gensokyo:Python","floor":4.0,"turns":3.0},{"damage":0.0,"enemies":"Gensokyo:2_Kodama","floor":5.0,"turns":2.0},{"damage":25.0,"enemies":"Gensokyo:Cirno","floor":6.0,"turns":6.0},{"damage":0.0,"enemies":"Gensokyo:LivingMonolith","floor":7.0,"turns":3.0},{"damage":0.0,"enemies":"Gensokyo:5_Fairies","floor":8.0,"turns":3.0},{"damage":5.0,"enemies":"Gensokyo:Mamizou","floor":10.0,"turns":8.0},{"damage":7.0,"enemies":"Gensokyo:CorruptedTreant","floor":11.0,"turns":3.0},{"damage":0.0,"enemies":"Gensokyo:Aya","floor":13.0,"turns":4.0},{"damage":0.0,"enemies":"Gensokyo:Reimu","floor":16.0,"turns":7.0},{"damage":19.0,"enemies":"Gensokyo:CosmicMonolith","floor":18.0,"turns":4.0},{"damage":16.0,"enemies":"Gensokyo:Chomper","floor":19.0,"turns":4.0},{"damage":29.0,"enemies":"Gensokyo:Slime_Group","floor":20.0,"turns":5.0},{"damage":30,"enemies":"Gensokyo:Koishi","floor":23,"turns":6},{"damage":28,"enemies":"Gensokyo:Wraith","floor":24,"turns":4}],"seed_played":"2542398548304404897","potions_obtained":[{"floor":2.0,"key":"Venom Potion"},{"floor":5.0,"key":"Dexterity Potion"},{"floor":8.0,"key":"Adrenaline Potion"},{"floor":18.0,"key":"LiquidBronze"},{"floor":19.0,"key":"Energy Potion"}],"is_trial":false,"path_per_floor":["M","?","?","M","M","E","M","M","T","E","M","?","E","?","R","B",null,"M","M","M","?","?","E","M"],"character_chosen":"DEFECT","items_purchased":[],"campfire_rested":0,"item_purchase_floors":[],"current_hp_per_floor":[65,55,55,61,71,68,71,71,71,71,70,70,71,71,71,71,71,58,48,35,35,42,22,0,0],"gold":449,"neow_bonus":"NOSTALGIA","is_daily":false,"chose_seed":false,"campfire_upgraded":0,"win_rate":0.0,"timestamp":1612182690,"path_taken":["M","?","?","M","M","E","M","M","T","E","?","?","E","?","R","BOSS","M","M","?","?","?","E","M"],"items_purchased_type":[],"build_version":"2020-12-22","purchased_purges":0,"victory":false,"max_hp_per_floor":[71,71,71,71,71,71,71,71,71,71,71,71,71,71,71,71,71,71,71,71,71,71,71,71,71],"card_choices":[{"not_picked":["Stack","Gash"],"picked":"Barrage","floor":1.0},{"not_picked":["Barrage","Coolheaded"],"picked":"Meteor Strike","floor":2.0},{"not_picked":["Steam","Panic Button"],"picked":"Sunder","floor":4.0},{"not_picked":["ReplayTheSpireMod:Dual Polarity","ReplayGash"],"picked":"Storm","floor":5.0},{"not_picked":["Heatsinks","Storm"],"picked":"White Noise","floor":6.0},{"not_picked":["Conserve Battery","Streamline"],"picked":"Auto Shields","floor":7.0},{"not_picked":["BootSequence","Barrage"],"picked":"Echo Form","floor":8.0},{"not_picked":["Go for the Eyes","AT_RobotInSpace"],"picked":"Beam Cell","floor":10.0},{"not_picked":["ReplayGash","AT_HeatAcrobatics"],"picked":"AT_DarkMatter","floor":11.0},{"not_picked":["Barrage","Gash"],"picked":"Go for the Eyes","floor":12.0},{"not_picked":["AT_HeatAcrobatics","REME_DataAnalysis"],"picked":"Turbo","floor":12.0},{"not_picked":["Sunder","Streamline"],"picked":"Cold Snap","floor":13.0},{"not_picked":["AT_WaterDrop","Echo Form"],"picked":"AT_RightCognition","floor":16.0},{"not_picked":["Coolheaded","Stack"],"picked":"Ball Lightning","floor":18.0},{"not_picked":["aspiration:Polymerization","Compile Driver"],"picked":"Glacier","floor":19.0},{"not_picked":["Force Field","Conserve Battery"],"picked":"Cold Snap","floor":20.0},{"not_picked":["conspire:SharedLibrary+1","REME_Whirling"],"picked":"Barrage","floor":23}],"player_experience":1514008,"relics_obtained":[{"floor":2.0,"key":"Divine Protection"},{"floor":6.0,"key":"Counterbalance"},{"floor":10.0,"key":"AT_SunfireAegis"},{"floor":13.0,"key":"reliquary:NewFriend"},{"floor":23,"key":"Mummified Hand"}],"event_choices":[],"is_beta":false,"boss_relics":[{"not_picked":["aspiration:RunicSpoon","Replay:Wanted Poster"],"picked":"Ring of Chaos"}],"items_purged_floors":[],"is_endless":false,"potions_floor_spawned":[2,5,8,13,16,18,19],"killed_by":"Gensokyo:Wraith","ascension_level":14}}