{"host":"815dqs41i1y8uxms","time":1612199394,"event":{"mods":["Act Like it!","BaseMod","GungeonMod","Minty Spire (QoL Compilation)","Shop Mod","StSLib"],"gold_per_floor":[112,17,33,33,33,68,68,87,87,87,99,99,144,160,160,282,282,297,297,3,14,14,14,31,31,31],"floor_reached":25,"language":"ENG","playtime":1931,"items_purged":[],"score":201,"play_id":"7bf8db23-0465-4e34-9fe6-0b1385536a32","local_time":"20210201180954","is_ascension_mode":false,"campfire_choices":[{"floor":7,"key":"REST"},{"floor":10,"key":"REST"},{"floor":12,"key":"RECALL"},{"data":"DemoMod:SuppressiveFire","floor":15,"key":"SMITH"},{"data":"DemoMod:DarkMarker","floor":23,"key":"SMITH"}],"circlet_count":0,"master_deck":["DemoMod:Strike_Huntress","DemoMod:Strike_Huntress","DemoMod:Strike_Huntress","DemoMod:Defend_Huntress","DemoMod:Defend_Huntress","DemoMod:Defend_Huntress","DemoMod:Defend_Huntress","DemoMod:Roll","DemoMod:ManualReload","DemoMod:RustySidearm","DemoMod:CrossBow","DemoMod:SuppressiveFire+1","DemoMod:SAA","DemoMod:TeaPot","DemoMod:MachoBrace","DemoMod:EasyReloadBullets","DemoMod:TeaPot","DemoMod:SniperShot","DemoMod:PracticeMakesPerfect","DemoMod:DarkMarker+1","DemoMod:Elimentaler","DemoMod:EasyReloadBullets+1","DemoMod:ZorGun","DemoMod:HardPowerCard+1"],"relics":["DemoMod:Dog","FossilizedHelix","DemoMod:BlueGuonStone","DemoMod:Wolf","MerchantsRug","Lantern"],"acts_visited":["Exordium","TheCity"],"potions_floor_usage":[24,24,25],"damage_taken":[{"damage":0,"enemies":"Small Slimes","floor":1,"turns":3},{"damage":1,"enemies":"Jaw Worm","floor":3,"turns":3},{"damage":53,"enemies":"Gremlin Nob","floor":6,"turns":5},{"damage":0,"enemies":"Cultist","floor":8,"turns":3},{"damage":0,"enemies":"Exordium Thugs","floor":11,"turns":4},{"damage":8,"enemies":"Exordium Wildlife","floor":14,"turns":4},{"damage":11,"enemies":"Slime Boss","floor":16,"turns":8},{"damage":0,"enemies":"Chosen","floor":18,"turns":4},{"damage":10,"enemies":"2 Thieves","floor":21,"turns":3},{"damage":10,"enemies":"Sentry and Sphere","floor":24,"turns":4},{"damage":58,"enemies":"Gremlin Leader","floor":25,"turns":9}],"seed_played":"87543768554746277","potions_obtained":[{"floor":16,"key":"SteroidPotion"},{"floor":22,"key":"BlessingOfTheForge"},{"floor":22,"key":"Energy Potion"}],"is_trial":false,"path_per_floor":["M","$","M","?","?","E","R","M","T","R","M","R","T","M","R","B",null,"M","?","$","M","?","R","M","E"],"character_chosen":"HUNTRESS","items_purchased":["DemoMod:TeaPot","DemoMod:MachoBrace","MerchantsRug","Lantern"],"campfire_rested":2,"item_purchase_floors":[2,2,20,20],"current_hp_per_floor":[70,70,69,74,74,21,43,43,43,65,65,65,65,57,57,46,75,75,75,75,65,65,65,55,0,0],"gold":31,"neow_bonus":"ONE_RANDOM_RARE_CARD","is_daily":false,"chose_seed":false,"campfire_upgraded":2,"win_rate":0.0,"timestamp":1612199394,"path_taken":["M","$","M","?","?","E","R","M","T","R","?","R","?","M","R","BOSS","M","?","$","M","?","R","?","E"],"items_purchased_type":["Card","Card","Relic","Relic"],"build_version":"2020-12-22","purchased_purges":0,"victory":false,"max_hp_per_floor":[70,70,70,75,75,75,75,75,75,75,75,75,75,75,75,75,75,75,75,75,75,75,75,75,75,75],"card_choices":[{"not_picked":["DemoMod:BattleInHaste","DemoMod:SniperShot"],"picked":"DemoMod:SAA","floor":1},{"not_picked":["DemoMod:ProbeStrike","DemoMod:StickyCrossBow"],"picked":"DemoMod:EasyReloadBullets","floor":3},{"not_picked":["DemoMod:Ejector","DemoMod:AC15"],"picked":"DemoMod:TeaPot","floor":6},{"not_picked":["DemoMod:TeaPot","DemoMod:FastSwitch"],"picked":"DemoMod:SniperShot","floor":8},{"not_picked":["DemoMod:CombinedRifle","DemoMod:Ejector"],"picked":"DemoMod:PracticeMakesPerfect","floor":11},{"not_picked":["DemoMod:PotionOfGunFriendShip","DemoMod:StickyCrossBow"],"picked":"DemoMod:DarkMarker","floor":14},{"not_picked":["DemoMod:DoubleVision","DemoMod:Eureka"],"picked":"DemoMod:Elimentaler","floor":16},{"not_picked":["DemoMod:ZorGun","DemoMod:Camera+1"],"picked":"DemoMod:EasyReloadBullets+1","floor":18},{"not_picked":["DemoMod:Unmoved","DemoMod:AC15"],"picked":"DemoMod:ZorGun","floor":21},{"not_picked":["DemoMod:AC15","DemoMod:ChanceBullets"],"picked":"DemoMod:HardPowerCard+1","floor":24}],"player_experience":3713563,"relics_obtained":[{"floor":6,"key":"FossilizedHelix"},{"floor":9,"key":"DemoMod:BlueGuonStone"}],"event_choices":[{"damage_healed":0,"gold_gain":0,"player_choice":"Donut","damage_taken":0,"max_hp_gain":5,"max_hp_loss":0,"event_name":"Big Fish","floor":4,"gold_loss":0},{"damage_healed":0,"gold_gain":0,"player_choice":"Ignored","damage_taken":0,"max_hp_gain":0,"max_hp_loss":0,"event_name":"NoteForYourself","floor":5,"gold_loss":0},{"damage_healed":0,"gold_gain":0,"player_choice":"Ignored","damage_taken":0,"max_hp_gain":0,"max_hp_loss":0,"event_name":"Cursed Tome","floor":19,"gold_loss":0},{"damage_healed":0,"gold_gain":0,"player_choice":"Got Potions","damage_taken":0,"max_hp_gain":0,"max_hp_loss":0,"event_name":"Lab","floor":22,"gold_loss":0}],"is_beta":false,"boss_relics":[{"not_picked":["Ectoplasm","Astrolabe"],"picked":"DemoMod:Wolf"}],"items_purged_floors":[],"is_endless":false,"potions_floor_spawned":[16],"killed_by":"Gremlin Leader","ascension_level":0}}