{"host":"0pqkjyfh91td6rj0","time":1612203512,"event":{"mods":["BaseMod","Colored Map","Minty Spire (QoL Compilation)","Relic Stats","UnlockEverythingMod"],"gold_per_floor":[12,12,12,12,25,25,38,52,52,87,162,205,223,256,256,352,352,365,365,365,408,408],"floor_reached":21,"language":"ENG","playtime":1642,"items_purged":[],"score":398,"play_id":"a2ee8803-2a0a-4b51-9e7b-a60733ed8934","local_time":"20210201131832","is_ascension_mode":true,"campfire_choices":[{"data":"EmptyFist","floor":6,"key":"SMITH"},{"data":"Wish","floor":15,"key":"SMITH"}],"circlet_count":0,"master_deck":["AscendersBane","Strike_P","Strike_P","Strike_P+1","Strike_P","Defend_P+1","Eruption","Vigilance","EmptyFist+1","Wish+1","Consecrate","Wireheading","JustLucky","CutThroughFate","Vault","WindmillStrike"],"relics":["PureWater","Torii","Golden Idol","Meat on the Bone","Vajra","Yang","Mango","Empty Cage"],"acts_visited":["Exordium","TheCity"],"potions_floor_usage":[],"damage_taken":[{"damage":0,"enemies":"Jaw Worm","floor":1,"turns":3},{"damage":0,"enemies":"2 Louse","floor":5,"turns":3},{"damage":0,"enemies":"Cultist","floor":7,"turns":3},{"damage":7,"enemies":"Large Slime","floor":8,"turns":5},{"damage":6,"enemies":"3 Sentries","floor":10,"turns":9},{"damage":7,"enemies":"Lagavulin","floor":12,"turns":5},{"damage":1,"enemies":"2 Fungi Beasts","floor":13,"turns":4},{"damage":16,"enemies":"Gremlin Nob","floor":14,"turns":3},{"damage":30,"enemies":"Slime Boss","floor":16,"turns":6},{"damage":15,"enemies":"Chosen","floor":18,"turns":6},{"damage":31,"enemies":"Shell Parasite","floor":21,"turns":4}],"seed_played":"4756777987316126372","potions_obtained":[{"floor":5,"key":"BottledMiracle"},{"floor":12,"key":"FearPotion"},{"floor":16,"key":"DistilledChaos"}],"is_trial":false,"path_per_floor":["M","?","?","?","M","R","M","M","T","E","?","E","M","E","R","B",null,"M","?","?","M"],"character_chosen":"WATCHER","items_purchased":[],"campfire_rested":0,"item_purchase_floors":[],"current_hp_per_floor":[61,61,42,42,42,42,42,35,35,41,30,35,34,44,44,26,64,49,64,64,45,45],"gold":408,"neow_bonus":"ONE_RARE_RELIC","is_daily":false,"chose_seed":false,"campfire_upgraded":2,"win_rate":0.0,"timestamp":1612203512,"path_taken":["M","?","?","?","?","R","M","M","T","E","?","E","M","E","R","BOSS","M","?","?","?"],"items_purchased_type":[],"build_version":"2020-12-22","purchased_purges":0,"victory":false,"max_hp_per_floor":[68,62,62,62,62,62,62,62,62,62,62,62,62,76,76,76,76,76,76,76,76,76],"relic_stats":{"Torii":25,"counters":[11,51],"Golden Idol":61,"Yang":[43],"obtain_stats":[{"Torii":0,"Golden Idol":2,"Vajra":10,"Yang":12,"Mango":14,"PureWater":0,"Empty Cage":17,"Meat on the Bone":9},{"Torii":0,"Golden Idol":1,"Vajra":5,"Yang":6,"Mango":8,"PureWater":0,"Empty Cage":9,"Meat on the Bone":4},{"Torii":0,"Golden Idol":3,"Vajra":23,"Yang":28,"Mango":35,"PureWater":0,"Empty Cage":41,"Meat on the Bone":14}],"Meat on the Bone":60},"card_choices":[{"not_picked":["Indignation","Consecrate"],"picked":"EmptyFist","floor":1},{"not_picked":["PathToVictory","EmptyFist"],"picked":"Consecrate","floor":5},{"not_picked":["Weave","Evaluate"],"picked":"Wireheading","floor":7},{"not_picked":["Crescendo","CrushJoints","Halt"],"picked":"SKIP","floor":8},{"not_picked":["Alpha","Worship"],"picked":"JustLucky","floor":10},{"not_picked":["Consecrate","Halt","Brilliance"],"picked":"SKIP","floor":12},{"not_picked":["Worship","CrushJoints","JustLucky"],"picked":"SKIP","floor":13},{"not_picked":["Wireheading","WreathOfFlame"],"picked":"CutThroughFate","floor":14},{"not_picked":["DeusExMachina","Brilliance"],"picked":"Vault","floor":16},{"not_picked":["FollowUp","Evaluate","ThirdEye"],"picked":"SKIP","floor":18}],"player_experience":138260,"relics_obtained":[{"floor":9,"key":"Meat on the Bone"},{"floor":10,"key":"Vajra"},{"floor":12,"key":"Yang"},{"floor":14,"key":"Mango"}],"event_choices":[{"damage_healed":0,"gold_gain":0,"player_choice":"Lose Max HP","damage_taken":0,"relics_obtained":["Golden Idol"],"max_hp_gain":0,"max_hp_loss":6,"event_name":"Golden Idol","floor":2,"gold_loss":0},{"damage_healed":0,"gold_gain":0,"player_choice":"Entered Light","damage_taken":19,"max_hp_gain":0,"max_hp_loss":0,"event_name":"Shining Light","floor":3,"gold_loss":0,"cards_upgraded":["Strike_P","Defend_P"]},{"damage_healed":0,"gold_gain":0,"player_choice":"1 cards matched","damage_taken":0,"max_hp_gain":0,"max_hp_loss":0,"event_name":"Match and Keep!","floor":4,"gold_loss":0,"cards_obtained":["Wish"]},{"damage_healed":0,"gold_gain":75,"player_choice":"Gather Gold","damage_taken":11,"max_hp_gain":0,"max_hp_loss":0,"event_name":"World of Goop","floor":11,"gold_loss":0},{"damage_healed":15,"gold_gain":0,"player_choice":"Heal","damage_taken":0,"max_hp_gain":0,"max_hp_loss":0,"event_name":"The Library","floor":19,"gold_loss":0},{"damage_healed":0,"gold_gain":0,"cards_transformed":["Defend_P"],"player_choice":"Transformed","damage_taken":0,"max_hp_gain":0,"max_hp_loss":0,"event_name":"Transmorgrifier","floor":20,"gold_loss":0,"cards_obtained":["WindmillStrike"]}],"is_beta":false,"boss_relics":[{"not_picked":["Busted Crown","Ectoplasm"],"picked":"Empty Cage"}],"items_purged_floors":[],"is_endless":false,"potions_floor_spawned":[5,12,13,16,21],"killed_by":"Shell Parasite","ascension_level":20}}