{"host":"ks71jpc99eh4jnzm","time":1612181065,"event":{"mods":["BaseMod","Colored Map","DeckTracker","Minty Spire (QoL Compilation)"],"gold_per_floor":[111,36,36,36,36,57,92,92,119,119,140,140,178,203,203,203,203],"floor_reached":16,"language":"KOR","playtime":1444,"items_purged":[],"score":216,"play_id":"1309ed6d-c15a-4a5b-9a52-8687c4612b00","local_time":"20210201210425","daily_mods":["Heirloom"],"is_ascension_mode":true,"campfire_choices":[{"floor":8,"key":"REST"},{"floor":10,"key":"REST"},{"data":"Poisoned Stab","floor":12,"key":"SMITH"},{"floor":15,"key":"REST"}],"circlet_count":0,"master_deck":["AscendersBane","Strike_G+1","Strike_G","Strike_G","Strike_G","Strike_G","Defend_G","Defend_G","Defend_G","Defend_G","Survivor","Neutralize+1","Tactician","Injury","Poisoned Stab+1","Escape Plan","Poisoned Stab","Masterful Stab"],"relics":["Ring of the Snake","Tough Bandages","Golden Idol","Omamori","Bronze Scales","Paper Crane"],"acts_visited":["Exordium"],"potions_floor_usage":[7,13,13,13,16],"damage_taken":[{"damage":5,"enemies":"Jaw Worm","floor":1,"turns":7},{"damage":7,"enemies":"Small Slimes","floor":6,"turns":3},{"damage":26,"enemies":"Lagavulin","floor":7,"turns":7},{"damage":0,"enemies":"2 Louse","floor":11,"turns":2},{"damage":15,"enemies":"3 Sentries","floor":13,"turns":8},{"damage":1,"enemies":"2 Fungi Beasts","floor":14,"turns":4},{"damage":35,"enemies":"Slime Boss","floor":16,"turns":8}],"seed_played":"1868726084270851631","potions_obtained":[{"floor":6,"key":"Poison Potion"},{"floor":7,"key":"EntropicBrew"},{"floor":14,"key":"GamblersBrew"}],"is_trial":true,"path_per_floor":["M","?","?","?","$","M","E","R","T","R","M","R","E","M","R","B"],"character_chosen":"THE_SILENT","items_purchased":[],"campfire_rested":3,"item_purchase_floors":[],"current_hp_per_floor":[54,54,34,34,34,27,1,20,20,39,39,39,24,23,42,7,7],"gold":203,"neow_bonus":"","is_daily":false,"chose_seed":false,"campfire_upgraded":1,"win_rate":0.0,"timestamp":1612181065,"path_taken":["M","?","?","?","$","M","E","R","T","R","M","R","E","M","R","BOSS"],"items_purchased_type":[],"build_version":"2020-12-22","purchased_purges":0,"victory":false,"max_hp_per_floor":[66,66,66,66,66,66,66,66,66,66,66,66,66,66,66,66,66],"card_choices":[{"not_picked":["Slice","Infinite Blades"],"picked":"Tactician","floor":1},{"not_picked":["Caltrops","Outmaneuver"],"picked":"Poisoned Stab","floor":6},{"not_picked":["Endless Agony","Bane","Accuracy"],"picked":"SKIP","floor":7},{"not_picked":["Prepared","Dodge and Roll"],"picked":"Escape Plan","floor":11},{"not_picked":["Dodge and Roll","Bane"],"picked":"Poisoned Stab","floor":13},{"not_picked":["Deadly Poison","Setup"],"picked":"Masterful Stab","floor":14}],"player_experience":364349,"relics_obtained":[{"floor":7,"key":"Omamori"},{"floor":9,"key":"Bronze Scales"},{"floor":13,"key":"Paper Crane"}],"event_choices":[{"cards_removed":["Defend_G"],"damage_healed":0,"gold_gain":0,"player_choice":"Card Removal","damage_taken":0,"max_hp_gain":0,"max_hp_loss":0,"event_name":"The Cleric","floor":2,"gold_loss":75},{"damage_healed":0,"gold_gain":0,"player_choice":"Entered Light","damage_taken":20,"max_hp_gain":0,"max_hp_loss":0,"event_name":"Shining Light","floor":3,"gold_loss":0,"cards_upgraded":["Neutralize","Strike_G"]},{"damage_healed":0,"gold_gain":0,"player_choice":"Take Wound","damage_taken":0,"relics_obtained":["Golden Idol"],"max_hp_gain":0,"max_hp_loss":0,"event_name":"Golden Idol","floor":4,"gold_loss":0,"cards_obtained":["Injury"]}],"is_beta":false,"boss_relics":[],"items_purged_floors":[],"is_endless":false,"potions_floor_spawned":[6,7,14],"killed_by":"Slime Boss","ascension_level":20}}