{"host":"y76clbnovzmw9ubx","time":1612140088,"event":{"mods":["AchievementEnabler","BaseMod","Minty Spire (QoL Compilation)","Permanent Neow","Relic Stats"],"gold_per_floor":[114,132,132,152,171,205,205,236,236,251,280,299,316,326,326,400,400,411,426,351,351,351],"floor_reached":21,"language":"ENG","playtime":1806,"items_purged":[],"score":410,"play_id":"5a62c2cc-ebad-4cf4-8924-c75edfb99b3a","local_time":"20210131194128","is_ascension_mode":true,"campfire_choices":[{"floor":7,"key":"REST"},{"data":"Night Terror","floor":15,"key":"SMITH"}],"circlet_count":0,"master_deck":["AscendersBane","Survivor","Neutralize","Blade Dance","Flechettes","Dagger Spray","A Thousand Cuts+1","Night Terror+1","Finisher","Footwork+1","Escape Plan","Caltrops+1","Tools of the Trade+1","Malaise","Dodge and Roll","Flechettes","Masterful Stab","Dagger Spray","Dagger Spray","Slice","Dash","Leg Sweep","Tools of the Trade+1","Cloak And Dagger+1","Escape Plan"],"relics":["Ring of the Snake","Du-Vu Doll","Frozen Egg 2","Meat on the Bone","Question Card","Pear","Pandora\u0027s Box"],"acts_visited":["Exordium","TheCity"],"potions_floor_usage":[6,8,12,21,21],"damage_taken":[{"damage":4,"enemies":"Small Slimes","floor":1,"turns":4},{"damage":1,"enemies":"Cultist","floor":2,"turns":3},{"damage":2,"enemies":"Jaw Worm","floor":4,"turns":4},{"damage":0,"enemies":"Blue Slaver","floor":5,"turns":3},{"damage":22,"enemies":"Gremlin Nob","floor":6,"turns":4},{"damage":7,"enemies":"3 Sentries","floor":8,"turns":4},{"damage":8,"enemies":"Exordium Wildlife","floor":10,"turns":6},{"damage":8,"enemies":"Gremlin Nob","floor":11,"turns":3},{"damage":0,"enemies":"3 Louse","floor":12,"turns":1},{"damage":15,"enemies":"Blue Slaver","floor":13,"turns":5},{"damage":10,"enemies":"Lots of Slimes","floor":14,"turns":2},{"damage":39,"enemies":"The Guardian","floor":16,"turns":12},{"damage":21,"enemies":"Shell Parasite","floor":18,"turns":5},{"damage":27,"enemies":"2 Thieves","floor":19,"turns":4},{"damage":26,"enemies":"Snake Plant","floor":21,"turns":4}],"seed_played":"-4115938145720797263","potions_obtained":[{"floor":5,"key":"Ancient Potion"},{"floor":6,"key":"Fire Potion"},{"floor":11,"key":"Explosive Potion"},{"floor":12,"key":"FearPotion"},{"floor":13,"key":"SpeedPotion"}],"is_trial":false,"path_per_floor":["M","M","?","M","M","E","R","E","T","M","E","M","M","M","R","B",null,"M","M","?","M"],"character_chosen":"THE_SILENT","items_purchased":[],"campfire_rested":1,"item_purchase_floors":[],"current_hp_per_floor":[55,54,54,52,52,30,49,42,42,34,48,48,45,47,47,20,62,41,26,26,0,0],"gold":351,"neow_bonus":"ONE_RARE_RELIC","is_daily":false,"chose_seed":false,"campfire_upgraded":1,"win_rate":0.0,"timestamp":1612140088,"path_taken":["M","M","?","M","M","E","R","E","T","M","E","M","M","M","R","BOSS","M","?","?","M"],"items_purchased_type":[],"build_version":"2020-12-22","purchased_purges":0,"victory":false,"max_hp_per_floor":[66,66,66,66,66,66,66,66,66,66,76,76,76,76,76,76,76,76,76,76,76,76],"relic_stats":{"counters":[15,64],"Pandora\u0027s Box":["Deadly Poison","Dodge and Roll","Flechettes","Masterful Stab","Dagger Spray","Dagger Spray","Slice","Dash","Leg Sweep","Tools of the Trade"],"Question Card":8,"obtain_stats":[{"Du-Vu Doll":0,"Pear":11,"Pandora\u0027s Box":17,"Frozen Egg 2":6,"Question Card":9,"Ring of the Snake":0,"Meat on the Bone":8},{"Du-Vu Doll":0,"Pear":8,"Pandora\u0027s Box":12,"Frozen Egg 2":5,"Question Card":6,"Ring of the Snake":0,"Meat on the Bone":6},{"Du-Vu Doll":0,"Pear":31,"Pandora\u0027s Box":51,"Frozen Egg 2":18,"Question Card":22,"Ring of the Snake":0,"Meat on the Bone":22}],"Ring of the Snake":[30],"Meat on the Bone":60},"card_choices":[{"not_picked":["Reflex","Dagger Throw"],"picked":"Blade Dance","floor":1},{"not_picked":["Deadly Poison","Prepared","Bane"],"picked":"SKIP","floor":2},{"not_picked":["Dash","Dagger Throw"],"picked":"Flechettes","floor":4},{"not_picked":["Acrobatics","Dagger Throw"],"picked":"Dagger Spray","floor":5},{"not_picked":["Burst","Crippling Poison"],"picked":"A Thousand Cuts+1","floor":6},{"not_picked":["Bouncing Flask","Catalyst"],"picked":"Night Terror","floor":8},{"not_picked":["Dagger Throw","Bouncing Flask","All Out Attack"],"picked":"Finisher","floor":10},{"not_picked":["Flying Knee","Cloak And Dagger","Skewer"],"picked":"Footwork+1","floor":11},{"not_picked":["Dagger Throw","Dagger Spray","Crippling Poison"],"picked":"Escape Plan","floor":12},{"not_picked":["Accuracy+1","Finisher","Sucker Punch"],"picked":"Caltrops+1","floor":13},{"not_picked":["Acrobatics","Poisoned Stab","Predator"],"picked":"Tools of the Trade+1","floor":14},{"not_picked":["Phantasmal Killer","Grand Finale","Glass Knife"],"picked":"Malaise","floor":16},{"not_picked":["Deflect","Dodge and Roll","Slice"],"picked":"Cloak And Dagger+1","floor":18},{"not_picked":["Predator","Terror","Flechettes"],"picked":"Escape Plan","floor":19}],"player_experience":3177725,"relics_obtained":[{"floor":6,"key":"Frozen Egg 2"},{"floor":8,"key":"Meat on the Bone"},{"floor":9,"key":"Question Card"},{"floor":11,"key":"Pear"}],"event_choices":[{"cards_removed":["Injury"],"damage_healed":0,"gold_gain":0,"player_choice":"Removed Curses","damage_taken":0,"max_hp_gain":0,"max_hp_loss":0,"event_name":"Fountain of Cleansing","floor":3,"gold_loss":0},{"cards_removed":["Deadly Poison"],"damage_healed":0,"gold_gain":0,"player_choice":"Gave Gold","damage_taken":0,"max_hp_gain":0,"max_hp_loss":0,"event_name":"Beggar","floor":20,"gold_loss":75}],"is_beta":false,"boss_relics":[{"not_picked":["Black Star","Snecko Eye"],"picked":"Pandora\u0027s Box"}],"items_purged_floors":[],"is_endless":false,"potions_floor_spawned":[5,6,11,12,13,18],"killed_by":"Snake Plant","ascension_level":20}}