{"host":"swphzoo6hmc78epl","time":1612151516,"event":{"mods":["BaseMod","Highlight Path","Minty Spire (QoL Compilation)","Quick Restart"],"gold_per_floor":[116,129,129,148,6,6,35,35,35,47,47,59,59,69,69,170,170,181,214,214,214,229,262,262,262,262,162,162,173,48,48,48],"floor_reached":31,"language":"ENG","playtime":1081,"items_purged":["Strike_B","Pain","Decay"],"score":291,"play_id":"2919a672-d798-4af6-ab27-2636ba515189","local_time":"20210131225156","is_ascension_mode":true,"campfire_choices":[{"data":"Storm","floor":6,"key":"SMITH"},{"data":"Creative AI","floor":8,"key":"SMITH"},{"data":"Loop","floor":11,"key":"SMITH"},{"data":"Doom and Gloom","floor":13,"key":"SMITH"},{"data":"Coolheaded","floor":15,"key":"SMITH"},{"data":"Electrodynamics","floor":28,"key":"SMITH"}],"circlet_count":0,"master_deck":["Defend_B","Defend_B","Defend_B","Defend_B","Zap","Dualcast","Echo Form","Storm+1","Sunder","Loop+1","Creative AI+1","FTL","Doom and Gloom+1","Coolheaded+1","Electrodynamics+1","Redo+1","Steam+1","Steam+1","Chill+1","Defragment","Capacitor","Hologram+1"],"relics":["Cracked Core","Du-Vu Doll","FossilizedHelix","Astrolabe","Red Mask","WarpedTongs","WingedGreaves","Gremlin Horn","Bottled Tornado"],"acts_visited":["Exordium","TheCity"],"potions_floor_usage":[14,16,18,23,23],"damage_taken":[{"damage":0,"enemies":"2 Louse","floor":1,"turns":2},{"damage":1,"enemies":"Cultist","floor":2,"turns":4},{"damage":13,"enemies":"Jaw Worm","floor":4,"turns":4},{"damage":32,"enemies":"Gremlin Nob","floor":7,"turns":4},{"damage":8,"enemies":"Blue Slaver","floor":10,"turns":3},{"damage":0,"enemies":"2 Fungi Beasts","floor":12,"turns":3},{"damage":0,"enemies":"Exordium Thugs","floor":14,"turns":2},{"damage":12,"enemies":"Hexaghost","floor":16,"turns":7},{"damage":4,"enemies":"Shell Parasite","floor":18,"turns":3},{"damage":0,"enemies":"Masked Bandits","floor":19,"turns":3},{"damage":19,"enemies":"Spheric Guardian","floor":22,"turns":4},{"damage":22,"enemies":"Slavers","floor":23,"turns":3},{"damage":0,"enemies":"Chosen and Byrds","floor":29,"turns":3},{"damage":32,"enemies":"Book of Stabbing","floor":31,"turns":4}],"seed_played":"8112334428435740718","potions_obtained":[{"floor":7,"key":"DistilledChaos"},{"floor":10,"key":"Fire Potion"},{"floor":12,"key":"PotionOfCapacity"},{"floor":14,"key":"SmokeBomb"},{"floor":16,"key":"PotionOfCapacity"},{"floor":18,"key":"LiquidBronze"},{"floor":19,"key":"SteroidPotion"}],"is_trial":false,"path_per_floor":["M","M","?","M","$","R","E","R","T","M","R","M","R","M","R","B",null,"M","?","?","?","M","E","?","T","T","$","R","M","$","E"],"character_chosen":"DEFECT","items_purchased":["Loop"],"campfire_rested":0,"item_purchase_floors":[5],"current_hp_per_floor":[75,74,67,54,54,54,22,22,22,14,14,14,14,14,14,2,75,71,71,71,71,52,30,30,30,30,30,30,30,30,0,0],"gold":48,"neow_bonus":"ONE_RANDOM_RARE_CARD","is_daily":false,"chose_seed":false,"campfire_upgraded":6,"win_rate":0.0,"timestamp":1612151516,"path_taken":["M","M","?","M","$","R","E","R","T","M","R","M","R","M","R","BOSS","M","?","?","?","?","E","?","?","T","$","R","M","$","E"],"items_purchased_type":["Card"],"build_version":"2020-12-22","purchased_purges":3,"victory":false,"max_hp_per_floor":[75,75,75,75,75,75,75,75,75,75,75,75,75,75,75,75,75,75,75,75,75,75,75,75,75,75,75,75,75,75,75,75],"card_choices":[{"not_picked":["Hologram","Steam"],"picked":"Gash","floor":1},{"not_picked":["Turbo","Conserve Battery"],"picked":"Storm","floor":2},{"not_picked":["Streamline","Stack"],"picked":"Sunder","floor":4},{"not_picked":["Gash","Hologram"],"picked":"Creative AI","floor":7},{"not_picked":["Cold Snap","Sunder"],"picked":"FTL","floor":10},{"not_picked":["Reprogram","Compile Driver"],"picked":"Doom and Gloom","floor":12},{"not_picked":["Leap","Recycle"],"picked":"Coolheaded","floor":14},{"not_picked":["Rainbow","Fission"],"picked":"Electrodynamics","floor":16},{"not_picked":["Storm","Cold Snap"],"picked":"Chill+1","floor":18},{"not_picked":["Rebound","Chill"],"picked":"Defragment","floor":19},{"not_picked":["Lockon+1","FTL"],"picked":"Hologram+1","floor":22},{"not_picked":["Go for the Eyes+1","Redo","Barrage"],"picked":"SKIP","floor":23},{"not_picked":["Redo+1","Beam Cell","Steam+1"],"picked":"SKIP","floor":29}],"player_experience":852805,"relics_obtained":[{"floor":7,"key":"Du-Vu Doll"},{"floor":9,"key":"FossilizedHelix"},{"floor":19,"key":"Red Mask"},{"floor":23,"key":"WingedGreaves"},{"floor":25,"key":"Gremlin Horn"},{"floor":26,"key":"Bottled Tornado"}],"event_choices":[{"cards_removed":["Strike_B"],"damage_healed":0,"gold_gain":0,"player_choice":"Card Removal","damage_taken":7,"max_hp_gain":0,"max_hp_loss":0,"event_name":"Golden Wing","floor":3,"gold_loss":0},{"damage_healed":0,"gold_gain":0,"player_choice":"Fought Bandits","damage_taken":0,"max_hp_gain":0,"max_hp_loss":0,"event_name":"Masked Bandits","floor":19,"gold_loss":0},{"damage_healed":0,"gold_gain":0,"player_choice":"Read","damage_taken":0,"max_hp_gain":0,"max_hp_loss":0,"event_name":"The Library","floor":20,"gold_loss":0,"cards_obtained":["Capacitor"]},{"damage_healed":0,"gold_gain":0,"player_choice":"Rummage","damage_taken":0,"relics_obtained":["WarpedTongs"],"max_hp_gain":0,"max_hp_loss":0,"event_name":"Accursed Blacksmith","floor":21,"gold_loss":0,"cards_obtained":["Pain"]},{"damage_healed":0,"gold_gain":0,"player_choice":"Smashed Altar","damage_taken":0,"max_hp_gain":0,"max_hp_loss":0,"event_name":"Forgotten Altar","floor":24,"gold_loss":0,"cards_obtained":["Decay"]}],"is_beta":false,"boss_relics":[{"not_picked":["Tiny House","Ectoplasm"],"picked":"Astrolabe"}],"items_purged_floors":[5,27,30],"is_endless":false,"potions_floor_spawned":[7,10,12,14,16,18,19],"killed_by":"Book of Stabbing","ascension_level":3}}