{"host":"dpbezu80jg8zk7un","time":1612210525,"event":{"mods":["BaseMod","Colored Map","Colored Powertips","Custom Start","DeckTracker","Minty Spire (QoL Compilation)","Quick Restart","StSLib","SuperFastMode"],"gold_per_floor":[110,110,137,151,168,193,193,222,222,147,147,147,21,41,41,118,118,132,152,164,183,183,183,213,213,213,213,225,244,260,295,295,366,366,383,401,420,434,480,480,515,525,525,541,541,416,450,465,465,465,465,465,465,39,74,74],"floor_reached":57,"language":"KOR","playtime":2049,"items_purged":["Strike_R","Strike_R","Strike_R","Sword Boomerang"],"score":3332,"play_id":"c1c83a60-f9ca-4f53-ac1e-1822d6ce490c","local_time":"20210202051525","is_ascension_mode":true,"campfire_choices":[{"floor":7.0,"key":"REST"},{"data":"Body Slam","floor":12.0,"key":"SMITH"},{"data":"Barricade","floor":15.0,"key":"SMITH"},{"data":"Offering","floor":23,"key":"SMITH"},{"data":"Evolve","floor":25,"key":"SMITH"},{"data":"Body Slam","floor":27,"key":"SMITH"},{"floor":32,"key":"RECALL"},{"data":"Exhume","floor":40,"key":"SMITH"},{"data":"Feel No Pain","floor":49,"key":"SMITH"},{"data":"Impervious","floor":53,"key":"SMITH"}],"circlet_count":0,"master_deck":["AscendersBane","Defend_R","Defend_R","Defend_R","Defend_R","Bash","Impervious+1","Body Slam+1","Barricade+1","Body Slam+1","Exhume+1","Burning Pact+1","Armaments+1","Shrug It Off","Offering+1","Evolve+1","Power Through+1","Feel No Pain+1","Finesse+1"],"relics":["Burning Blood","White Beast Statue","Pen Nib","CaptainsWheel","Coffee Dripper","Bottled Tornado","Singing Bowl","Bottled Lightning","SlaversCollar","StoneCalendar","Toxic Egg 2","Self Forming Clay","Lantern","Kunai"],"acts_visited":["Exordium","TheCity","TheBeyond","TheEnding"],"potions_floor_usage":[16,28,30,33,42,56,56],"damage_taken":[{"damage":4.0,"enemies":"2 Louse","floor":1.0,"turns":4.0},{"damage":7.0,"enemies":"Jaw Worm","floor":4.0,"turns":6.0},{"damage":10.0,"enemies":"Small Slimes","floor":5.0,"turns":3.0},{"damage":60.0,"enemies":"3 Sentries","floor":6.0,"turns":14.0},{"damage":29.0,"enemies":"Lagavulin","floor":8.0,"turns":7.0},{"damage":6.0,"enemies":"Looter","floor":14.0,"turns":2.0},{"damage":0,"enemies":"Slime Boss","floor":16,"turns":5},{"damage":0,"enemies":"Chosen","floor":18,"turns":5},{"damage":0,"enemies":"2 Thieves","floor":19,"turns":3},{"damage":0,"enemies":"Snecko","floor":20,"turns":3},{"damage":0,"enemies":"Snake Plant","floor":21,"turns":3},{"damage":19,"enemies":"Gremlin Leader","floor":24,"turns":4},{"damage":0,"enemies":"Chosen and Byrds","floor":28,"turns":5},{"damage":12,"enemies":"Sentry and Sphere","floor":29,"turns":3},{"damage":0,"enemies":"Cultist and Chosen","floor":30,"turns":4},{"damage":10,"enemies":"Book of Stabbing","floor":31,"turns":4},{"damage":6,"enemies":"Collector","floor":33,"turns":4},{"damage":6,"enemies":"3 Shapes","floor":35,"turns":4},{"damage":12,"enemies":"3 Darklings","floor":36,"turns":2},{"damage":12,"enemies":"4 Shapes","floor":37,"turns":4},{"damage":6,"enemies":"Maw","floor":38,"turns":5},{"damage":6,"enemies":"2 Orb Walkers","floor":39,"turns":3},{"damage":6,"enemies":"Giant Head","floor":41,"turns":4},{"damage":6,"enemies":"Sphere and 2 Shapes","floor":42,"turns":5},{"damage":6,"enemies":"4 Shapes","floor":44,"turns":3},{"damage":6,"enemies":"Nemesis","floor":47,"turns":3},{"damage":6,"enemies":"Maw","floor":48,"turns":4},{"damage":6,"enemies":"Time Eater","floor":50,"turns":9},{"damage":6,"enemies":"Donu and Deca","floor":51,"turns":4},{"damage":6,"enemies":"Shield and Spear","floor":55,"turns":3},{"damage":10,"enemies":"The Heart","floor":56,"turns":5}],"seed_played":"6417269110835543662","potions_obtained":[{"floor":4.0,"key":"ColorlessPotion"},{"floor":6.0,"key":"ElixirPotion"},{"floor":8.0,"key":"LiquidMemories"},{"floor":16,"key":"Dexterity Potion"},{"floor":18,"key":"Regen Potion"},{"floor":28,"key":"Fruit Juice"},{"floor":29,"key":"Swift Potion"},{"floor":30,"key":"FearPotion"},{"floor":33,"key":"Fruit Juice"},{"floor":35,"key":"AttackPotion"},{"floor":36,"key":"SpeedPotion"},{"floor":41,"key":"Fruit Juice"},{"floor":42,"key":"Dexterity Potion"}],"is_trial":false,"path_per_floor":["M","?","T","M","M","E","R","E","T","$","?","R","$","M","R","B",null,"M","M","M","M","?","R","E","R","T","R","M","M","M","E","R","B",null,"M","M","M","M","?","R","E","M","T","M","?","$","E","M","R","B","B",null,"R","$","E","B",null],"character_chosen":"IRONCLAD","items_purchased":["Body Slam","Lantern","Finesse+1"],"campfire_rested":1,"item_purchase_floors":[13,54,54],"current_hp_per_floor":[70,70,70,69,65,11,33,10,10,10,75,75,75,75,75,75,75,75,75,75,75,75,75,62,62,62,62,75,71,86,84,84,91,94,96,92,88,88,90,90,90,97,97,99,99,99,101,103,103,103,103,113,113,113,115,111],"gold":74,"neow_bonus":"REMOVE_CARD","is_daily":false,"chose_seed":false,"campfire_upgraded":8,"win_rate":0.0,"timestamp":1612210525,"path_taken":["M","?","?","M","M","E","R","E","T","?","?","R","$","M","R","BOSS","M","M","M","?","?","R","E","R","T","R","M","?","M","E","R","BOSS","M","M","M","M","?","R","E","M","T","M","?","$","E","?","R","BOSS","BOSS","R","$","E","BOSS"],"items_purchased_type":["Card","Relic","Card"],"build_version":"2020-12-22","purchased_purges":4,"victory":true,"max_hp_per_floor":[75,75,75,75,75,75,75,75,75,75,75,75,75,75,75,75,75,75,75,75,75,75,75,75,75,75,75,82,84,86,88,88,95,95,97,99,101,101,103,103,103,110,110,112,112,112,114,116,116,116,116,116,116,116,118,118],"card_choices":[{"not_picked":["Flex","Bloodletting"],"picked":"Dropkick","floor":1.0},{"not_picked":["Perfected Strike","Metallicize"],"picked":"Sword Boomerang","floor":4.0},{"not_picked":["Iron Wave","Perfected Strike","Rampage"],"picked":"SKIP","floor":5.0},{"not_picked":["Burning Pact","Shrug It Off"],"picked":"Body Slam","floor":6.0},{"not_picked":["Heavy Blade","Carnage"],"picked":"Barricade","floor":8.0},{"not_picked":["Intimidate","Rampage","Body Slam"],"picked":"SKIP","floor":14.0},{"not_picked":["Demon Form","Fiend Fire"],"picked":"Exhume","floor":16},{"not_picked":["Blood for Blood","Pommel Strike"],"picked":"Burning Pact+1","floor":18},{"not_picked":["Warcry","Pommel Strike"],"picked":"Armaments+1","floor":19},{"not_picked":["Second Wind","Sword Boomerang"],"picked":"Shrug It Off","floor":20},{"not_picked":["Perfected Strike","Bloodletting"],"picked":"Offering","floor":21},{"not_picked":["Warcry","Clash"],"picked":"Evolve","floor":24},{"not_picked":["Metallicize","Disarm","Searing Blow"],"picked":"Singing Bowl","floor":28},{"not_picked":["Uppercut","Ghostly Armor","Sword Boomerang"],"picked":"Singing Bowl","floor":29},{"not_picked":["Heavy Blade+1","Body Slam","Perfected Strike"],"picked":"Singing Bowl","floor":30},{"not_picked":["Carnage","Pommel Strike","Warcry"],"picked":"Singing Bowl","floor":31},{"not_picked":["Double Tap","Juggernaut","Limit Break"],"picked":"Singing Bowl","floor":33},{"not_picked":["Warcry","Thunderclap","Armaments"],"picked":"Singing Bowl","floor":35},{"not_picked":["Sever Soul","Sword Boomerang","Combust"],"picked":"Singing Bowl","floor":36},{"not_picked":["Thunderclap","Sever Soul","Second Wind"],"picked":"Singing Bowl","floor":37},{"not_picked":["Twin Strike","Second Wind+1"],"picked":"Power Through+1","floor":38},{"not_picked":["Cleave","Rupture","Reaper"],"picked":"Singing Bowl","floor":39},{"not_picked":["Anger","Infernal Blade"],"picked":"Feel No Pain","floor":41},{"not_picked":["Perfected Strike","Rage+1","Twin Strike+1"],"picked":"Singing Bowl","floor":42},{"not_picked":["Anger+1","Havoc+1","Heavy Blade+1"],"picked":"Singing Bowl","floor":44},{"not_picked":["Armaments+1","Dual Wield+1","Warcry+1"],"picked":"Singing Bowl","floor":47},{"not_picked":["Headbutt+1","Clash","Havoc+1"],"picked":"Singing Bowl","floor":48},{"not_picked":["Dual Wield+1","Rampage+1","Berserk"],"picked":"Singing Bowl","floor":55}],"player_experience":2942829,"relics_obtained":[{"floor":6.0,"key":"White Beast Statue"},{"floor":8.0,"key":"Pen Nib"},{"floor":9.0,"key":"CaptainsWheel"},{"floor":24,"key":"Bottled Tornado"},{"floor":26,"key":"Singing Bowl"},{"floor":31,"key":"Bottled Lightning"},{"floor":39,"key":"StoneCalendar"},{"floor":43,"key":"Toxic Egg 2"},{"floor":47,"key":"Self Forming Clay"},{"floor":55,"key":"Kunai"}],"event_choices":[{"damage_healed":0.0,"max_hp_gain":0.0,"max_hp_loss":0.0,"gold_gain":0.0,"cards_transformed":["Strike_R"],"event_name":"Living Wall","player_choice":"Change","floor":2.0,"gold_loss":0.0,"damage_taken":0.0,"cards_obtained":["Impervious"]},{"cards_removed":["Dropkick"],"damage_healed":65.0,"max_hp_gain":0.0,"max_hp_loss":0.0,"gold_gain":0.0,"event_name":"Bonfire Elementals","player_choice":"Offered Uncommon","floor":11.0,"gold_loss":0.0,"damage_taken":0.0},{"damage_healed":0,"gold_gain":0,"player_choice":"Ignored","damage_taken":0,"max_hp_gain":0,"max_hp_loss":0,"event_name":"N\u0027loth","floor":22,"gold_loss":0},{"damage_healed":0,"gold_gain":0,"player_choice":"Fight","damage_taken":0,"max_hp_gain":0,"max_hp_loss":0,"event_name":"Mysterious Sphere","floor":39,"gold_loss":0},{"damage_healed":0,"gold_gain":0,"player_choice":"Ignored","damage_taken":0,"max_hp_gain":0,"max_hp_loss":0,"event_name":"SecretPortal","floor":45,"gold_loss":0}],"is_beta":false,"boss_relics":[{"not_picked":["Black Star","Philosopher\u0027s Stone"],"picked":"Coffee Dripper"},{"not_picked":["Snecko Eye","Velvet Choker"],"picked":"SlaversCollar"}],"items_purged_floors":[10,13,46,54],"is_endless":false,"potions_floor_spawned":[4,6,8,14,16,18,19,20,21,24,28,29,30,31,33,35,36,37,38,39,41,42,44,47,48,55],"ascension_level":20}}