{"host":"za9ilm1uiwmpmin1","time":1612214082,"event":{"mods":["AchievementEnabler","Act Like it!","Arknights","BaseMod","Dota2Spire","Downfall","Friendly Minions","Lobotomy","LobotomyExtend","Minty Spire (QoL Compilation)","MostiFishMod","Reorder Act Four","RumiaBox-露米娅的神秘盒子","StSLib","TestMod","Waifu the Spire","[IsaacMod]以撒尖塔","【功能Mod】混沌之环修复补丁"],"gold_per_floor":[121,121,121,137,155,193,213,138,138,179,207,228,228,255,255,391,391,415,415,435,435,483,532,532,581,627,653,676,718,730,841,853,1001,1013,1050,1062,1159,1253,1291,1303,1373,1414,1476,1541,1553,1620,1309,1349,1349,1383,1383,1383,990,990,1046,1096],"floor_reached":57,"language":"ZHS","playtime":2455,"items_purged":["champ:Strike","champ:Strike","champ:Defend","Decay","champ:Defend+1"],"score":1929,"play_id":"326788ab-02a6-41de-9ed4-a5f67024d5dd","local_time":"20210202051442","is_ascension_mode":true,"campfire_choices":[{"data":"champ:ShieldThrow","floor":13,"key":"SMITH"},{"data":"champ:Taunt","floor":15,"key":"SMITH"},{"floor":24,"key":"RECALL"},{"data":"champ:TripleStrike","floor":30,"key":"SMITH"},{"data":"champ:FocusedDefense","floor":32,"key":"SMITH"},{"data":"champ:Defend","floor":40,"key":"SMITH"},{"data":"champ:Defend","floor":45,"key":"SMITH"},{"floor":49,"key":"REST"},{"floor":54,"key":"REST"}],"circlet_count":0,"master_deck":["champ:Defend+1","champ:Defend+1","champ:Execute+1","champ:Taunt+1","champ:ShieldThrow+1","champ:FocusedDefense+1","champ:Backstep+1","champ:UltimateStance+1","champ:TripleStrike+1","champ:Lariat+1","champ:FancyFootwork+1"],"relics":["DaveBox","HushsDoor","testmod-TestBox","testmod-DeterminationOfClimber","TheBible","Nloth\u0027s Gift","SacredBark","SynthV:TestCard","LetterFromLob","Golden Idol","Bronze Scales","Toxic Egg 2","JellyFishMachine","Red Mask","testmod-Muramasa","SteamSale","Lantern","MawBank","Empty Cage","Torii","BookOfRevelations","Dota2Spire:PowerTreads","Dota2Spire:MonkeyKingBar","Vajra","Dota2Spire:CrimsonGuard","PrismaticShard","Juzu Bracelet","MostiFishMod:AdaptiveDefenses","Mummified Hand","BookofShadows","Dota2Spire:OrchidMalevolence"],"acts_visited":["Exordium","TheCity","TheBeyond","TheEnding"],"potions_floor_usage":[16,56,56,56],"damage_taken":[{"damage":20.0,"enemies":"Small Slimes","floor":1.0,"turns":3.0},{"damage":10.0,"enemies":"2 Louse","floor":4.0,"turns":2.0},{"damage":5.0,"enemies":"Jaw Worm","floor":5.0,"turns":3.0},{"damage":34.0,"enemies":"Gremlin Nob","floor":6.0,"turns":5.0},{"damage":11.0,"enemies":"Exordium Wildlife","floor":7.0,"turns":2.0},{"damage":25,"enemies":"Lagavulin","floor":10,"turns":5},{"damage":12,"enemies":"3 Louse","floor":11,"turns":2},{"damage":25,"enemies":"Exordium Thugs","floor":12,"turns":3},{"damage":21,"enemies":"Exordium Wildlife","floor":14,"turns":3},{"damage":30,"enemies":"Hexaghost","floor":16,"turns":6},{"damage":25,"enemies":"Chosen","floor":18,"turns":3},{"damage":20,"enemies":"2 Thieves","floor":20,"turns":3},{"damage":39,"enemies":"Masked Bandits","floor":22,"turns":3},{"damage":37,"enemies":"Slavers","floor":23,"turns":4},{"damage":27,"enemies":"Book of Stabbing","floor":25,"turns":4},{"damage":30,"enemies":"Snake Plant","floor":27,"turns":2},{"damage":40,"enemies":"Cultist and Chosen","floor":28,"turns":2},{"damage":45,"enemies":"Gremlin Leader","floor":29,"turns":3},{"damage":60,"enemies":"Automaton","floor":33,"turns":2},{"damage":10,"enemies":"3 Darklings","floor":35,"turns":1},{"damage":115,"enemies":"2 Orb Walkers","floor":38,"turns":1},{"damage":25,"enemies":"Orb Walker","floor":39,"turns":1},{"damage":80,"enemies":"Nemesis","floor":41,"turns":1},{"damage":105,"enemies":"Writhing Mass","floor":42,"turns":1},{"damage":115,"enemies":"Reptomancer","floor":44,"turns":1},{"damage":80,"enemies":"Giant Head","floor":46,"turns":1},{"damage":95,"enemies":"3 Darklings","floor":48,"turns":2},{"damage":210,"enemies":"Awakened One","floor":50,"turns":2},{"damage":110,"enemies":"Shield and Spear","floor":55,"turns":1},{"damage":155,"enemies":"The Heart","floor":56,"turns":3}],"seed_played":"7556501995269621101","potions_obtained":[{"floor":1.0,"key":"Energy Potion"},{"floor":4.0,"key":"Fire Potion"},{"floor":7.0,"key":"GamblersBrew"},{"floor":10,"key":"ColorlessPotion"},{"floor":16,"key":"Fruit Juice"},{"floor":20,"key":"SpeedPotion"},{"floor":22,"key":"DuplicationPotion"}],"is_trial":false,"path_per_floor":["M","?","?","M","M","E","M","$","T","E","M","M","R","M","R","B",null,"M","?","M","M","?","E","R","E","T","M","M","E","R","?","R","B",null,"M","?","?","?","M","R","E","M","T","E","R","E","$","M","R","B",null,null,"$","R","E","B",null],"character_chosen":"THE_CHAMP","items_purchased":["champ:FancyFootwork+1","Dota2Spire:CrimsonGuard","PrismaticShard","Juzu Bracelet","MostiFishMod:AdaptiveDefenses","Mummified Hand","BookofShadows"],"campfire_rested":2,"item_purchase_floors":[34,47,47,47,53,53,53],"current_hp_per_floor":[90,68,73,74,69,59,60,60,60,66,67,73,73,77,77,99,100,100,100,100,100,99,93,93,96,96,100,100,100,100,100,100,100,90,90,90,75,90,90,90,90,90,90,90,90,90,90,90,90,90,90,90,90,90,90,90],"gold":1096,"neow_bonus":"BOSS_RELIC","is_daily":false,"chose_seed":false,"campfire_upgraded":6,"win_rate":0.0,"timestamp":1612214082,"path_taken":["M","?","?","M","M","E","M","?","T","E","M","?","R","M","R","BOSS","M","?","M","M","?","E","R","E","T","M","M","E","R","?","R","BOSS","M","?","?","?","M","R","E","M","T","E","R","E","?","M","R","BOSS","$","R","E","BOSS"],"items_purchased_type":["Card","Relic","Relic","Relic","Relic","Relic","Relic"],"build_version":"2020-12-22","purchased_purges":5,"victory":true,"max_hp_per_floor":[90,90,95,95,95,95,95,95,95,95,95,95,95,95,95,105,100,100,100,100,100,100,100,100,100,100,100,100,100,100,100,100,100,90,90,90,90,90,90,90,90,90,90,90,90,90,90,90,90,90,90,90,90,90,90,90],"card_choices":[{"not_picked":["champ:FanOfKnives","Bomb"],"picked":"champ:ShieldThrow","floor":1.0},{"not_picked":["champ:Circumvent","champ:TornadoPunch","champ:Haymaker","champ:CrownThrow","champ:FanOfKnives"],"picked":"SKIP","floor":4.0},{"not_picked":["champ:EnGarde","champ:DefensiveShout","champ:CalledShot","champ:FocusedBerserking"],"picked":"champ:FocusedDefense","floor":5.0},{"not_picked":["champ:IronFortress","champ:ShieldWall","champ:Haymaker","champ:GladiatorStyle","champ:TripleStrike"],"picked":"SKIP","floor":6.0},{"not_picked":["champ:BerserkersShout","champ:StanceDance","champ:IronFortress","champ:HeartStrike","champ:AdrenalArmor"],"picked":"SKIP","floor":7.0},{"not_picked":["champ:Parry+1","champ:DefensiveShout+1","champ:VampiricStrike","champ:HeartStrike"],"picked":"champ:Backstep+1","floor":10},{"not_picked":["champ:Endure+1","champ:PreciseThrust","champ:AdrenalArmor+1","champ:BerserkerStyle","champ:CheapShot"],"picked":"SKIP","floor":11},{"not_picked":["champ:Encircle","champ:EndlessRage","champ:PerfectedStrike","champ:Haymaker","champ:BerserkersShout+1"],"picked":"SKIP","floor":12},{"not_picked":["champ:ShieldThrow","champ:DefensiveStyle","champ:RapidStrikes","champ:IronFortress","champ:Circumvent+1"],"picked":"SKIP","floor":14},{"not_picked":["champ:ShieldThrow","champ:DefensiveStyle","champ:RapidStrikes","champ:IronFortress","champ:Circumvent+1"],"picked":"SKIP","floor":14},{"not_picked":["champ:Improvising","champ:HeavySlash","champ:Devastate","champ:DancingMaster"],"picked":"champ:UltimateStance+1","floor":16},{"not_picked":["champ:Endure+1","champ:StanceDance+1","champ:CrownThrow+1","champ:BringItOn+1","champ:Backstep+1"],"picked":"SKIP","floor":18},{"not_picked":["champ:DefensiveShout+1","champ:Endure+1","champ:BladeFlurry","champ:CrownThrow","champ:BerserkersShout+1"],"picked":"SKIP","floor":20},{"not_picked":["champ:BringItOn+1","champ:IgnorePain+1","champ:FanOfKnives","champ:FlashCut+1","champ:CrookedStrike"],"picked":"SKIP","floor":23},{"not_picked":["champ:BerserkersShout+1","champ:VampiricStrike","champ:Encircle","champ:StanceDance+1"],"picked":"champ:TripleStrike","floor":25},{"not_picked":["champ:GutPunch","champ:RapidStrikes+1","champ:CrownThrow","champ:SetATrap+1","champ:FalseCounter+1"],"picked":"SKIP","floor":27},{"not_picked":["champ:FanOfKnives","champ:DeathBlow","champ:Endure+1","champ:FalseCounter+1","champ:Backstep+1"],"picked":"SKIP","floor":28},{"not_picked":["champ:GladiatorForm","champ:Duel","champ:RecklessLeap","champ:VampiricStrike"],"picked":"champ:Lariat+1","floor":29},{"not_picked":["champ:Shatter","champ:FocusedDefense+1","champ:Backstep+1","champ:FlashCut+1","champ:DefensiveShout+1"],"picked":"SKIP","floor":35},{"not_picked":["champ:FocusedDefense+1","champ:FocusedBerserking+1","champ:MurderStrike","champ:DefensiveShout+1","champ:Haymaker+1"],"picked":"SKIP","floor":39},{"not_picked":["champ:Improvising","champ:ArenaPreparation+1","champ:SteelEdge","champ:GladiatorForm","champ:Duel+1"],"picked":"SKIP","floor":41},{"not_picked":["champ:StanceDance+1","champ:ShieldWall","champ:SteelEdge","champ:FlashCut+1","champ:GutPunch+1"],"picked":"SKIP","floor":42},{"not_picked":["champ:DefensiveShout+1","champ:FocusedBerserking+1","champ:PreciseThrust+1","champ:Haymaker+1","champ:FlashCut+1"],"picked":"SKIP","floor":44},{"not_picked":["champ:DeathBlow+1","champ:RecklessLeap+1","champ:FlashCut","champ:EnGarde+1","champ:SetATrap+1"],"picked":"SKIP","floor":46},{"not_picked":["RedEyes+1","Guardian:SpikerProtocol","hexamod:FastForward+1","Slimebound:WasteNot+1","champ:Encircle"],"picked":"SKIP","floor":48},{"not_picked":["MostiFishMod:WingOfPhoenix","Darkness+1","sneckomod:UnknownWeak+1","BowlingBash","hexamod:SwordOfDarkness"],"picked":"SKIP","floor":55}],"player_experience":921684,"relics_obtained":[{"floor":1.0,"key":"SynthV:TestCard"},{"floor":1.0,"key":"LetterFromLob"},{"floor":6.0,"key":"Bronze Scales"},{"floor":10,"key":"Toxic Egg 2"},{"floor":22,"key":"Red Mask"},{"floor":23,"key":"testmod-Muramasa"},{"floor":25,"key":"SteamSale"},{"floor":26,"key":"Lantern"},{"floor":29,"key":"MawBank"},{"floor":38,"key":"Torii"},{"floor":41,"key":"BookOfRevelations"},{"floor":43,"key":"Dota2Spire:PowerTreads"},{"floor":44,"key":"Dota2Spire:MonkeyKingBar"},{"floor":46,"key":"Vajra"},{"floor":55,"key":"Dota2Spire:OrchidMalevolence"}],"event_choices":[{"damage_healed":0.0,"max_hp_gain":0.0,"max_hp_loss":0.0,"gold_gain":0.0,"event_name":"Golden Idol","player_choice":"Take Damage","floor":2.0,"gold_loss":0.0,"damage_taken":22.0,"relics_obtained":["Golden Idol"]},{"damage_healed":0.0,"max_hp_gain":5.0,"max_hp_loss":0.0,"gold_gain":0.0,"event_name":"Big Fish","player_choice":"Donut","floor":3.0,"gold_loss":0.0,"damage_taken":0.0},{"damage_healed":0,"gold_gain":0,"player_choice":"Cursed","damage_taken":0,"max_hp_gain":0,"max_hp_loss":0,"event_name":"Wheel of Change","floor":19,"gold_loss":0,"cards_obtained":["Decay"]},{"damage_healed":0,"gold_gain":0,"player_choice":"Fought Bandits","damage_taken":0,"max_hp_gain":0,"max_hp_loss":0,"event_name":"Masked Bandits","floor":22,"gold_loss":0},{"damage_healed":0,"gold_gain":99,"player_choice":"Stole From Cult","damage_taken":0,"max_hp_gain":0,"max_hp_loss":0,"event_name":"Nest","floor":31,"gold_loss":0},{"damage_healed":0,"gold_gain":0,"player_choice":"Swap Relic","damage_taken":0,"relics_obtained":["Technique"],"max_hp_gain":0,"max_hp_loss":0,"event_name":"给自己的盒子","floor":36,"relics_lost":["Technique"],"gold_loss":0},{"damage_healed":0,"gold_gain":0,"player_choice":"Fight","damage_taken":0,"max_hp_gain":0,"max_hp_loss":0,"event_name":"Mysterious Sphere","floor":38,"gold_loss":0}],"is_beta":false,"boss_relics":[{"not_picked":["Busted Crown","HereWithMe"],"picked":"JellyFishMachine"},{"not_picked":[]},{"not_picked":["xbg","testmod-TimeTraveler"],"picked":"Empty Cage"},{"not_picked":[]}],"items_purged_floors":[8,17,34,47,53],"is_endless":false,"potions_floor_spawned":[1,4,7,10,16,20,22,27,28,29,35,41,42,46,55],"ascension_level":1}}