{"host":"r10yh36zs2k9z1sa","time":1612187263,"event":{"mods":["AchievementEnabler","Act Like it!","Aspiration","Astrologer","BaseMod","Colored Map","Conspire","Decade(¤ý¤p©ú)","Gensokyo","Hermit","Highlight Path","KinomotoSakuraMod(¤ì¤§¥»?)","Koishi","Marisa¡]Ãú«B¡@Å]²z¨F¡^","Minty Spire (QoL Compilation)","Permanent Neow","Quick Restart","Reimu¡]³Õ???¡^","Remilia¡]Á¢¦Ì²ú?¡^","StSLib","SuperFastMode","The Administrix","The Blackbeard","The Bug Knight","The Cursed","The Gatherer","The Mystic","The Saiyan","The Senshi","The Servant 0.9.4","Youmu¡]»î¾z§¯?¡^","Yuri Mod","Yuyuko"],"gold_per_floor":[91,102,119,129,304,338,338,370,370,381,381,395,427,443,443,548,548,530,530,530,555,581,608,608,608,608],"floor_reached":25,"language":"ZHS","playtime":2058,"items_purged":[],"score":316,"play_id":"f0d27d34-b36d-4d81-8932-7e46a8d19500","local_time":"20210201214743","is_ascension_mode":false,"campfire_choices":[{"data":"Saiyan:KaioKen","floor":7.0,"key":"SMITH"},{"data":"Saiyan:SuperSaiyanForm","floor":15.0,"key":"SMITH"},{"floor":24.0,"key":"REST"}],"circlet_count":0,"master_deck":["Saiyan:SAIYA_Strike","Saiyan:SAIYA_Strike","Saiyan:SAIYA_Strike","Saiyan:SAIYA_Strike","Saiyan:SAIYA_Defend","Saiyan:SAIYA_Defend","Saiyan:SAIYA_Defend","Saiyan:SAIYA_Defend","Saiyan:EnergyBlast","Saiyan:KaioKen+1","Saiyan:RuthlessBlow","Saiyan:Quickening","Saiyan:ConcussiveBlow","Saiyan:Quickening","Saiyan:BigBangAttack","Doubt","Saiyan:TheBomb","Saiyan:SuperSaiyanForm+1","Forethought","Saiyan:Medicine","Saiyan:SenzuBean","Saiyan:BigBangAttack"],"relics":["SaiyanSoul","SaiyanHeart","aspiration:Nostalgia","HalfPhantom","Toy Ornithopter","theSenshi:FeatherClipsRelic","Regal Pillow","HollowMod:PaleOreRelic","Black Star","Bag of Preparation","Red Mask","Nunchaku","Mercury Hourglass","Vajra"],"acts_visited":["Exordium","TheCity"],"potions_floor_usage":[],"damage_taken":[{"damage":0.0,"enemies":"Cultist","floor":1.0,"turns":4.0},{"damage":0.0,"enemies":"Small Slimes","floor":2.0,"turns":3.0},{"damage":0.0,"enemies":"2 Louse","floor":3.0,"turns":2.0},{"damage":0.0,"enemies":"Blue Slaver","floor":4.0,"turns":3.0},{"damage":12.0,"enemies":"3 Sentries","floor":6.0,"turns":6.0},{"damage":31.0,"enemies":"Gremlin Nob","floor":8.0,"turns":4.0},{"damage":5.0,"enemies":"3 Louse","floor":10.0,"turns":4.0},{"damage":3.0,"enemies":"Exordium Wildlife","floor":12.0,"turns":5.0},{"damage":0.0,"enemies":"Lagavulin","floor":13.0,"turns":8.0},{"damage":6.0,"enemies":"Looter","floor":14.0,"turns":4.0},{"damage":15.0,"enemies":"Slime Boss","floor":16.0,"turns":10.0},{"damage":18.0,"enemies":"2 Thieves","floor":18.0,"turns":4.0},{"damage":48.0,"enemies":"Masked Bandits","floor":22.0,"turns":10.0},{"damage":25.0,"enemies":"Slavers","floor":23.0,"turns":6.0},{"damage":10,"enemies":"Chosen","floor":25,"turns":3}],"seed_played":"-5218038458612969919","potions_obtained":[{"floor":2.0,"key":"SpeedPotion"},{"floor":6.0,"key":"Strength Potion"},{"floor":8.0,"key":"EssenceOfSteel"},{"floor":12.0,"key":"Explosive Potion"},{"floor":16.0,"key":"PowerPotion"},{"floor":22.0,"key":"Strength Potion"}],"is_trial":false,"path_per_floor":["M","M","M","M","?","E","R","E","T","M","?","M","E","M","R","B",null,"M","?","?","T","?","E","R","M"],"character_chosen":"SAIYAJIN","items_purchased":[],"campfire_rested":1,"item_purchase_floors":[],"current_hp_per_floor":[61,63,64,66,66,55,55,32,32,35,35,43,56,59,59,59,80,71,71,55,55,16,13,55,49,49],"gold":608,"neow_bonus":"NOSTALGIA","is_daily":false,"chose_seed":false,"campfire_upgraded":2,"win_rate":0.0,"timestamp":1612187263,"path_taken":["M","?","M","?","?","E","R","E","T","M","?","?","E","M","R","BOSS","M","?","?","?","?","E","R","M"],"items_purchased_type":[],"build_version":"2020-12-22","purchased_purges":0,"victory":false,"max_hp_per_floor":[61,63,64,66,66,67,67,70,70,72,72,77,79,79,79,80,80,83,83,88,88,88,91,91,92,92],"card_choices":[{"not_picked":["Saiyan:SoulSpice","Saiyan:BackAttack"],"picked":"Saiyan:Quickening","floor":1.0},{"not_picked":["Saiyan:ExpandingShockwave","Saiyan:Endure"],"picked":"Saiyan:ConcussiveBlow","floor":2.0},{"not_picked":["Saiyan:Afterimage","Saiyan:FingerParry"],"picked":"Saiyan:Quickening","floor":3.0},{"not_picked":["Saiyan:BackAttack","Saiyan:KameHameHa"],"picked":"Saiyan:BigBangAttack","floor":4.0},{"not_picked":["Saiyan:DragonFist","Saiyan:DoubleMasenko"],"picked":"Saiyan:TheBomb","floor":6.0},{"not_picked":["Saiyan:SaiyanHubris","Saiyan:AugmentedBlast","Saiyan:PowerUp"],"picked":"SKIP","floor":8.0},{"not_picked":["Saiyan:SaiyanHubris","Saiyan:KiStrike"],"picked":"Saiyan:SuperSaiyanForm","floor":10.0},{"not_picked":["Saiyan:ExpandingShockwave","Saiyan:Quickening","Saiyan:SoulSpice"],"picked":"SKIP","floor":12.0},{"not_picked":["Saiyan:Planning","Saiyan:Scouter"],"picked":"Saiyan:Medicine","floor":13.0},{"not_picked":["Saiyan:PowerUp","Saiyan:Scouter","Saiyan:ConcussiveBlow"],"picked":"SKIP","floor":14.0},{"not_picked":["Saiyan:GhostAttack","Saiyan:GenkiDama"],"picked":"Saiyan:SenzuBean","floor":16.0},{"not_picked":["Saiyan:Scouter","Saiyan:DoubleMasenko"],"picked":"Saiyan:BigBangAttack","floor":18.0},{"not_picked":["Saiyan:Teleport","Saiyan:FingerParry","Saiyan:WarmUp"],"picked":"SKIP","floor":23.0}],"player_experience":402592,"relics_obtained":[{"floor":6.0,"key":"Toy Ornithopter"},{"floor":8.0,"key":"theSenshi:FeatherClipsRelic"},{"floor":9.0,"key":"Regal Pillow"},{"floor":13.0,"key":"HollowMod:PaleOreRelic"},{"floor":21.0,"key":"Bag of Preparation"},{"floor":22.0,"key":"Red Mask"},{"floor":22.0,"key":"Nunchaku"},{"floor":23.0,"key":"Mercury Hourglass"},{"floor":23.0,"key":"Vajra"}],"event_choices":[{"damage_healed":0.0,"max_hp_gain":0.0,"max_hp_loss":0.0,"gold_gain":175.0,"event_name":"Liars Game","player_choice":"AGREE","floor":5.0,"gold_loss":0.0,"damage_taken":0.0,"cards_obtained":["Doubt"]},{"damage_healed":0.0,"max_hp_gain":0.0,"max_hp_loss":0.0,"gold_gain":0.0,"event_name":"Match and Keep!","player_choice":"1 cards matched","floor":11.0,"gold_loss":0.0,"damage_taken":0.0,"cards_obtained":["Forethought"]},{"damage_healed":0.0,"max_hp_gain":0.0,"max_hp_loss":0.0,"gold_gain":0.0,"event_name":"Ghosts","player_choice":"Ignored","floor":19.0,"gold_loss":0.0,"damage_taken":0.0},{"damage_healed":0.0,"max_hp_gain":5.0,"max_hp_loss":0.0,"gold_gain":0.0,"event_name":"Forgotten Altar","player_choice":"Shed Blood","floor":20.0,"gold_loss":0.0,"damage_taken":21.0},{"damage_healed":0.0,"max_hp_gain":0.0,"max_hp_loss":0.0,"gold_gain":0.0,"event_name":"Masked Bandits","player_choice":"Fought Bandits","floor":22.0,"gold_loss":0.0,"damage_taken":0.0}],"is_beta":false,"boss_relics":[{"not_picked":["RedLine:ReiMu","Tiny House"],"picked":"Black Star"}],"items_purged_floors":[],"is_endless":false,"potions_floor_spawned":[2,6,8,12,16,22],"killed_by":"Chosen","ascension_level":0}}