{"host":"v4tuy5ykrbdcm9o9","time":1612201050,"event":{"mods":["BaseMod","Duelist Mod","Minty Spire (QoL Compilation)","Replay The Spire","StSLib"],"gold_per_floor":[10,10,185,198,211,240,205,239,239,6,6,40,40,58,58,156,156,136,136,156,44,44,76,76,1,49,78,96,108,142,159,159,258,258,278,328,1,15,26,58,108,39,39,56,56,56],"floor_reached":45,"language":"ENG","playtime":4603,"items_purged":["Doubt","Doubt"],"score":894,"play_id":"08cfbc47-9190-4186-aafa-caa585f521f1","local_time":"20210201123730","is_ascension_mode":true,"campfire_choices":[{"floor":11,"key":"REST"},{"floor":15,"key":"REST"},{"floor":24,"key":"RECALL"},{"floor":32,"key":"REST"}],"circlet_count":0,"master_deck":["Strike_B","Strike_B","Strike_B","Strike_B","Defend_B","Defend_B","Defend_B","Defend_B","Zap+1","Dualcast","Ball Lightning","Hologram","Barrage","Go for the Eyes","Madness","Sunder","Storm","Conserve Battery","Thunder Strike","Turbo","Conserve Battery","Sunder+1","Static Discharge+1","Heatsinks","Storm","Go for the Eyes+1","Auto Shields","Creative AI","Conserve Battery","Electrodynamics","Static Discharge","Go for the Eyes+1","Rebound+1","Pot Of Greed","Pot Of Greed","Pot Of Greed","Force Field","Go for the Eyes+1","Pot Of Greed","Electrodynamics"],"relics":["Cracked Core","Lizard Tail","ReplayFunnel","Singing Bowl","StrikeDummy","Replay:Ringing Soul","SlaversCollar","Anchor","Bag of Preparation","Art of War","Du-Vu Doll","Dead Branch","Painkiller Herb","Ring of Greed","MealTicket","MawBank","Meat on the Bone","Grinning Jar","Girya","Toxic Egg 2","Solar Panel"],"acts_visited":["Exordium","TheCity","TheBeyond"],"potions_floor_usage":[6,6,18,18,20,23,29,30,33,38,40,44],"damage_taken":[{"damage":3,"enemies":"2 Louse","floor":1,"turns":3},{"damage":0,"enemies":"Jaw Worm","floor":4,"turns":3},{"damage":0,"enemies":"Cultist","floor":5,"turns":3},{"damage":20,"enemies":"Lagavulin","floor":6,"turns":5},{"damage":25,"enemies":"3 Sentries","floor":8,"turns":6},{"damage":25,"enemies":"Gremlin Nob","floor":12,"turns":4},{"damage":6,"enemies":"Exordium Thugs","floor":14,"turns":2},{"damage":16,"enemies":"The Guardian","floor":16,"turns":13},{"damage":20,"enemies":"2 Thieves","floor":18,"turns":4},{"damage":12,"enemies":"Shell Parasite","floor":20,"turns":6},{"damage":17,"enemies":"theDuelist:KaibaA2","floor":23,"turns":8},{"damage":49,"enemies":"Gremlin Leader","floor":27,"turns":6},{"damage":9,"enemies":"Centurion and Healer","floor":28,"turns":6},{"damage":19,"enemies":"Sentry and Sphere","floor":29,"turns":4},{"damage":1,"enemies":"theDuelist:KaibaA2","floor":30,"turns":5},{"damage":7,"enemies":"Snake Plant","floor":31,"turns":4},{"damage":24,"enemies":"Automaton","floor":33,"turns":6},{"damage":10,"enemies":"3 Shapes","floor":35,"turns":2},{"damage":14,"enemies":"3 Darklings","floor":38,"turns":4},{"damage":22,"enemies":"4 Shapes","floor":39,"turns":4},{"damage":8,"enemies":"R_Hoarder","floor":40,"turns":6},{"damage":0,"enemies":"Mind Bloom Boss Battle","floor":41,"turns":4},{"damage":38,"enemies":"Nemesis","floor":42,"turns":7},{"damage":36,"enemies":"Transient","floor":44,"turns":5},{"damage":47,"enemies":"Giant Head","floor":45,"turns":6}],"seed_played":"4068145946078924501","potions_obtained":[{"floor":4,"key":"FearPotion"},{"floor":5,"key":"Swift Potion"},{"floor":8,"key":"LiquidBronze"},{"floor":12,"key":"DuplicationPotion"},{"floor":14,"key":"Fire Potion"},{"floor":23,"key":"Elixir"},{"floor":28,"key":"Adrenaline Potion"},{"floor":29,"key":"Weak Potion"},{"floor":30,"key":"Swift Potion"},{"floor":35,"key":"Swift Potion"},{"floor":39,"key":"Adrenaline Potion"},{"floor":40,"key":"DuplicationPotion"},{"floor":42,"key":"Swift Potion"}],"is_trial":false,"path_per_floor":["M","?","?","M","M","E","?","E","T","$","R","E","T","M","R","B",null,"M","?","M","$","T","E","R","$","T","E","M","M","E","M","R","B",null,"?","?","T","?","?","E","?","E","T","?","E"],"character_chosen":"DEFECT","items_purchased":["Madness","Sunder","Static Discharge+1","PowerPotion","Storm","Meat on the Bone"],"campfire_rested":3,"item_purchase_floors":[10,10,21,21,25,37],"current_hp_per_floor":[65,65,65,65,65,45,63,40,40,40,63,38,38,35,59,46,74,57,60,51,54,54,40,40,43,43,53,46,30,32,28,62,41,99,92,95,110,99,80,79,82,58,58,43,0,0],"gold":56,"neow_bonus":"ONE_RARE_RELIC","is_daily":false,"chose_seed":false,"campfire_upgraded":0,"win_rate":0.0,"timestamp":1612201050,"path_taken":["M","?","?","M","M","E","?","E","T","$","R","E","?","M","R","BOSS","M","?","M","$","?","E","R","$","T","E","M","M","E","M","R","BOSS","?","?","T","?","?","E","?","E","T","?","E"],"items_purchased_type":["Card","Card","Card","Potion","Card","Relic"],"build_version":"2020-12-22","purchased_purges":2,"victory":false,"max_hp_per_floor":[75,75,75,75,75,75,75,77,77,77,77,77,77,80,80,83,83,86,89,92,95,95,98,98,101,101,104,106,109,112,115,115,118,118,121,124,124,127,130,133,136,138,138,141,141,141],"card_choices":[{"not_picked":["Barrage","Skim"],"picked":"Ball Lightning","floor":1},{"not_picked":["Capacitor","Steam Power"],"picked":"Hologram","floor":4},{"not_picked":["Reinforced Body","Coolheaded"],"picked":"Barrage","floor":5},{"not_picked":["Consume","Ball Lightning"],"picked":"Go for the Eyes","floor":6},{"not_picked":["Stack","Hologram","ReplayTheSpireMod:Repulse"],"picked":"Singing Bowl","floor":8},{"not_picked":["Double Energy","Hologram"],"picked":"Storm","floor":12},{"not_picked":["ReplayTheSpireMod:Reroute Power","Blizzard"],"picked":"Conserve Battery","floor":14},{"not_picked":["Multi-Cast","Rainbow"],"picked":"Thunder Strike","floor":16},{"not_picked":["Streamline","Double Energy"],"picked":"Turbo","floor":18},{"not_picked":["Streamline","Redo+1"],"picked":"Sunder+1","floor":20},{"not_picked":["Turbo","Steam"],"picked":"Heatsinks","floor":23},{"not_picked":["Aggregate","Streamline"],"picked":"Go for the Eyes+1","floor":27},{"not_picked":["Gash","Barrage","ReplayTheSpireMod:Repulse+1"],"picked":"Singing Bowl","floor":28},{"not_picked":["Redo","Doom and Gloom"],"picked":"Auto Shields","floor":29},{"not_picked":["Leap","Cold Snap"],"picked":"Creative AI","floor":30},{"not_picked":["Go for the Eyes","Heatsinks"],"picked":"Conserve Battery","floor":31},{"not_picked":["Fission","Hyperbeam"],"picked":"Electrodynamics","floor":33},{"not_picked":["Blizzard","Defragment"],"picked":"Static Discharge","floor":35},{"not_picked":["ReplayTheSpireMod:Reroute Power","Recycle+1"],"picked":"Go for the Eyes+1","floor":38},{"not_picked":["Steam Power","Rip and Tear"],"picked":"Rebound+1","floor":39},{"not_picked":["Rebound","Stack+1"],"picked":"Force Field","floor":40},{"not_picked":["Cold Snap","Ball Lightning"],"picked":"Go for the Eyes+1","floor":41},{"not_picked":["Rip and Tear","Barrage","Capacitor+1"],"picked":"Singing Bowl","floor":42},{"not_picked":["Steam+1","Redo+1"],"picked":"Electrodynamics","floor":44}],"player_experience":713466,"relics_obtained":[{"floor":6,"key":"ReplayFunnel"},{"floor":8,"key":"Singing Bowl"},{"floor":12,"key":"StrikeDummy"},{"floor":13,"key":"Replay:Ringing Soul"},{"floor":22,"key":"Anchor"},{"floor":23,"key":"Bag of Preparation"},{"floor":26,"key":"Art of War"},{"floor":27,"key":"Du-Vu Doll"},{"floor":30,"key":"Dead Branch"},{"floor":36,"key":"Ring of Greed"},{"floor":36,"key":"MealTicket"},{"floor":36,"key":"MawBank"},{"floor":40,"key":"Grinning Jar"},{"floor":41,"key":"Girya"},{"floor":42,"key":"Toxic Egg 2"},{"floor":43,"key":"Solar Panel"}],"event_choices":[{"damage_healed":0,"gold_gain":0,"player_choice":"Grow","damage_taken":0,"max_hp_gain":0,"max_hp_loss":0,"event_name":"Living Wall","floor":2,"gold_loss":0,"cards_upgraded":["Zap"]},{"damage_healed":0,"gold_gain":175,"player_choice":"AGREE","damage_taken":0,"max_hp_gain":0,"max_hp_loss":0,"event_name":"Liars Game","floor":3,"gold_loss":0,"cards_obtained":["Doubt"]},{"damage_healed":18,"gold_gain":0,"player_choice":"Healed","damage_taken":0,"max_hp_gain":0,"max_hp_loss":0,"event_name":"The Cleric","floor":7,"gold_loss":35},{"damage_healed":0,"gold_gain":0,"player_choice":"Copied","damage_taken":0,"max_hp_gain":0,"max_hp_loss":0,"event_name":"Duplicator","floor":19,"gold_loss":0,"cards_obtained":["Conserve Battery"]},{"damage_healed":0,"gold_gain":0,"player_choice":"Fight","damage_taken":0,"max_hp_gain":0,"max_hp_loss":0,"event_name":"MindBloom","floor":41,"gold_loss":0}],"is_beta":false,"boss_relics":[{"not_picked":["Fusion Hammer","Sozu"],"picked":"SlaversCollar"},{"not_picked":["Kintsugi","Empty Cage"],"picked":"Painkiller Herb"}],"items_purged_floors":[10,37],"is_endless":false,"potions_floor_spawned":[4,5,8,12,14,23,28,29,30,35,39,40,42],"killed_by":"Giant Head","ascension_level":7}}