{"host":"utqe55yv0jihe4d6","time":1612149679,"event":{"mods":["2.2 Compatiblity","AchievementEnabler","BaseMod","Block Reminder","Colored Map","Colored Powertips","Minty Spire (QoL Compilation)","Quick Restart","Rare Cards Sparkle","Relic Stats","SuperFastMode"],"gold_per_floor":[214,225,225,245,27,27,56,67,90,90,103,49,75,87,87,161,161,175,175,175,175,175,175,209,209,209,227,227,240,251,269,269,343,343,358,248,267,123,142,142,155,155,155,155,186,198,198,209,209,209,209,209],"floor_reached":51,"language":"ENG","playtime":2540,"items_purged":["Strike_G","Strike_G+1"],"score":1403,"play_id":"5a35389f-2263-4d03-9732-1df3233357ab","local_time":"20210131222119","is_ascension_mode":true,"campfire_choices":[{"data":"Predator","floor":6.0,"key":"SMITH"},{"floor":10.0,"key":"REST"},{"data":"Well Laid Plans","floor":15.0,"key":"SMITH"},{"data":"Ghostly","floor":23.0,"key":"SMITH"},{"data":"Ghostly","floor":25.0,"key":"SMITH"},{"floor":32.0,"key":"REST"},{"data":"Ghostly","floor":40,"key":"SMITH"},{"floor":44,"key":"RECALL"},{"data":"Catalyst","floor":47,"key":"SMITH"},{"data":"Adrenaline","floor":49,"key":"SMITH"}],"circlet_count":0,"master_deck":["AscendersBane","Defend_G+1","Defend_G+1","Defend_G+1","Defend_G+1","Defend_G+1","Survivor","Neutralize","Leg Sweep+1","Bouncing Flask+1","Predator+1","Noxious Fumes","Dagger Spray","Blade Dance","Well Laid Plans+1","Corpse Explosion","Predator","Ghostly+1","Ghostly+1","Ghostly+1","Footwork","Catalyst+1","Dodge and Roll","Expertise","Venomology","Crippling Poison","Footwork","Escape Plan+1","Adrenaline+1","Calculated Gamble","Footwork","Normality","Dodge and Roll+1","Adrenaline","Acrobatics"],"relics":["Ring of the Snake","Nunchaku","MealTicket","Anchor","Cursed Key","Ninja Scroll","Coffee Dripper","Akabeko"],"acts_visited":["Exordium","TheCity","TheBeyond"],"potions_floor_usage":[39,41,42,42,50,51,51],"damage_taken":[{"damage":3.0,"enemies":"2 Louse","floor":1.0,"turns":3.0},{"damage":4.0,"enemies":"Small Slimes","floor":2.0,"turns":5.0},{"damage":1.0,"enemies":"Jaw Worm","floor":4.0,"turns":5.0},{"damage":14.0,"enemies":"Lagavulin","floor":7.0,"turns":6.0},{"damage":27.0,"enemies":"Gremlin Gang","floor":8.0,"turns":4.0},{"damage":9.0,"enemies":"Exordium Wildlife","floor":11.0,"turns":6.0},{"damage":24.0,"enemies":"Gremlin Nob","floor":13.0,"turns":4.0},{"damage":0.0,"enemies":"2 Fungi Beasts","floor":14.0,"turns":4.0},{"damage":2.0,"enemies":"Hexaghost","floor":16.0,"turns":9.0},{"damage":18.0,"enemies":"Chosen","floor":18.0,"turns":4.0},{"damage":3.0,"enemies":"Gremlin Leader","floor":24.0,"turns":6.0},{"damage":2.0,"enemies":"Spheric Guardian","floor":27.0,"turns":4.0},{"damage":0.0,"enemies":"3 Cultists","floor":29.0,"turns":2.0},{"damage":11.0,"enemies":"Snecko","floor":30.0,"turns":6.0},{"damage":4.0,"enemies":"Centurion and Healer","floor":31.0,"turns":7.0},{"damage":17.0,"enemies":"Automaton","floor":33.0,"turns":13.0},{"damage":0.0,"enemies":"Orb Walker","floor":35.0,"turns":4.0},{"damage":0.0,"enemies":"3 Darklings","floor":37.0,"turns":2.0},{"damage":2,"enemies":"Spire Growth","floor":39,"turns":6},{"damage":6,"enemies":"Sphere and 2 Shapes","floor":41,"turns":6},{"damage":0,"enemies":"Reptomancer","floor":42,"turns":5},{"damage":14,"enemies":"Giant Head","floor":45,"turns":12},{"damage":0,"enemies":"3 Darklings","floor":46,"turns":2},{"damage":0,"enemies":"Spire Growth","floor":48,"turns":5},{"damage":10,"enemies":"Awakened One","floor":50,"turns":26},{"damage":3,"enemies":"Donu and Deca","floor":51,"turns":2}],"seed_played":"3014731805401124631","potions_obtained":[{"floor":2.0,"key":"EssenceOfSteel"},{"floor":8.0,"key":"SpeedPotion"},{"floor":24.0,"key":"BlessingOfTheForge"},{"floor":30.0,"key":"LiquidMemories"},{"floor":45,"key":"AttackPotion"},{"floor":48,"key":"Swift Potion"}],"is_trial":false,"path_per_floor":["M","M","?","M","$","R","E","M","T","R","M","$","E","M","R","B",null,"M","?","?","?","?","R","E","R","T","M","?","M","M","M","R","B",null,"M","?","M","$","M","R","M","E","T","R","E","M","R","M","R","B","B"],"character_chosen":"THE_SILENT","items_purchased":["AttackPotion","Noxious Fumes","AttackPotion","Footwork"],"campfire_rested":2,"item_purchase_floors":[5,5,12,38],"current_hp_per_floor":[56,52,52,51,51,51,37,10,10,29,20,35,11,11,11,9,52,34,34,34,33,33,33,30,30,30,28,28,28,17,13,22,5,26,26,26,26,33,31,31,25,25,25,25,11,11,11,11,11,1,0,0],"gold":209,"neow_bonus":"HUNDRED_GOLD","is_daily":false,"chose_seed":false,"campfire_upgraded":7,"win_rate":0.0,"timestamp":1612149679,"path_taken":["M","M","?","M","$","R","E","M","T","R","M","$","E","M","R","BOSS","M","?","?","?","?","R","E","R","T","M","?","M","M","M","R","BOSS","M","?","M","$","M","R","M","E","T","R","E","M","R","?","R","BOSS","BOSS"],"items_purchased_type":["Potion","Card","Potion","Card"],"build_version":"2020-12-22","purchased_purges":2,"victory":false,"max_hp_per_floor":[66,66,66,66,66,66,66,66,66,66,66,66,66,66,66,66,66,66,66,66,33,33,33,33,33,33,33,33,33,33,33,33,33,33,33,33,33,33,33,33,33,33,33,33,33,33,33,33,33,33,33,33],"relic_stats":{"Nunchaku":[26],"counters":[26,158],"MealTicket":22,"Cursed Key":1,"obtain_stats":[{"Nunchaku":7,"Anchor":13,"Ninja Scroll":24,"MealTicket":9,"Coffee Dripper":34,"Cursed Key":17,"Akabeko":45,"Ring of the Snake":0},{"Nunchaku":4,"Anchor":7,"Ninja Scroll":11,"MealTicket":5,"Coffee Dripper":16,"Cursed Key":9,"Akabeko":22,"Ring of the Snake":0},{"Nunchaku":19,"Anchor":33,"Ninja Scroll":56,"MealTicket":23,"Coffee Dripper":88,"Cursed Key":46,"Akabeko":123,"Ring of the Snake":0}],"Ring of the Snake":[52]},"card_choices":[{"not_picked":["Flying Knee","Prepared"],"picked":"Leg Sweep","floor":1.0},{"not_picked":["Endless Agony","Dagger Spray"],"picked":"Bouncing Flask","floor":2.0},{"not_picked":["Deadly Poison","Outmaneuver"],"picked":"Predator","floor":4.0},{"not_picked":["Eviscerate","Setup"],"picked":"Dagger Spray","floor":7.0},{"not_picked":["Prepared","Underhanded Strike","Cloak And Dagger"],"picked":"SKIP","floor":8.0},{"not_picked":["Dagger Throw","All Out Attack"],"picked":"Blade Dance","floor":11.0},{"not_picked":["Reflex","Outmaneuver"],"picked":"Well Laid Plans","floor":13.0},{"not_picked":["Acrobatics","Sucker Punch","Cloak And Dagger"],"picked":"SKIP","floor":14.0},{"not_picked":["Envenom","Grand Finale"],"picked":"Corpse Explosion","floor":16.0},{"not_picked":["Infinite Blades","Dagger Throw"],"picked":"Predator","floor":18.0},{"not_picked":["Quick Slash","Blade Dance"],"picked":"Catalyst","floor":24.0},{"not_picked":["Deflect","Setup"],"picked":"Dodge and Roll","floor":27.0},{"not_picked":["Deadly Poison","Dash+1"],"picked":"Crippling Poison","floor":29.0},{"not_picked":["Dodge and Roll","Storm of Steel"],"picked":"Footwork","floor":30.0},{"not_picked":["Deadly Poison","Poisoned Stab+1"],"picked":"Escape Plan+1","floor":31.0},{"not_picked":["Corpse Explosion","Malaise"],"picked":"Adrenaline","floor":33.0},{"not_picked":["Finisher+1","Expertise"],"picked":"Calculated Gamble","floor":35.0},{"not_picked":["Slice","All Out Attack+1","Prepared"],"picked":"SKIP","floor":37.0},{"not_picked":["Deflect+1","Choke","Dagger Throw"],"picked":"SKIP","floor":39},{"not_picked":["Accuracy","Dagger Spray","Deadly Poison"],"picked":"SKIP","floor":41},{"not_picked":["Bane","Crippling Poison"],"picked":"Dodge and Roll+1","floor":45},{"not_picked":["Dodge and Roll","Deflect"],"picked":"Adrenaline","floor":46},{"not_picked":["Deflect","Finisher"],"picked":"Acrobatics","floor":48}],"player_experience":2969970,"relics_obtained":[{"floor":7.0,"key":"Nunchaku"},{"floor":9.0,"key":"MealTicket"},{"floor":13.0,"key":"Anchor"},{"floor":24.0,"key":"Ninja Scroll"},{"floor":45,"key":"Akabeko"}],"event_choices":[{"damage_healed":0.0,"max_hp_gain":0.0,"max_hp_loss":0.0,"gold_gain":0.0,"event_name":"Living Wall","player_choice":"Grow","floor":3.0,"gold_loss":0.0,"damage_taken":0.0,"cards_upgraded":["Bouncing Flask"]},{"damage_healed":0.0,"max_hp_gain":0.0,"max_hp_loss":0.0,"gold_gain":0.0,"event_name":"The Mausoleum","player_choice":"Ignored","floor":19.0,"gold_loss":0.0,"damage_taken":0.0},{"damage_healed":0.0,"max_hp_gain":0.0,"max_hp_loss":0.0,"gold_gain":0.0,"event_name":"Back to Basics","player_choice":"Simplicity","floor":20.0,"gold_loss":0.0,"damage_taken":0.0,"cards_upgraded":["Strike_G","Strike_G","Strike_G","Strike_G","Defend_G","Defend_G","Defend_G","Defend_G","Defend_G"]},{"damage_healed":0.0,"max_hp_gain":0.0,"max_hp_loss":33.0,"gold_gain":0.0,"event_name":"Ghosts","player_choice":"Became a Ghost","floor":21.0,"gold_loss":0.0,"damage_taken":0.0,"cards_obtained":["Ghostly","Ghostly","Ghostly"]},{"damage_healed":0.0,"max_hp_gain":0.0,"max_hp_loss":0.0,"gold_gain":0.0,"event_name":"The Library","player_choice":"Read","floor":22.0,"gold_loss":0.0,"damage_taken":0.0,"cards_obtained":["Footwork"]},{"damage_healed":0.0,"max_hp_gain":0.0,"max_hp_loss":0.0,"gold_gain":0.0,"cards_transformed":["Strike_G","Strike_G"],"event_name":"Drug Dealer","player_choice":"Became Test Subject","floor":28.0,"gold_loss":0.0,"damage_taken":0.0,"cards_obtained":["Expertise","Venomology"]},{"cards_removed":["Strike_G"],"damage_healed":0.0,"max_hp_gain":0.0,"max_hp_loss":0.0,"gold_gain":0.0,"event_name":"Designer","player_choice":"Upgrade and Remove","floor":36.0,"gold_loss":110.0,"damage_taken":0.0,"cards_upgraded":["Leg Sweep"]}],"is_beta":false,"boss_relics":[{"not_picked":["Pandora\u0027s Box","Velvet Choker"],"picked":"Cursed Key"},{"not_picked":["WristBlade","Astrolabe"],"picked":"Coffee Dripper"}],"items_purged_floors":[5,38],"is_endless":false,"potions_floor_spawned":[2,8,24,30,33,37,45,48],"killed_by":"Donu and Deca","ascension_level":20}}