{"host":"l5zfpd2l2htson6l","time":1612151587,"event":{"mods":["AchievementEnabler","BaseMod","Colored Map","Colored Powertips","Minty Spire (QoL Compilation)","Permanent Neow","Quick Restart","Rare Cards Sparkle","Relic Stats","SuperFastMode"],"gold_per_floor":[109,124,136,154,154,184,202,230,278,308,322,322,334,350,350,427,427,437,447,447,460,68,68,99,99,99,99,113,138,149,149,149,222,222,240,240,240,140,140,167,167,185,239,255,272,298,316,333,333,333,333],"floor_reached":50,"language":"ENG","playtime":3544,"items_purged":["Strike_R","Strike_R"],"score":1101,"play_id":"fde8ab76-cfa2-4dc0-8a70-9d96d82af04b","local_time":"20210131195307","is_ascension_mode":true,"campfire_choices":[{"floor":12.0,"key":"REST"},{"floor":15.0,"key":"REST"},{"floor":25.0,"key":"RECALL"},{"floor":27.0,"key":"REST"},{"floor":32.0,"key":"REST"},{"floor":41.0,"key":"REST"},{"floor":49.0,"key":"REST"}],"circlet_count":0,"master_deck":["AscendersBane","Strike_R","Strike_R","Defend_R","Defend_R","Defend_R","Defend_R","Bash","Iron Wave","Whirlwind","Shockwave","Spot Weakness","Pommel Strike","Armaments","Disarm","Feed","Impervious","Battle Trance","Disarm","Writhe","Shrug It Off","Shrug It Off+1","Corruption","Fiend Fire","Heavy Blade+1","Heavy Blade","Headbutt","Sentinel+1","Barricade","Thunderclap"],"relics":["Burning Blood","Dream Catcher","PreservedInsect","MealTicket","Pen Nib","Eternal Feather","Fusion Hammer","Bag of Preparation","OrangePellets","Vajra","InkBottle","Singing Bowl","Centennial Puzzle","FaceOfCleric","Black Star","Question Card","Ice Cream","Ancient Tea Set","Akabeko","Ornamental Fan"],"acts_visited":["Exordium","TheCity","TheBeyond"],"potions_floor_usage":[],"damage_taken":[{"damage":2.0,"enemies":"Cultist","floor":1.0,"turns":4.0},{"damage":0.0,"enemies":"2 Louse","floor":2.0,"turns":3.0},{"damage":15.0,"enemies":"Small Slimes","floor":3.0,"turns":4.0},{"damage":11.0,"enemies":"2 Fungi Beasts","floor":4.0,"turns":3.0},{"damage":15.0,"enemies":"Gremlin Nob","floor":6.0,"turns":4.0},{"damage":19.0,"enemies":"Exordium Thugs","floor":7.0,"turns":4.0},{"damage":10.0,"enemies":"3 Sentries","floor":8.0,"turns":2.0},{"damage":30.0,"enemies":"Lagavulin","floor":10.0,"turns":8.0},{"damage":23.0,"enemies":"Exordium Wildlife","floor":11.0,"turns":6.0},{"damage":7.0,"enemies":"Gremlin Gang","floor":13.0,"turns":3.0},{"damage":20.0,"enemies":"Red Slaver","floor":14.0,"turns":4.0},{"damage":39.0,"enemies":"The Guardian","floor":16.0,"turns":14.0},{"damage":21.0,"enemies":"2 Thieves","floor":18.0,"turns":4.0},{"damage":3.0,"enemies":"Chosen","floor":19.0,"turns":5.0},{"damage":3.0,"enemies":"3 Cultists","floor":21.0,"turns":3.0},{"damage":22.0,"enemies":"Gremlin Leader","floor":24.0,"turns":7.0},{"damage":10.0,"enemies":"Snake Plant","floor":28.0,"turns":4.0},{"damage":10.0,"enemies":"Slavers","floor":29.0,"turns":7.0},{"damage":6.0,"enemies":"Snecko","floor":30.0,"turns":8.0},{"damage":63.0,"enemies":"Collector","floor":33.0,"turns":10.0},{"damage":43.0,"enemies":"3 Shapes","floor":35.0,"turns":9.0},{"damage":31.0,"enemies":"Giant Head","floor":40.0,"turns":8.0},{"damage":3.0,"enemies":"Orb Walker","floor":42.0,"turns":4.0},{"damage":25.0,"enemies":"Maw","floor":44.0,"turns":7.0},{"damage":9.0,"enemies":"Jaw Worm Horde","floor":45.0,"turns":4.0},{"damage":24.0,"enemies":"Nemesis","floor":46.0,"turns":5.0},{"damage":18.0,"enemies":"Sphere and 2 Shapes","floor":47.0,"turns":4.0},{"damage":11.0,"enemies":"Spire Growth","floor":48.0,"turns":3.0},{"damage":122,"enemies":"Awakened One","floor":50,"turns":11}],"seed_played":"-7307116933045991494","potions_obtained":[{"floor":1.0,"key":"Strength Potion"},{"floor":4.0,"key":"BloodPotion"},{"floor":7.0,"key":"Fruit Juice"},{"floor":11.0,"key":"HeartOfIron"},{"floor":16.0,"key":"Regen Potion"},{"floor":18.0,"key":"BlessingOfTheForge"},{"floor":19.0,"key":"Weak Potion"},{"floor":24.0,"key":"DistilledChaos"},{"floor":44.0,"key":"Swift Potion"},{"floor":48.0,"key":"SteroidPotion"}],"is_trial":false,"path_per_floor":["M","M","M","M","?","E","M","E","T","E","M","R","M","M","R","B",null,"M","M","?","M","$","?","E","R","T","R","M","E","M","?","R","B",null,"M","?","?","$","T","E","R","M","T","M","M","E","M","M","R","B"],"character_chosen":"IRONCLAD","items_purchased":["Bag of Preparation","OrangePellets"],"campfire_rested":6,"item_purchase_floors":[22,22],"current_hp_per_floor":[72,75,66,61,61,52,44,40,40,16,15,48,47,33,66,36,71,68,71,71,74,83,83,70,82,82,86,82,83,88,88,98,45,88,57,57,57,72,72,50,93,97,97,82,85,71,63,61,114,0,0],"gold":333,"neow_bonus":"RANDOM_COMMON_RELIC","is_daily":false,"chose_seed":false,"campfire_upgraded":0,"win_rate":0.0,"timestamp":1612151587,"path_taken":["M","M","?","?","?","E","M","E","T","E","M","R","M","M","R","BOSS","M","M","?","?","$","?","E","R","T","R","M","E","M","?","R","BOSS","M","?","?","$","?","E","R","M","T","?","M","E","M","M","R","BOSS"],"items_purchased_type":["Relic","Relic"],"build_version":"2020-12-22","purchased_purges":2,"victory":false,"max_hp_per_floor":[75,75,75,75,75,75,80,80,80,80,80,80,80,80,80,83,83,83,83,83,83,83,83,86,86,86,86,86,91,96,96,98,102,102,108,103,103,103,103,106,106,107,107,111,117,121,125,128,128,128,128],"relic_stats":{"Singing Bowl":14,"counters":[29,162],"Eternal Feather":69,"PreservedInsect":342,"Pen Nib":[21],"Bag of Preparation":[28],"Question Card":9,"Burning Blood":165,"OrangePellets":[9],"Dream Catcher":6,"Centennial Puzzle":[33],"FaceOfCleric":9,"Ornamental Fan":[32],"MealTicket":24,"Black Star":2,"obtain_stats":[{"Ice Cream":40,"Singing Bowl":26,"Vajra":23,"Eternal Feather":10,"PreservedInsect":6,"Pen Nib":9,"Bag of Preparation":22,"Question Card":39,"Ancient Tea Set":40,"Burning Blood":0,"Akabeko":46,"OrangePellets":22,"Dream Catcher":0,"Centennial Puzzle":29,"FaceOfCleric":31,"Ornamental Fan":46,"MealTicket":8,"Fusion Hammer":17,"Black Star":34,"InkBottle":24},{"Ice Cream":22,"Singing Bowl":16,"Vajra":15,"Eternal Feather":8,"PreservedInsect":5,"Pen Nib":7,"Bag of Preparation":15,"Question Card":21,"Ancient Tea Set":22,"Burning Blood":0,"Akabeko":26,"OrangePellets":15,"Dream Catcher":0,"Centennial Puzzle":18,"FaceOfCleric":19,"Ornamental Fan":26,"MealTicket":7,"Fusion Hammer":12,"Black Star":20,"InkBottle":16},{"Ice Cream":124,"Singing Bowl":78,"Vajra":71,"Eternal Feather":32,"PreservedInsect":18,"Pen Nib":24,"Bag of Preparation":71,"Question Card":116,"Ancient Tea Set":124,"Burning Blood":0,"Akabeko":144,"OrangePellets":71,"Dream Catcher":0,"Centennial Puzzle":89,"FaceOfCleric":97,"Ornamental Fan":144,"MealTicket":24,"Fusion Hammer":59,"Black Star":107,"InkBottle":78}],"InkBottle":[25]},"card_choices":[{"not_picked":["Flame Barrier","Flex"],"picked":"Iron Wave","floor":1.0},{"not_picked":["Seeing Red","Wild Strike"],"picked":"Whirlwind","floor":2.0},{"not_picked":["Twin Strike","Body Slam"],"picked":"Shockwave","floor":3.0},{"not_picked":["Clothesline","Heavy Blade","Perfected Strike"],"picked":"SKIP","floor":4.0},{"not_picked":["Brutality","Perfected Strike"],"picked":"Spot Weakness","floor":6.0},{"not_picked":["Thunderclap","Wild Strike"],"picked":"Pommel Strike","floor":7.0},{"not_picked":["Anger","Second Wind"],"picked":"Armaments","floor":8.0},{"not_picked":["Reckless Charge","Sword Boomerang"],"picked":"Disarm","floor":10.0},{"not_picked":["Clothesline","Clash","True Grit"],"picked":"SKIP","floor":11.0},{"not_picked":["Armaments","Heavy Blade"],"picked":"Feed","floor":13.0},{"not_picked":["Headbutt","Clash","Sentinel"],"picked":"SKIP","floor":14.0},{"not_picked":["Exhume","Feed"],"picked":"Impervious","floor":16.0},{"not_picked":["Clash","Inflame"],"picked":"Battle Trance","floor":18.0},{"not_picked":["Twin Strike","Clash+1","Anger"],"picked":"SKIP","floor":19.0},{"not_picked":["Rupture","Pommel Strike","Anger"],"picked":"SKIP","floor":21.0},{"not_picked":["Sword Boomerang","Sentinel"],"picked":"Shrug It Off","floor":24.0},{"not_picked":["Dropkick","Pummel"],"picked":"Shrug It Off+1","floor":27.0},{"not_picked":["Perfected Strike","Heavy Blade"],"picked":"Corruption","floor":28.0},{"not_picked":["Intimidate","Iron Wave","Havoc"],"picked":"Singing Bowl","floor":29.0},{"not_picked":["Rupture+1","Seeing Red","Power Through"],"picked":"Singing Bowl","floor":30.0},{"not_picked":["Twin Strike+1","Cleave","True Grit"],"picked":"Singing Bowl","floor":32.0},{"not_picked":["Brutality","Bludgeon"],"picked":"Fiend Fire","floor":33.0},{"not_picked":["Heavy Blade","Carnage","Havoc"],"picked":"Singing Bowl","floor":35.0},{"not_picked":["Fire Breathing","Bloodletting+1","Flex+1","Burning Pact"],"picked":"Singing Bowl","floor":40.0},{"not_picked":["Iron Wave","Sever Soul","Twin Strike+1"],"picked":"Heavy Blade+1","floor":41.0},{"not_picked":["Shrug It Off","Sentinel","Seeing Red"],"picked":"Heavy Blade","floor":42.0},{"not_picked":["Cleave","Brutality","True Grit"],"picked":"Headbutt","floor":44.0},{"not_picked":["Anger","Perfected Strike","Flex","Havoc"],"picked":"Singing Bowl","floor":45.0},{"not_picked":["Wild Strike+1","Sword Boomerang","Twin Strike"],"picked":"Sentinel+1","floor":46.0},{"not_picked":["Twin Strike+1","Headbutt","Warcry+1"],"picked":"Barricade","floor":47.0},{"not_picked":["Flex","Warcry+1","Headbutt","Searing Blow"],"picked":"Singing Bowl","floor":48.0},{"not_picked":["Armaments","Second Wind","Twin Strike"],"picked":"Thunderclap","floor":49.0}],"player_experience":811153,"relics_obtained":[{"floor":6.0,"key":"PreservedInsect"},{"floor":8.0,"key":"MealTicket"},{"floor":9.0,"key":"Pen Nib"},{"floor":10.0,"key":"Eternal Feather"},{"floor":24.0,"key":"InkBottle"},{"floor":26.0,"key":"Singing Bowl"},{"floor":29.0,"key":"Centennial Puzzle"},{"floor":39.0,"key":"Question Card"},{"floor":40.0,"key":"Ice Cream"},{"floor":40.0,"key":"Ancient Tea Set"},{"floor":46.0,"key":"Akabeko"},{"floor":46.0,"key":"Ornamental Fan"}],"event_choices":[{"damage_healed":0.0,"max_hp_gain":0.0,"max_hp_loss":0.0,"gold_gain":0.0,"event_name":"Liars Game","player_choice":"Ignored","floor":5.0,"gold_loss":0.0,"damage_taken":0.0},{"damage_healed":0.0,"max_hp_gain":0.0,"max_hp_loss":0.0,"gold_gain":0.0,"event_name":"Duplicator","player_choice":"Copied","floor":20.0,"gold_loss":0.0,"damage_taken":0.0,"cards_obtained":["Disarm"]},{"damage_healed":0.0,"max_hp_gain":0.0,"max_hp_loss":0.0,"gold_gain":0.0,"event_name":"The Mausoleum","player_choice":"Opened","floor":23.0,"gold_loss":0.0,"damage_taken":0.0,"relics_obtained":["Vajra"],"cards_obtained":["Writhe"]},{"damage_healed":0.0,"max_hp_gain":0.0,"max_hp_loss":0.0,"gold_gain":0.0,"event_name":"FaceTrader","player_choice":"Trade","floor":31.0,"gold_loss":0.0,"damage_taken":0.0,"relics_obtained":["FaceOfCleric"]},{"damage_healed":0.0,"max_hp_gain":0.0,"max_hp_loss":5.0,"gold_gain":0.0,"event_name":"Winding Halls","player_choice":"Max HP","floor":36.0,"gold_loss":0.0,"damage_taken":0.0},{"cards_removed":["Strike_R"],"damage_healed":0.0,"max_hp_gain":0.0,"max_hp_loss":0.0,"gold_gain":0.0,"event_name":"Falling","player_choice":"Removed Attack","floor":37.0,"gold_loss":0.0,"damage_taken":0.0}],"is_beta":false,"boss_relics":[{"not_picked":["Astrolabe","Ectoplasm"],"picked":"Fusion Hammer"},{"not_picked":["Sozu","Tiny House"],"picked":"Black Star"}],"items_purged_floors":[22,38],"is_endless":false,"potions_floor_spawned":[1,4,7,11,16,18,19,24,28,44,48],"killed_by":"Awakened One","ascension_level":17}}