{"host":"jnpc5rzortks67vf","time":1612162234,"event":{"mods":["2.2 Compatiblity","AchievementEnabler","BaseMod","Colored Powertips","Downfall","Friendly Minions","Halation","HexUI Lib","Jorbs\u0027s Wanderer Trilogy","Mimic Mod","Minty Spire (QoL Compilation)","Rare Cards Sparkle","Relic Stats","Reliquary","Replay The Spire","Reworked Bosses","StSLib","The Construct","The Runesmith","Unceasing Turn Reminder"],"gold_per_floor":[117,128,98,115,134,134,166,178,205,205,205,205,205,104,104,104,104],"floor_reached":16,"language":"ENG","playtime":595,"items_purged":["construct:AttackMode"],"score":250,"play_id":"4bbf3186-7323-47c6-bd68-cb38cca0cd18","local_time":"20210131235033","is_ascension_mode":true,"campfire_choices":[{"data":"construct:Enhance","floor":6,"key":"SMITH"},{"floor":13,"key":"REST"},{"data":"construct:Autoturret+1","floor":15,"key":"SMITH"}],"circlet_count":0,"master_deck":["AscendersBane","construct:Strike_Gold","construct:Strike_Gold","construct:Strike_Gold","construct:Strike_Gold","construct:Defend_Gold","construct:Defend_Gold","construct:Defend_Gold","construct:Defend_Gold","construct:Defend_Gold","construct:DefenseMode","construct:Enhance+1","construct:Reinforce","construct:Forcefield","construct:ModeShift","construct:Autoturret+2"],"relics":["construct:ClockworkPhoenix","Juzu Bracelet","Potion Belt","Blue Doll"],"acts_visited":["Exordium"],"potions_floor_usage":[4,4,7,7,16],"damage_taken":[{"damage":24,"enemies":"Small Slimes","floor":1,"turns":5},{"damage":6,"enemies":"Cultist","floor":2,"turns":3},{"damage":0,"enemies":"Jaw Worm","floor":4,"turns":4},{"damage":12,"enemies":"Looter","floor":5,"turns":4},{"damage":0,"enemies":"Lagavulin","floor":7,"turns":11},{"damage":23,"enemies":"3 Louse","floor":8,"turns":5},{"damage":61,"enemies":"Fading Forest","floor":16,"turns":10}],"seed_played":"7366737028792108999","potions_obtained":[{"floor":3,"key":"LifebloodPotion"},{"floor":3,"key":"ColorlessPotion"},{"floor":4,"key":"SkillPotion"},{"floor":5,"key":"PowerPotion"},{"floor":10,"key":"DuplicationPotion"},{"floor":10,"key":"Guardian:BlockOnCardUsePotion"}],"is_trial":false,"path_per_floor":["M","M","?","M","M","R","E","M","T","?","?","?","R","$","R","B"],"character_chosen":"THE_CONSTRUCT_MOD","items_purchased":["construct:Autoturret+1"],"campfire_rested":1,"item_purchase_floors":[14],"current_hp_per_floor":[48,42,42,42,30,30,30,7,7,7,7,7,31,31,31,0,0],"gold":104,"neow_bonus":"REMOVE_CARD","is_daily":false,"chose_seed":false,"campfire_upgraded":2,"win_rate":0.0,"timestamp":1612162233,"path_taken":["M","M","?","M","M","R","E","M","T","?","?","?","R","?","R","BOSS"],"items_purchased_type":["Card"],"build_version":"2020-12-22","purchased_purges":1,"victory":false,"max_hp_per_floor":[80,80,80,80,80,80,80,80,80,80,80,80,80,80,80,80,80],"relic_stats":{"counters":[7,42],"Juzu Bracelet":3,"obtain_stats":[{"Potion Belt":9,"Blue Doll":11,"Juzu Bracelet":7,"construct:ClockworkPhoenix":0},{"Potion Belt":6,"Blue Doll":6,"Juzu Bracelet":5,"construct:ClockworkPhoenix":0},{"Potion Belt":32,"Blue Doll":32,"Juzu Bracelet":27,"construct:ClockworkPhoenix":0}]},"card_choices":[{"not_picked":["construct:Anticipate","construct:ScrapCannon"],"picked":"construct:Enhance","floor":1},{"not_picked":["construct:QuickAttack","construct:OmegaCannon","construct:VentSteam"],"picked":"SKIP","floor":2},{"not_picked":["construct:Disrupt","construct:FocusedBeam","construct:Analyze"],"picked":"SKIP","floor":4},{"not_picked":["construct:Antimatter","construct:Tumble"],"picked":"construct:Reinforce","floor":5},{"not_picked":["construct:FierceBash","construct:ScrapCannon"],"picked":"construct:Forcefield","floor":7},{"not_picked":["construct:Disrupt","construct:BatteryAcid","construct:Missile"],"picked":"SKIP","floor":8}],"player_experience":935091,"relics_obtained":[{"floor":7,"key":"Juzu Bracelet"},{"floor":9,"key":"Potion Belt"}],"event_choices":[{"damage_healed":0,"gold_gain":0,"player_choice":"Bought 2 Potions","damage_taken":0,"max_hp_gain":0,"max_hp_loss":0,"event_name":"The Woman in Blue","floor":3,"gold_loss":0},{"damage_healed":0,"gold_gain":0,"player_choice":"Got Potions","damage_taken":0,"max_hp_gain":0,"max_hp_loss":0,"event_name":"Lab","floor":10,"gold_loss":0},{"damage_healed":0,"gold_gain":0,"player_choice":"Gave Potion","damage_taken":0,"relics_obtained":["Blue Doll"],"max_hp_gain":0,"max_hp_loss":0,"event_name":"WeMeetAgain","floor":11,"gold_loss":0},{"damage_healed":0,"gold_gain":0,"player_choice":"1 cards matched","damage_taken":0,"max_hp_gain":0,"max_hp_loss":0,"event_name":"Match and Keep!","floor":12,"gold_loss":0,"cards_obtained":["construct:ModeShift"]}],"is_beta":false,"boss_relics":[],"items_purged_floors":[14],"is_endless":false,"potions_floor_spawned":[4,5],"killed_by":"Fading Forest","ascension_level":20}}