{"host":"36t3qd3wjvajtu1z","time":1612217242,"event":{"mods":["AchievementEnabler","BaseMod","Block Reminder","Colored Powertips","Minty Spire (QoL Compilation)","Permanent Neow","Quick Restart","Random Character Button","Rare Cards Sparkle","Relic Stats","Slay-I","StSLib"],"gold_per_floor":[113,113,38,57,77,77,177,191,217,233,243,143,153,165,165,270,270,270,270],"floor_reached":18,"language":"ENG","playtime":1256,"items_purged":["Strike_R","Strike_R"],"score":156,"play_id":"f868dd53-b587-4866-8989-67a0505d2cc0","local_time":"20210201140722","is_ascension_mode":false,"campfire_choices":[{"data":"Bash","floor":6,"key":"SMITH"},{"data":"Body Slam","floor":15,"key":"SMITH"}],"circlet_count":0,"master_deck":["Strike_R+1","Strike_R","Defend_R","Defend_R+1","Defend_R","Defend_R","Bash+1","Body Slam+1","Dropkick"],"relics":["Burning Blood","Regal Pillow","Fusion Hammer"],"acts_visited":["Exordium","TheCity"],"potions_floor_usage":[14,16],"damage_taken":[{"damage":2,"enemies":"Small Slimes","floor":1,"turns":3},{"damage":0,"enemies":"2 Louse","floor":4,"turns":3},{"damage":0,"enemies":"Cultist","floor":5,"turns":4},{"damage":13,"enemies":"Gremlin Gang","floor":8,"turns":7},{"damage":13,"enemies":"Lots of Slimes","floor":10,"turns":7},{"damage":5,"enemies":"Red Slaver","floor":11,"turns":4},{"damage":21,"enemies":"Large Slime","floor":13,"turns":6},{"damage":11,"enemies":"Lots of Slimes","floor":14,"turns":7},{"damage":37,"enemies":"The Guardian","floor":16,"turns":12},{"damage":0,"enemies":"2 Thieves","floor":18,"turns":1}],"seed_played":"-5456689215216222367","potions_obtained":[{"floor":8,"key":"Fire Potion"},{"floor":11,"key":"Weak Potion"},{"floor":13,"key":"FearPotion"},{"floor":14,"key":"Fruit Juice"}],"is_trial":false,"path_per_floor":["M","?","$","M","M","R","?","M","T","M","M","$","M","M","R","B",null,"M"],"character_chosen":"IRONCLAD","items_purchased":[],"campfire_rested":0,"item_purchase_floors":[],"current_hp_per_floor":[80,64,64,70,76,76,76,69,69,62,63,63,48,48,48,17,85,85,85],"gold":270,"neow_bonus":"REMOVE_CARD","is_daily":false,"chose_seed":false,"campfire_upgraded":2,"win_rate":0.0,"timestamp":1612217242,"path_taken":["M","?","$","M","M","R","?","M","T","?","?","$","?","M","R","BOSS","M"],"items_purchased_type":[],"build_version":"2020-12-22","purchased_purges":2,"victory":false,"max_hp_per_floor":[80,80,80,80,80,80,80,80,80,80,80,80,80,85,85,85,85,85,85],"relic_stats":{"Regal Pillow":0,"counters":[10,54],"obtain_stats":[{"Regal Pillow":9,"Fusion Hammer":17,"Burning Blood":0},{"Regal Pillow":4,"Fusion Hammer":9,"Burning Blood":0},{"Regal Pillow":17,"Fusion Hammer":53,"Burning Blood":0}],"Burning Blood":50},"card_choices":[{"not_picked":["Warcry","Twin Strike","Rampage"],"picked":"SKIP","floor":1},{"not_picked":["Wild Strike","Havoc","Intimidate"],"picked":"SKIP","floor":4},{"not_picked":["Pommel Strike","Armaments","Warcry"],"picked":"SKIP","floor":5},{"not_picked":["Heavy Blade","Power Through"],"picked":"Body Slam","floor":8},{"not_picked":["Sever Soul","Rage","Blood for Blood"],"picked":"SKIP","floor":10},{"not_picked":["Burning Pact","Sword Boomerang"],"picked":"Dropkick","floor":11},{"not_picked":["Havoc","Twin Strike","Inflame"],"picked":"SKIP","floor":13},{"not_picked":["Armaments","Heavy Blade","Clash"],"picked":"SKIP","floor":14}],"player_experience":386868,"relics_obtained":[{"floor":9,"key":"Regal Pillow"}],"event_choices":[{"damage_healed":0,"gold_gain":0,"player_choice":"Entered Light","damage_taken":16,"max_hp_gain":0,"max_hp_loss":0,"event_name":"Shining Light","floor":2,"gold_loss":0,"cards_upgraded":["Defend_R","Strike_R"]},{"damage_healed":0,"gold_gain":100,"player_choice":"Pray","damage_taken":0,"max_hp_gain":0,"max_hp_loss":0,"event_name":"Golden Shrine","floor":7,"gold_loss":0}],"is_beta":false,"boss_relics":[{"not_picked":["Runic Dome","Mark of Pain"],"picked":"Fusion Hammer"}],"items_purged_floors":[3,12],"is_endless":false,"potions_floor_spawned":[8,11,13,14],"killed_by":"2 Thieves","ascension_level":0}}