{"host":"by8i6f8xc0ywpsd5","time":1612206252,"event":{"mods":["BaseMod","Colored Map","Minty Spire (QoL Compilation)","Relic Stats"],"gold_per_floor":[19,34,184,184,10,37,51,51,51,79,92,92,17,30,30,102,102,112,130,130,144,144,144,169,189,213,213,244,244,261,290,290,367,367,377,377,388,400,411,436,436,471,471,487,505,516,516,550,550,550,550,550,550,43,43,43],"floor_reached":55,"language":"ENG","playtime":2645,"items_purged":["Strike_B"],"score":2058,"play_id":"7cb6cf62-f91e-4757-ad09-8911778b6dbe","local_time":"20210201210412","is_ascension_mode":true,"campfire_choices":[{"floor":8.0,"key":"REST"},{"data":"Loop","floor":12.0,"key":"SMITH"},{"data":"Defragment","floor":15.0,"key":"SMITH"},{"data":"Creative AI","floor":23.0,"key":"SMITH"},{"data":"Creative AI","floor":27.0,"key":"SMITH"},{"data":"Consume","floor":29.0,"key":"SMITH"},{"data":"Heatsinks","floor":32.0,"key":"SMITH"},{"floor":41.0,"key":"RECALL"},{"data":"Capacitor","floor":49.0,"key":"SMITH"},{"data":"Ghostly","floor":53.0,"key":"SMITH"}],"circlet_count":0,"master_deck":["AscendersBane","Strike_B","Strike_B","Defend_B","Defend_B","Defend_B","Defend_B","Zap","Dualcast","Sweeping Beam","Darkness","Consume+1","Loop+1","Ball Lightning+1","Hologram","Chill","Defragment+1","BootSequence","Creative AI+1","Compile Driver","Ghostly+1","Ghostly+1","Ghostly","Creative AI+1","Compile Driver+1","Heatsinks+1","Echo Form","Capacitor+1","Heatsinks+1","Undo+1","Coolheaded"],"relics":["Cracked Core","Bird Faced Urn","Mummified Hand","Pantograph","Eternal Feather","Coffee Dripper","Vajra","Art of War","Pocketwatch","Snecko Eye","Girya","Whetstone","Bottled Tornado","Question Card","Lee\u0027s Waffle","Nunchaku"],"acts_visited":["Exordium","TheCity","TheBeyond","TheEnding"],"potions_floor_usage":[55],"damage_taken":[{"damage":1.0,"enemies":"Cultist","floor":1.0,"turns":3.0},{"damage":2.0,"enemies":"Jaw Worm","floor":2.0,"turns":4.0},{"damage":25.0,"enemies":"Lagavulin","floor":6.0,"turns":6.0},{"damage":6.0,"enemies":"2 Louse","floor":7.0,"turns":2.0},{"damage":31.0,"enemies":"Gremlin Nob","floor":10.0,"turns":4.0},{"damage":4.0,"enemies":"Exordium Wildlife","floor":11.0,"turns":4.0},{"damage":13.0,"enemies":"Blue Slaver","floor":14.0,"turns":4.0},{"damage":33.0,"enemies":"Hexaghost","floor":16.0,"turns":7.0},{"damage":23.0,"enemies":"Chosen","floor":18.0,"turns":5.0},{"damage":17.0,"enemies":"Shell Parasite","floor":19.0,"turns":15.0},{"damage":14.0,"enemies":"Centurion and Healer","floor":21.0,"turns":7.0},{"damage":2.0,"enemies":"Slavers","floor":24.0,"turns":5.0},{"damage":7.0,"enemies":"Snake Plant","floor":25.0,"turns":4.0},{"damage":36.0,"enemies":"Book of Stabbing","floor":28.0,"turns":7.0},{"damage":14.0,"enemies":"Snecko","floor":30.0,"turns":6.0},{"damage":3.0,"enemies":"Gremlin Leader","floor":31.0,"turns":5.0},{"damage":1.0,"enemies":"Collector","floor":33.0,"turns":7.0},{"damage":0.0,"enemies":"Orb Walker","floor":35.0,"turns":5.0},{"damage":15.0,"enemies":"3 Shapes","floor":37.0,"turns":5.0},{"damage":16.0,"enemies":"Transient","floor":38.0,"turns":6.0},{"damage":6.0,"enemies":"Jaw Worm Horde","floor":39.0,"turns":5.0},{"damage":22.0,"enemies":"Nemesis","floor":40.0,"turns":5.0},{"damage":22.0,"enemies":"Giant Head","floor":42.0,"turns":6.0},{"damage":0.0,"enemies":"Sphere and 2 Shapes","floor":44.0,"turns":3.0},{"damage":28.0,"enemies":"Spire Growth","floor":45.0,"turns":5.0},{"damage":0.0,"enemies":"4 Shapes","floor":46.0,"turns":5.0},{"damage":30.0,"enemies":"Reptomancer","floor":48.0,"turns":6.0},{"damage":25.0,"enemies":"Donu and Deca","floor":50.0,"turns":6.0},{"damage":0.0,"enemies":"Awakened One","floor":51.0,"turns":7.0},{"damage":50,"enemies":"Shield and Spear","floor":55,"turns":2}],"seed_played":"-4863204761866485239","potions_obtained":[{"floor":1.0,"key":"BlessingOfTheForge"},{"floor":6.0,"key":"Energy Potion"},{"floor":10.0,"key":"EssenceOfDarkness"},{"floor":18.0,"key":"Explosive Potion"},{"floor":24.0,"key":"Fire Potion"},{"floor":28.0,"key":"EssenceOfDarkness"},{"floor":33.0,"key":"Energy Potion"},{"floor":40.0,"key":"Swift Potion"}],"is_trial":false,"path_per_floor":["M","M","?","?","$","E","M","R","T","E","M","R","$","M","R","B",null,"M","M","?","M","?","R","E","M","T","R","E","R","M","E","R","B",null,"M","?","M","M","M","E","R","E","T","M","M","M","?","E","R","B","B",null,"R","$","E"],"character_chosen":"DEFECT","items_purchased":["Consume","Loop","Ball Lightning","Defragment","FocusPotion","Lee\u0027s Waffle","Coolheaded","Nunchaku"],"campfire_rested":1,"item_purchase_floors":[5,5,5,13,54,54,54,54],"current_hp_per_floor":[63,61,61,54,54,31,27,48,48,19,17,26,26,17,29,25,60,43,71,35,33,33,35,35,32,32,35,16,31,31,34,35,35,35,35,35,35,35,35,21,35,20,20,35,31,35,35,23,35,35,35,35,35,42,0,0],"gold":43,"neow_bonus":"ONE_RARE_RELIC","is_daily":false,"chose_seed":false,"campfire_upgraded":8,"win_rate":0.0,"timestamp":1612206252,"path_taken":["M","?","?","?","$","E","M","R","T","E","M","R","?","M","R","BOSS","M","M","?","M","?","R","E","M","T","R","E","R","M","E","R","BOSS","M","?","M","M","?","E","R","E","T","M","M","M","?","E","R","BOSS","BOSS","R","$","E"],"items_purchased_type":["Card","Card","Card","Card","Potion","Relic","Card","Relic"],"build_version":"2020-12-22","purchased_purges":1,"victory":false,"max_hp_per_floor":[71,71,71,71,71,71,71,71,71,71,71,71,71,71,71,71,71,71,71,35,35,35,35,35,35,35,35,35,35,35,35,35,35,35,35,35,35,35,35,35,35,35,35,35,35,35,35,35,35,35,35,35,35,42,42,42],"relic_stats":{"Lee\u0027s Waffle":7,"counters":[30,160],"Eternal Feather":68,"Whetstone":["Ball Lightning","Compile Driver"],"Question Card":0,"Nunchaku":[0],"Mummified Hand":[494],"Bird Faced Urn":[263],"Pantograph":25,"Snecko Eye":[154,162,156,161],"Art of War":[12],"obtain_stats":[{"Girya":40,"Lee\u0027s Waffle":54,"Vajra":24,"Eternal Feather":10,"Whetstone":42,"Bottled Tornado":43,"Question Card":48,"Nunchaku":54,"Mummified Hand":6,"Bird Faced Urn":0,"Pantograph":9,"Snecko Eye":34,"Coffee Dripper":17,"Art of War":28,"Cracked Core":0,"Pocketwatch":31},{"Girya":22,"Lee\u0027s Waffle":29,"Vajra":12,"Eternal Feather":5,"Whetstone":23,"Bottled Tornado":23,"Question Card":27,"Nunchaku":29,"Mummified Hand":3,"Bird Faced Urn":0,"Pantograph":4,"Snecko Eye":17,"Coffee Dripper":8,"Art of War":14,"Cracked Core":0,"Pocketwatch":16},{"Girya":121,"Lee\u0027s Waffle":158,"Vajra":66,"Eternal Feather":19,"Whetstone":127,"Bottled Tornado":127,"Question Card":145,"Nunchaku":158,"Mummified Hand":13,"Bird Faced Urn":0,"Pantograph":15,"Snecko Eye":95,"Coffee Dripper":34,"Art of War":77,"Cracked Core":0,"Pocketwatch":88}],"Pocketwatch":[10]},"card_choices":[{"not_picked":["Double Energy","Aggregate"],"picked":"Sweeping Beam","floor":1.0},{"not_picked":["Stack","Genetic Algorithm"],"picked":"Darkness","floor":2.0},{"not_picked":["Redo","Tempest"],"picked":"Hologram","floor":6.0},{"not_picked":["Doom and Gloom","Fission","Recycle"],"picked":"SKIP","floor":7.0},{"not_picked":["Leap","Blizzard"],"picked":"Chill","floor":10.0},{"not_picked":["Reprogram","Sweeping Beam","Ball Lightning"],"picked":"SKIP","floor":11.0},{"not_picked":["Sweeping Beam","Coolheaded"],"picked":"BootSequence","floor":14.0},{"not_picked":["Seek","Core Surge"],"picked":"Creative AI","floor":16.0},{"not_picked":["Sweeping Beam","BootSequence"],"picked":"Compile Driver","floor":18.0},{"not_picked":["Melter","Redo","Rip and Tear"],"picked":"SKIP","floor":19.0},{"not_picked":["Rebound","Chaos","Beam Cell"],"picked":"SKIP","floor":21.0},{"not_picked":["Streamline","BootSequence+1","Glacier"],"picked":"SKIP","floor":24.0},{"not_picked":["Steam","Streamline+1","Fusion"],"picked":"SKIP","floor":25.0},{"not_picked":["Hologram","Steam"],"picked":"Compile Driver","floor":28.0},{"not_picked":["Chaos","Consume","Leap"],"picked":"SKIP","floor":30.0},{"not_picked":["Force Field","Turbo"],"picked":"Heatsinks","floor":31.0},{"not_picked":["Reboot","Electrodynamics"],"picked":"Echo Form","floor":33.0},{"not_picked":["FTL","Streamline","Sweeping Beam"],"picked":"SKIP","floor":35.0},{"not_picked":["Scrape","Sunder+1","Self Repair"],"picked":"SKIP","floor":37.0},{"not_picked":["Cold Snap+1","Rebound+1","Leap"],"picked":"SKIP","floor":38.0},{"not_picked":["Scrape+1","Rebound","Hologram"],"picked":"SKIP","floor":39.0},{"not_picked":["Sunder","Loop"],"picked":"Capacitor","floor":40.0},{"not_picked":["Stack","Beam Cell","Electrodynamics"],"picked":"SKIP","floor":42.0},{"not_picked":["Steam","Leap","Steam Power"],"picked":"SKIP","floor":44.0},{"not_picked":["Cold Snap","Sunder"],"picked":"Heatsinks+1","floor":45.0},{"not_picked":["Scrape","Ball Lightning","Self Repair+1"],"picked":"SKIP","floor":46.0},{"not_picked":["Reinforced Body","Auto Shields"],"picked":"Undo+1","floor":48.0}],"player_experience":1712319,"relics_obtained":[{"floor":6.0,"key":"Mummified Hand"},{"floor":9.0,"key":"Pantograph"},{"floor":10.0,"key":"Eternal Feather"},{"floor":24.0,"key":"Vajra"},{"floor":28.0,"key":"Art of War"},{"floor":31.0,"key":"Pocketwatch"},{"floor":40.0,"key":"Girya"},{"floor":42.0,"key":"Whetstone"},{"floor":43.0,"key":"Bottled Tornado"},{"floor":48.0,"key":"Question Card"}],"event_choices":[{"damage_healed":0.0,"max_hp_gain":0.0,"max_hp_loss":0.0,"gold_gain":150.0,"event_name":"Liars Game","player_choice":"AGREE","floor":3.0,"gold_loss":0.0,"damage_taken":0.0,"cards_obtained":["Doubt"]},{"cards_removed":["Doubt"],"damage_healed":0.0,"max_hp_gain":0.0,"max_hp_loss":0.0,"gold_gain":0.0,"event_name":"Golden Wing","player_choice":"Card Removal","floor":4.0,"gold_loss":0.0,"damage_taken":7.0},{"damage_healed":0.0,"max_hp_gain":0.0,"max_hp_loss":36.0,"gold_gain":0.0,"event_name":"Ghosts","player_choice":"Became a Ghost","floor":20.0,"gold_loss":0.0,"damage_taken":0.0,"cards_obtained":["Ghostly","Ghostly","Ghostly"]},{"damage_healed":0.0,"max_hp_gain":0.0,"max_hp_loss":0.0,"gold_gain":0.0,"event_name":"Duplicator","player_choice":"Copied","floor":22.0,"gold_loss":0.0,"damage_taken":0.0,"cards_obtained":["Creative AI"]},{"damage_healed":0.0,"max_hp_gain":0.0,"max_hp_loss":0.0,"gold_gain":0.0,"event_name":"Accursed Blacksmith","player_choice":"Forge","floor":36.0,"gold_loss":0.0,"damage_taken":0.0,"cards_upgraded":["Ghostly"]},{"cards_removed":["Strike_B"],"damage_healed":0.0,"max_hp_gain":0.0,"max_hp_loss":0.0,"gold_gain":0.0,"event_name":"Falling","player_choice":"Removed Attack","floor":47.0,"gold_loss":0.0,"damage_taken":0.0}],"is_beta":false,"boss_relics":[{"not_picked":["Cursed Key","Runic Pyramid"],"picked":"Coffee Dripper"},{"not_picked":["Empty Cage","Fusion Hammer"],"picked":"Snecko Eye"}],"items_purged_floors":[54],"is_endless":false,"potions_floor_spawned":[1,6,10,18,21,24,28,33,37,40,45,46],"killed_by":"Shield and Spear","ascension_level":20}}