{"host":"aj7el8l5kufbk20z","time":1612161507,"event":{"mods":["AchievementEnabler","BaseMod","Colored Map","Colored Powertips","Curses Come First","Highlight Path","Minty Spire (QoL Compilation)","Permanent Neow","Poor People Problems","Quick Restart","Rare Cards Sparkle","Relic Stats","StSLib","SuperFastMode","Waifu the Spire"],"gold_per_floor":[112,90,108,108,118,118,145,157,182,518,276,286,286,296,296,398,398,416,666,666,679,697,697,726,365,414,439,439,449,666,682,682,787,787,807,454,465,476,666,695,695,727,727,727,742,757,788,807,807,807,807,807,168,202,202],"floor_reached":56,"language":"ZHS","playtime":4224,"items_purged":["Strike_B","Strike_B","Strike_B","Defend_B","Defend_B","Defend_B","Defend_B","Zap"],"score":1482,"play_id":"ae523723-1f0a-4c35-b47a-043c6e33f430","local_time":"20210201143827","is_ascension_mode":true,"campfire_choices":[{"data":"Defragment","floor":6.0,"key":"SMITH"},{"data":"Consume","floor":13.0,"key":"SMITH"},{"data":"Stack","floor":15.0,"key":"SMITH"},{"data":"Creative AI","floor":23,"key":"SMITH"},{"data":"Capacitor","floor":28,"key":"SMITH"},{"data":"Loop","floor":32,"key":"SMITH"},{"floor":41,"key":"RECALL"},{"floor":44,"key":"DIG"},{"floor":49,"key":"DIG"},{"floor":52,"key":"DIG"}],"circlet_count":0,"master_deck":["Dualcast","Core Surge","Stack+1","Gash","Defragment+1","Streamline","Capacitor+1","Defragment+1","Consume+1","Core Surge","Stack","FTL","Creative AI+1","Skim","Hologram+1","Loop+1","Glacier","Conserve Battery","Loop+1","Biased Cognition","Defragment+1","Electrodynamics","Echo Form","Defragment"],"relics":["FrozenCore","Ancient Tea Set","Bag of Preparation","DollysMirror","Potion Belt","Peace Pipe","Matryoshka","Strawberry","HandDrill","Shovel","Vajra","Art of War","PreservedInsect","Regal Pillow","Bronze Scales","White Beast Statue","Inserter","Boot","ClockworkSouvenir","Happy Flower","HornCleat","Centennial Puzzle","Omamori","Cables","Molten Egg 2","Toy Ornithopter","Pear","Ornamental Fan","Sundial","Akabeko","Orichalcum"],"acts_visited":["Exordium","TheCity","TheBeyond","TheEnding"],"potions_floor_usage":[21,21,33,46,55,55,55,55],"damage_taken":[{"damage":0.0,"enemies":"Small Slimes","floor":1.0,"turns":2.0},{"damage":0.0,"enemies":"Cultist","floor":3.0,"turns":2.0},{"damage":2.0,"enemies":"Jaw Worm","floor":5.0,"turns":3.0},{"damage":15.0,"enemies":"Lagavulin","floor":7.0,"turns":7.0},{"damage":3.0,"enemies":"Blue Slaver","floor":8.0,"turns":3.0},{"damage":0.0,"enemies":"2 Fungi Beasts","floor":12.0,"turns":2.0},{"damage":6.0,"enemies":"Lots of Slimes","floor":14.0,"turns":3.0},{"damage":0.0,"enemies":"Slime Boss","floor":16.0,"turns":5.0},{"damage":0.0,"enemies":"Shell Parasite","floor":18.0,"turns":9.0},{"damage":0,"enemies":"3 Byrds","floor":21,"turns":4},{"damage":38,"enemies":"Snake Plant","floor":22,"turns":7},{"damage":10,"enemies":"Book of Stabbing","floor":24,"turns":10},{"damage":36,"enemies":"Slavers","floor":27,"turns":8},{"damage":0,"enemies":"Centurion and Healer","floor":29,"turns":8},{"damage":1,"enemies":"Cultist and Chosen","floor":31,"turns":6},{"damage":16,"enemies":"Collector","floor":33,"turns":9},{"damage":32,"enemies":"3 Shapes","floor":35,"turns":6},{"damage":13,"enemies":"3 Darklings","floor":37,"turns":5},{"damage":69,"enemies":"Transient","floor":38,"turns":5},{"damage":37,"enemies":"Nemesis","floor":40,"turns":5},{"damage":1,"enemies":"Reptomancer","floor":42,"turns":6},{"damage":7,"enemies":"Spire Growth","floor":45,"turns":4},{"damage":0,"enemies":"Maw","floor":46,"turns":7},{"damage":0,"enemies":"Nemesis","floor":47,"turns":6},{"damage":51,"enemies":"Transient","floor":48,"turns":5},{"damage":17,"enemies":"Time Eater","floor":50,"turns":7},{"damage":20,"enemies":"Shield and Spear","floor":54,"turns":7},{"damage":3,"enemies":"The Heart","floor":55,"turns":10}],"seed_played":"8290189469871994873","potions_obtained":[{"floor":3.0,"key":"Explosive Potion"},{"floor":5.0,"key":"SpeedPotion"},{"floor":7.0,"key":"Dexterity Potion"},{"floor":8.0,"key":"FocusPotion"},{"floor":22,"key":"FairyPotion"},{"floor":24,"key":"ColorlessPotion"},{"floor":31,"key":"Regen Potion"},{"floor":33,"key":"Energy Potion"},{"floor":35,"key":"GamblersBrew"},{"floor":37,"key":"Fire Potion"},{"floor":40,"key":"Fruit Juice"},{"floor":45,"key":"FocusPotion"},{"floor":46,"key":"GamblersBrew"},{"floor":47,"key":"LiquidBronze"},{"floor":48,"key":"Strength Potion"},{"floor":54,"key":"SpeedPotion"}],"is_trial":false,"path_per_floor":["M","$","M","?","M","R","E","M","T","$","$","M","R","M","R","B",null,"M","$","?","M","M","R","E","$","T","E","R","M","$","M","R","B",null,"M","$","M","M","$","E","R","E","T","R","M","M","E","M","R","B",null,"R","$","E","B",null],"character_chosen":"DEFECT","items_purchased":["Gash","DollysMirror","Potion Belt","Peace Pipe","Consume","Matryoshka","Core Surge","Strawberry","HandDrill","Shovel","LiquidBronze","FocusPotion","Block Potion","Art of War","Glacier","Bronze Scales","White Beast Statue","Boot","ClockworkSouvenir","Happy Flower","Sundial","Akabeko"],"campfire_rested":0,"item_purchase_floors":[2,10,10,10,10,11,11,19,19,19,19,19,19,25,25,30,30,36,39,39,53,53],"current_hp_per_floor":[68,68,68,68,66,66,51,48,48,48,48,48,48,42,42,42,68,68,75,75,75,37,37,75,75,75,61,61,61,61,60,60,44,75,43,43,75,88,88,99,99,98,98,98,91,80,80,65,75,58,90,90,90,90,90],"gold":202,"neow_bonus":"THREE_RARE_CARDS","is_daily":false,"chose_seed":false,"campfire_upgraded":6,"win_rate":0.0,"timestamp":1612161507,"path_taken":["M","$","M","?","?","R","E","M","T","?","$","M","R","M","R","BOSS","M","$","?","M","M","R","E","$","T","E","R","M","$","M","R","BOSS","M","$","M","M","$","E","R","E","T","R","M","M","E","M","R","BOSS","R","$","E","BOSS"],"items_purchased_type":["Card","Relic","Relic","Relic","Card","Relic","Card","Relic","Relic","Relic","Potion","Potion","Potion","Relic","Card","Relic","Relic","Relic","Relic","Relic","Relic","Relic"],"build_version":"2020-12-22","purchased_purges":8,"victory":true,"max_hp_per_floor":[68,68,68,68,68,68,68,68,68,68,68,68,68,68,68,68,68,68,75,75,75,75,75,75,75,75,75,75,75,75,75,75,75,75,75,75,75,75,75,75,75,75,75,75,75,80,80,80,90,90,90,90,90,90,90],"relic_stats":{"Regal Pillow":0,"Inserter":[36],"Happy Flower":[19],"counters":[28,158],"PreservedInsect":259,"Bag of Preparation":[46],"Orichalcum":[0],"Boot":[32],"FrozenCore":[84],"Cables":[43,9,34,0,0],"Peace Pipe":0,"Centennial Puzzle":[15],"Shovel":3,"Ornamental Fan":[8],"Sundial":[4],"Bronze Scales":[376],"HandDrill":[16],"Art of War":[44],"obtain_stats":[{"Regal Pillow":27,"Vajra":24,"Bag of Preparation":9,"Ancient Tea Set":7,"Boot":36,"FrozenCore":17,"ClockworkSouvenir":39,"Centennial Puzzle":42,"Matryoshka":11,"Shovel":19,"HornCleat":40,"DollysMirror":10,"Sundial":53,"Strawberry":19,"HandDrill":19,"Cracked Core":0,"Potion Belt":10,"Inserter":34,"Pear":49,"Happy Flower":39,"PreservedInsect":26,"Omamori":43,"Orichalcum":54,"White Beast Statue":30,"Akabeko":53,"Cables":43,"Peace Pipe":10,"Ornamental Fan":52,"Bronze Scales":30,"Molten Egg 2":44,"Art of War":25,"Toy Ornithopter":47},{"Regal Pillow":13,"Vajra":12,"Bag of Preparation":5,"Ancient Tea Set":4,"Boot":17,"FrozenCore":8,"ClockworkSouvenir":19,"Centennial Puzzle":21,"Matryoshka":5,"Shovel":9,"HornCleat":20,"DollysMirror":5,"Sundial":26,"Strawberry":9,"HandDrill":9,"Cracked Core":0,"Potion Belt":5,"Inserter":16,"Pear":25,"Happy Flower":19,"PreservedInsect":12,"Omamori":21,"Orichalcum":27,"White Beast Statue":14,"Akabeko":26,"Cables":21,"Peace Pipe":5,"Ornamental Fan":26,"Bronze Scales":14,"Molten Egg 2":21,"Art of War":12,"Toy Ornithopter":24},{"Regal Pillow":65,"Vajra":57,"Bag of Preparation":17,"Ancient Tea Set":14,"Boot":92,"FrozenCore":27,"ClockworkSouvenir":102,"Centennial Puzzle":113,"Matryoshka":17,"Shovel":36,"HornCleat":107,"DollysMirror":17,"Sundial":141,"Strawberry":36,"HandDrill":36,"Cracked Core":0,"Potion Belt":17,"Inserter":86,"Pear":135,"Happy Flower":102,"PreservedInsect":57,"Omamori":113,"Orichalcum":148,"White Beast Statue":72,"Akabeko":141,"Cables":113,"Peace Pipe":17,"Ornamental Fan":141,"Bronze Scales":72,"Molten Egg 2":113,"Art of War":57,"Toy Ornithopter":130}],"Toy Ornithopter":3},"card_choices":[{"not_picked":["Thunder Strike","Rainbow"],"picked":"Core Surge","floor":0.0},{"not_picked":["Leap","Redo"],"picked":"Stack","floor":1.0},{"not_picked":["Skim","Heatsinks"],"picked":"Defragment","floor":3.0},{"not_picked":["Rebound","Darkness"],"picked":"Streamline","floor":5.0},{"not_picked":["Sweeping Beam","Auto Shields"],"picked":"Capacitor","floor":7.0},{"not_picked":["Barrage","Sweeping Beam","Rebound"],"picked":"SKIP","floor":8.0},{"not_picked":["Darkness","Go for the Eyes"],"picked":"Stack","floor":12.0},{"not_picked":["Auto Shields","Cold Snap"],"picked":"FTL","floor":14.0},{"not_picked":["Rainbow","Hyperbeam"],"picked":"Creative AI","floor":16.0},{"not_picked":["Beam Cell","Sweeping Beam","Rip and Tear"],"picked":"SKIP","floor":18.0},{"not_picked":["Reprogram","Steam","Go for the Eyes"],"picked":"SKIP","floor":21},{"not_picked":["Storm","Scrape"],"picked":"Hologram+1","floor":22},{"not_picked":["Compile Driver","Scrape"],"picked":"Loop+1","floor":24},{"not_picked":["Rebound","Stack"],"picked":"Conserve Battery","floor":27},{"not_picked":["BootSequence","Steam"],"picked":"Loop","floor":29},{"not_picked":["Gash","Fission","Cold Snap"],"picked":"SKIP","floor":31},{"not_picked":["Core Surge","Reboot"],"picked":"Biased Cognition","floor":33},{"not_picked":["Steam","Barrage+1","Undo"],"picked":"SKIP","floor":35},{"not_picked":["Gash","Storm","Skim"],"picked":"SKIP","floor":37},{"not_picked":["Reprogram","Ball Lightning+1"],"picked":"Defragment+1","floor":38},{"not_picked":["Darkness+1","Capacitor"],"picked":"Electrodynamics","floor":40},{"not_picked":["Stack","Steam+1"],"picked":"Echo Form","floor":42},{"not_picked":["Conserve Battery","Aggregate","Auto Shields+1"],"picked":"SKIP","floor":45},{"not_picked":["Redo+1","Sweeping Beam+1","FTL+1"],"picked":"SKIP","floor":46},{"not_picked":["Coolheaded","Conserve Battery+1"],"picked":"Defragment","floor":47},{"not_picked":["Glacier+1","Coolheaded+1","Cold Snap+1"],"picked":"SKIP","floor":48},{"not_picked":["Reinforced Body+1","Gash+1","Coolheaded+1"],"picked":"SKIP","floor":54}],"player_experience":330555,"relics_obtained":[{"floor":7.0,"key":"Ancient Tea Set"},{"floor":9.0,"key":"Bag of Preparation"},{"floor":24,"key":"Vajra"},{"floor":26,"key":"PreservedInsect"},{"floor":27,"key":"Regal Pillow"},{"floor":40,"key":"HornCleat"},{"floor":42,"key":"Centennial Puzzle"},{"floor":43,"key":"Omamori"},{"floor":43,"key":"Cables"},{"floor":44,"key":"Molten Egg 2"},{"floor":47,"key":"Toy Ornithopter"},{"floor":49,"key":"Pear"},{"floor":52,"key":"Ornamental Fan"},{"floor":54,"key":"Orichalcum"}],"event_choices":[{"damage_healed":0.0,"max_hp_gain":0.0,"max_hp_loss":0.0,"gold_gain":0.0,"event_name":"Match and Keep!","player_choice":"0 cards matched","floor":4.0,"gold_loss":0.0,"damage_taken":0.0,"cards_obtained":[]},{"damage_healed":0.0,"max_hp_gain":0.0,"max_hp_loss":0.0,"gold_gain":0.0,"cards_transformed":["Strike_B"],"event_name":"Transmorgrifier","player_choice":"Transformed","floor":20.0,"gold_loss":0.0,"damage_taken":0.0,"cards_obtained":["Skim"]}],"is_beta":false,"boss_relics":[{"not_picked":["Philosopher\u0027s Stone","SlaversCollar"],"picked":"FrozenCore"},{"not_picked":["Velvet Choker","Pandora\u0027s Box"],"picked":"Inserter"}],"items_purged_floors":[10,11,19,25,30,36,39,53],"is_endless":false,"potions_floor_spawned":[3,5,7,8,22,24,31,33,35,37,38,40,42,45,46,47,48,54],"ascension_level":2}}