{"host":"3y2rtlgteqp2nuo3","time":1612175989,"event":{"mods":["2.2 Compatiblity","AchievementEnabler","BaseMod","Colored Map","DeckTracker","Highlight Path","Keyboard Shortcuts","Minty Spire (QoL Compilation)","Permanent Neow","Quick Restart","StSLib","SuperFastMode","everything is the same but u backflip on backflip"],"gold_per_floor":[113,126,144,155,175,210,210,243,243,271,341,341,98,115,115,217,217,237,19,30,50,63,63,63,63],"floor_reached":24,"language":"KOR","playtime":591,"items_purged":["Searing Blow+2"],"score":305,"play_id":"af6611f6-f6eb-4aa0-b913-1bdceb6b50fb","local_time":"20210201193949","is_ascension_mode":true,"campfire_choices":[{"data":"Searing Blow","floor":7.0,"key":"SMITH"},{"floor":12.0,"key":"REST"},{"data":"Searing Blow+1","floor":15,"key":"SMITH"},{"data":"Perfected Strike","floor":23,"key":"SMITH"}],"circlet_count":0,"master_deck":["Strike_R","Strike_R","Strike_R","Strike_R","Strike_R","Defend_R","Defend_R","Defend_R","Defend_R","Bash","Perfected Strike+1","Spot Weakness","Power Through","Twin Strike","Sword Boomerang","Armaments","Reaper","Wild Strike","Perfected Strike","Berserk","Perfected Strike","Limit Break","Heavy Blade+1","Shrug It Off"],"relics":["Black Blood","Paper Frog","Lizard Tail","TungstenRod","Odd Mushroom","Pantograph"],"acts_visited":["Exordium","TheCity"],"potions_floor_usage":[20,22],"damage_taken":[{"damage":1.0,"enemies":"Cultist","floor":1.0,"turns":3.0},{"damage":0.0,"enemies":"Small Slimes","floor":2.0,"turns":3.0},{"damage":13.0,"enemies":"Jaw Worm","floor":3.0,"turns":5.0},{"damage":3.0,"enemies":"Blue Slaver","floor":4.0,"turns":3.0},{"damage":15.0,"enemies":"Large Slime","floor":5.0,"turns":7.0},{"damage":25.0,"enemies":"3 Sentries","floor":6.0,"turns":4.0},{"damage":30.0,"enemies":"Lagavulin","floor":8.0,"turns":5.0},{"damage":23.0,"enemies":"The Mushroom Lair","floor":10.0,"turns":4.0},{"damage":21,"enemies":"Lots of Slimes","floor":14,"turns":2},{"damage":54,"enemies":"The Guardian","floor":16,"turns":10},{"damage":19,"enemies":"3 Byrds","floor":18,"turns":6},{"damage":15,"enemies":"Shell Parasite","floor":20,"turns":4},{"damage":38,"enemies":"Chosen and Byrds","floor":21,"turns":8},{"damage":59,"enemies":"Shelled Parasite and Fungi","floor":22,"turns":6},{"damage":77,"enemies":"Gremlin Leader","floor":24,"turns":6}],"seed_played":"4696172508998313024","potions_obtained":[{"floor":1.0,"key":"AttackPotion"},{"floor":2.0,"key":"Regen Potion"},{"floor":5.0,"key":"AttackPotion"},{"floor":8.0,"key":"LiquidMemories"},{"floor":18,"key":"BloodPotion"},{"floor":22,"key":"AttackPotion"}],"is_trial":false,"path_per_floor":["M","M","M","M","M","E","R","E","T","?","?","R","$","M","R","B",null,"M","$","M","M","M","R","E"],"character_chosen":"IRONCLAD","items_purchased":["Pantograph","Limit Break"],"campfire_rested":1,"item_purchase_floors":[13,19],"current_hp_per_floor":[77,80,73,76,67,53,53,29,29,12,12,36,36,56,56,32,68,67,67,64,38,52,52,0,0],"gold":63,"neow_bonus":"THREE_CARDS","is_daily":false,"chose_seed":false,"campfire_upgraded":3,"win_rate":0.0,"timestamp":1612175989,"path_taken":["M","M","M","M","M","E","R","E","T","?","?","R","$","M","R","BOSS","M","$","M","M","M","R","E"],"items_purchased_type":["Relic","Card"],"build_version":"2020-12-22","purchased_purges":1,"victory":false,"max_hp_per_floor":[80,80,80,80,80,80,80,80,80,80,80,80,80,80,80,80,80,80,80,80,80,80,80,80,80],"card_choices":[{"not_picked":["Pummel","Dropkick"],"picked":"Perfected Strike","floor":0.0},{"not_picked":["Reckless Charge","Second Wind"],"picked":"Spot Weakness","floor":1.0},{"not_picked":["Dropkick","Headbutt"],"picked":"Power Through","floor":2.0},{"not_picked":["Entrench","True Grit","Twin Strike"],"picked":"SKIP","floor":3.0},{"not_picked":["Entrench","True Grit"],"picked":"Twin Strike","floor":3.0},{"not_picked":["Flex","Bloodletting"],"picked":"Sword Boomerang","floor":4.0},{"not_picked":["Infernal Blade","Sentinel"],"picked":"Armaments","floor":5.0},{"not_picked":["Spot Weakness","Anger"],"picked":"Searing Blow","floor":6.0},{"not_picked":["True Grit","Flex"],"picked":"Reaper","floor":8.0},{"not_picked":["True Grit","Shockwave"],"picked":"Wild Strike","floor":10.0},{"not_picked":["Searing Blow","Reckless Charge"],"picked":"Perfected Strike","floor":14},{"not_picked":["Barricade","Fiend Fire"],"picked":"Berserk","floor":16},{"not_picked":["Clash","Flex"],"picked":"Perfected Strike","floor":18},{"not_picked":["Whirlwind","Clothesline","Iron Wave"],"picked":"SKIP","floor":20},{"not_picked":["Burning Pact","Second Wind"],"picked":"Heavy Blade+1","floor":21},{"not_picked":["Armaments","Cleave"],"picked":"Shrug It Off","floor":22}],"player_experience":738361,"relics_obtained":[{"floor":6.0,"key":"Paper Frog"},{"floor":8.0,"key":"Lizard Tail"},{"floor":9.0,"key":"TungstenRod"},{"floor":10.0,"key":"Odd Mushroom"}],"event_choices":[{"damage_healed":0.0,"max_hp_gain":0.0,"max_hp_loss":0.0,"gold_gain":0.0,"event_name":"Mushrooms","player_choice":"Fought Mushrooms","floor":10.0,"gold_loss":0.0,"damage_taken":0.0},{"damage_healed":0.0,"max_hp_gain":0.0,"max_hp_loss":0.0,"gold_gain":70.0,"event_name":"Golden Wing","player_choice":"Gained Gold","floor":11.0,"gold_loss":0.0,"damage_taken":0.0}],"is_beta":false,"boss_relics":[{"not_picked":["Tiny House","Philosopher\u0027s Stone"],"picked":"Black Blood"}],"items_purged_floors":[19],"is_endless":false,"potions_floor_spawned":[1,2,5,8,18,22],"killed_by":"Gremlin Leader","ascension_level":9}}