{"host":"kzfpatocel9exp3u","time":1612165949,"event":{"mods":["BaseMod","Googly Eyes","Minty Spire (QoL Compilation)","Reliquary","StSLib","[IsaacMod]ÒÔÈö¼âËþ"],"gold_per_floor":[116,116,116,136,136,169,193,193,271,271,118,149,173,173,173,269,269,287,308,324,48,62,62,62,62,116,154,154,197,222,222,222,318,318,339,58,58,83,83,83,116,24,73,73,108,131,150,183,183,183,183,183,52,91,91,91],"floor_reached":55,"language":"ZHS","playtime":2156,"items_purged":["Strike_G","Strike_G"],"score":1901,"play_id":"03788c33-6aeb-46c7-a1eb-11cc9a4b3f0f","local_time":"20210201155229","is_ascension_mode":true,"campfire_choices":[{"data":"Phantasmal Killer","floor":10.0,"key":"SMITH"},{"data":"Riddle With Holes","floor":15.0,"key":"SMITH"},{"data":"Doppelganger","floor":23.0,"key":"SMITH"},{"data":"Blade Dance","floor":25,"key":"SMITH"},{"data":"Footwork","floor":28,"key":"SMITH"},{"data":"Terror","floor":32,"key":"SMITH"},{"data":"Acrobatics","floor":44,"key":"SMITH"},{"floor":49,"key":"RECALL"},{"data":"Calculated Gamble","floor":52,"key":"SMITH"}],"circlet_count":0,"master_deck":["AscendersBane","Strike_G","Strike_G","Strike_G","Defend_G","Defend_G+1","Defend_G","Defend_G","Defend_G","Survivor","Neutralize","Terror+1","Phantasmal Killer+1","Backflip+1","Doppelganger+1","Riddle With Holes+1","Adrenaline+1","Escape Plan","Footwork+1","Flash of Steel","Blade Dance+1","Noxious Fumes+1","Tactician+1","Flash of Steel","Acrobatics+1","Reflex","Blade Dance","Calculated Gamble+1","Accuracy"],"relics":["Ring of the Snake","HushsDoor","DeadEye","NeowsBlessing","Golden Idol","Bag of Preparation","Meat on the Bone","Singing Bowl","Coffee Dripper","War Paint","D6","White Beast Statue","MagicMushroom","GuppysHead","GuppysCollar","reliquary:Aerogel","Kunai","HornCleat","DeathBook","reliquary:TuningFork","Oddly Smooth Stone","reliquary:Knoch","Pocketwatch","BelialBook","Omamori","Regal Pillow","Mummified Hand","TheBible","Pear"],"acts_visited":["Exordium","TheCity","TheBeyond","TheEnding"],"potions_floor_usage":[27,29,33,41,45,55],"damage_taken":[{"damage":0.0,"enemies":"Small Slimes","floor":1.0,"turns":1.0},{"damage":0.0,"enemies":"2 Louse","floor":4.0,"turns":1.0},{"damage":0.0,"enemies":"Gremlin Nob","floor":6.0,"turns":1.0},{"damage":3.0,"enemies":"Jaw Worm","floor":7.0,"turns":4.0},{"damage":15.0,"enemies":"Lagavulin","floor":12.0,"turns":5.0},{"damage":9.0,"enemies":"3 Louse","floor":13.0,"turns":2.0},{"damage":8.0,"enemies":"The Guardian","floor":16.0,"turns":8.0},{"damage":12.0,"enemies":"Shell Parasite","floor":18.0,"turns":5.0},{"damage":0.0,"enemies":"Spheric Guardian","floor":19.0,"turns":4.0},{"damage":16.0,"enemies":"Snake Plant","floor":20.0,"turns":3.0},{"damage":11.0,"enemies":"Shelled Parasite and Fungi","floor":22.0,"turns":6.0},{"damage":0,"enemies":"Gremlin Leader","floor":27,"turns":4},{"damage":32,"enemies":"Slavers","floor":29,"turns":8},{"damage":18,"enemies":"Chosen and Byrds","floor":30,"turns":4},{"damage":0,"enemies":"Automaton","floor":33,"turns":6},{"damage":0,"enemies":"3 Shapes","floor":35,"turns":2},{"damage":0,"enemies":"Orb Walker","floor":38,"turns":2},{"damage":34,"enemies":"Nemesis","floor":41,"turns":5},{"damage":0,"enemies":"Reptomancer","floor":45,"turns":2},{"damage":0,"enemies":"3 Darklings","floor":47,"turns":2},{"damage":0,"enemies":"Giant Head","floor":48,"turns":3},{"damage":32,"enemies":"Awakened One","floor":50,"turns":8},{"damage":0,"enemies":"Shield and Spear","floor":54,"turns":4},{"damage":36,"enemies":"Delirium","floor":55,"turns":7}],"seed_played":"1054021083209143389","potions_obtained":[{"floor":4.0,"key":"Ancient Potion"},{"floor":6.0,"key":"EssenceOfSteel"},{"floor":7.0,"key":"Explosive Potion"},{"floor":18.0,"key":"SkillPotion"},{"floor":20.0,"key":"DistilledChaos"},{"floor":30,"key":"Poison Potion"},{"floor":33,"key":"Regen Potion"},{"floor":35,"key":"Poison Potion"},{"floor":41,"key":"CunningPotion"},{"floor":45,"key":"Poison Potion"},{"floor":48,"key":"DuplicationPotion"}],"is_trial":false,"path_per_floor":["M","?","$","M","?","E","M","?","T","R","$","E","M","?","R","B",null,"M","M","M","$","M","R","?","R","T","E","R","E","M","?","R","B",null,"M","$","T","M","?","?","E","$","T","R","E","T","M","E","R","B",null,"R","$","E","B"],"character_chosen":"THE_SILENT","items_purchased":["Riddle With Holes","Footwork","Flash of Steel","GuppysHead","GuppysCollar","Damocles","Kunai","Acrobatics","Reflex","Accuracy","PowerPotion"],"campfire_rested":0,"item_purchase_floors":[11,21,21,34,34,34,36,42,42,53,53],"current_hp_per_floor":[59,59,59,59,64,64,61,61,61,61,61,48,41,41,41,45,63,53,55,39,39,40,40,40,40,40,40,40,22,18,18,18,32,50,53,53,53,54,54,54,35,35,35,35,36,36,37,40,40,21,50,50,50,63,0,0],"gold":91,"neow_bonus":"THREE_ENEMY_KILL","is_daily":false,"chose_seed":false,"campfire_upgraded":8,"win_rate":0.0,"timestamp":1612165949,"path_taken":["M","?","$","M","?","E","M","?","T","R","$","E","M","?","R","BOSS","M","M","M","$","M","R","?","R","T","E","R","E","M","?","R","BOSS","M","$","?","M","?","?","E","$","T","R","E","?","M","E","R","BOSS","R","$","E","BOSS"],"items_purchased_type":["Card","Card","Card","Relic","Relic","Relic","Relic","Card","Card","Card","Potion"],"build_version":"2020-12-22","purchased_purges":2,"victory":false,"max_hp_per_floor":[66,60,60,60,65,65,65,65,65,65,65,67,69,69,69,69,69,71,73,73,73,73,73,73,73,73,73,73,75,77,77,77,79,53,55,55,55,55,55,55,57,57,57,57,57,57,57,59,59,59,59,59,59,71,71,71],"card_choices":[{"not_picked":["Backstab","Dodge and Roll"],"picked":"Terror","floor":1.0},{"not_picked":["Flying Knee","Blade Dance"],"picked":"Bomb","floor":4.0},{"not_picked":["Finisher","Bane"],"picked":"Phantasmal Killer","floor":6.0},{"not_picked":["Catalyst","Bomb"],"picked":"Backflip","floor":7.0},{"not_picked":["Flying Knee","Reflex","Dagger Spray"],"picked":"Singing Bowl","floor":12.0},{"not_picked":["Reflex","Flying Knee","Dodge and Roll"],"picked":"Singing Bowl","floor":13.0},{"not_picked":["Grand Finale","Venomology"],"picked":"Adrenaline","floor":16.0},{"not_picked":["Deadly Poison+1","Bane","Underhanded Strike"],"picked":"Singing Bowl","floor":18.0},{"not_picked":["Leg Sweep+1","Bane+1","All Out Attack"],"picked":"Singing Bowl","floor":19.0},{"not_picked":["Concentrate","Slice"],"picked":"Escape Plan","floor":20.0},{"not_picked":["All Out Attack","Doppelganger"],"picked":"Blade Dance","floor":22.0},{"not_picked":["Catalyst","Caltrops"],"picked":"Noxious Fumes+1","floor":27},{"not_picked":["Leg Sweep+1","Underhanded Strike+1","Dagger Throw"],"picked":"Singing Bowl","floor":29},{"not_picked":["Dagger Spray","Poisoned Stab","Endless Agony"],"picked":"Singing Bowl","floor":30},{"not_picked":["Phantasmal Killer","Venomology","Storm of Steel"],"picked":"Singing Bowl","floor":33},{"not_picked":["Dagger Throw+1","Sucker Punch","Flying Knee+1"],"picked":"Singing Bowl","floor":35},{"not_picked":["Riddle With Holes","All Out Attack"],"picked":"Tactician","floor":38},{"not_picked":["Battery","Good Instincts"],"picked":"Flash of Steel","floor":40},{"not_picked":["Dagger Spray","Outmaneuver","Wraith Form v2"],"picked":"Singing Bowl","floor":41},{"not_picked":["Skewer","Deflect"],"picked":"Blade Dance","floor":45},{"not_picked":["Escape Plan","Bouncing Flask"],"picked":"Calculated Gamble","floor":47},{"not_picked":["Slice","Predator","Acrobatics"],"picked":"Singing Bowl","floor":48},{"not_picked":["Eviscerate","Outmaneuver","PiercingWail"],"picked":"Singing Bowl","floor":54}],"player_experience":1314281,"relics_obtained":[{"floor":6.0,"key":"Bag of Preparation"},{"floor":9.0,"key":"Meat on the Bone"},{"floor":12.0,"key":"Singing Bowl"},{"floor":26,"key":"War Paint"},{"floor":27,"key":"D6"},{"floor":29,"key":"White Beast Statue"},{"floor":35,"key":"reliquary:Aerogel"},{"floor":37,"key":"HornCleat"},{"floor":38,"key":"DeathBook"},{"floor":41,"key":"reliquary:TuningFork"},{"floor":41,"key":"Oddly Smooth Stone"},{"floor":45,"key":"reliquary:Knoch"},{"floor":45,"key":"Pocketwatch"},{"floor":46,"key":"BelialBook"},{"floor":47,"key":"Omamori"},{"floor":48,"key":"Regal Pillow"},{"floor":48,"key":"Mummified Hand"},{"floor":54,"key":"TheBible"},{"floor":54,"key":"Pear"}],"event_choices":[{"damage_healed":0.0,"max_hp_gain":0.0,"max_hp_loss":6.0,"gold_gain":0.0,"event_name":"Golden Idol","player_choice":"Lose Max HP","floor":2.0,"gold_loss":0.0,"damage_taken":0.0,"relics_obtained":["Golden Idol"]},{"damage_healed":0.0,"max_hp_gain":5.0,"max_hp_loss":0.0,"gold_gain":0.0,"event_name":"Big Fish","player_choice":"Donut","floor":5.0,"gold_loss":0.0,"damage_taken":0.0},{"damage_healed":0.0,"max_hp_gain":0.0,"max_hp_loss":0.0,"gold_gain":0.0,"event_name":"Match and Keep!","player_choice":"1 cards matched","floor":8.0,"gold_loss":0.0,"damage_taken":0.0,"cards_obtained":["Doppelganger"]},{"damage_healed":0.0,"max_hp_gain":0.0,"max_hp_loss":0.0,"gold_gain":0.0,"event_name":"Liars Game","player_choice":"Ignored","floor":14.0,"gold_loss":0.0,"damage_taken":0.0},{"damage_healed":0,"gold_gain":0,"player_choice":"Upgraded","damage_taken":0,"max_hp_gain":0,"max_hp_loss":0,"event_name":"Upgrade Shrine","floor":24,"gold_loss":0,"cards_upgraded":["Adrenaline"]},{"damage_healed":0,"gold_gain":0,"player_choice":"Ignored","damage_taken":0,"max_hp_gain":0,"max_hp_loss":0,"event_name":"Cursed Tome","floor":31,"gold_loss":0},{"damage_healed":0,"gold_gain":0,"player_choice":"Upgraded","damage_taken":0,"max_hp_gain":0,"max_hp_loss":0,"event_name":"Upgrade Shrine","floor":39,"gold_loss":0,"cards_upgraded":["Tactician"]},{"damage_healed":0,"gold_gain":0,"player_choice":"Memory 1","damage_taken":0,"max_hp_gain":0,"max_hp_loss":0,"event_name":"SensoryStone","floor":40,"gold_loss":0}],"is_beta":false,"boss_relics":[{"not_picked":["SlaversCollar","Snecko Eye"],"picked":"Coffee Dripper"},{"not_picked":[]},{"not_picked":["HoveringKite","Astrolabe"],"picked":"MagicMushroom"},{"not_picked":[]}],"items_purged_floors":[11,21],"is_endless":false,"potions_floor_spawned":[4,6,7,18,20,22,30,33,35,38,41,45,47,48,54],"killed_by":"Delirium","ascension_level":19}}