{"host":"c59jaj2b7ki1imdm","time":1612139243,"event":{"mods":["AchievementEnabler","BaseMod","Hermit","Hubris","Minty Spire (QoL Compilation)","StSLib","The Construct","The Hierophant"],"gold_per_floor":[115,130,130,130,24,58,58,71,95,95,110,64,74,249,249,351,351,365,18,35,35,35,35,64,64,113,113,132,148,148,148],"floor_reached":30,"language":"ENG","playtime":2075,"items_purged":[],"score":273,"play_id":"d78dbf55-c881-426b-acab-a504929bdf6c","local_time":"20210201012723","is_ascension_mode":false,"campfire_choices":[{"floor":7,"key":"REST"},{"floor":15,"key":"REST"},{"floor":23,"key":"REST"},{"floor":27,"key":"REST"}],"circlet_count":0,"master_deck":["Strike_B","Defend_B","Defend_B","Zap","Dualcast","Coolheaded","Conserve Battery","Cold Snap","Tempest","Chaos","Capacitor","Coolheaded","Capacitor","Capacitor","Chaos","Barrage","Buffer","Doubt","Cold Snap","Echo Form","Capacitor+1","Leap+1","Fusion+1","Lockon","Blizzard","Lockon","Beam Cell+1","Compile Driver","Consume","Storm","BootSequence","Barrage"],"relics":["Cracked Core","Boot","hubris:BallOfYels","Dream Catcher","Astrolabe","Shuriken","Blood Vial","Ornamental Fan","Vajra"],"acts_visited":["Exordium","TheCity"],"potions_floor_usage":[11,13,16,20,24],"damage_taken":[{"damage":0,"enemies":"Small Slimes","floor":1,"turns":3},{"damage":0,"enemies":"2 Louse","floor":2,"turns":2},{"damage":5,"enemies":"Lagavulin","floor":6,"turns":7},{"damage":3,"enemies":"Jaw Worm","floor":8,"turns":4},{"damage":8,"enemies":"2 Fungi Beasts","floor":11,"turns":3},{"damage":16,"enemies":"Exordium Wildlife","floor":13,"turns":4},{"damage":32,"enemies":"Hexaghost","floor":16,"turns":9},{"damage":14,"enemies":"Spheric Guardian","floor":18,"turns":5},{"damage":10,"enemies":"Chosen","floor":20,"turns":5},{"damage":25,"enemies":"Book of Stabbing","floor":24,"turns":7},{"damage":21,"enemies":"Snake Plant","floor":28,"turns":4},{"damage":23,"enemies":"Centurion and Healer","floor":29,"turns":8},{"damage":31,"enemies":"Cultist and Chosen","floor":30,"turns":4}],"seed_played":"-2875962654667732291","potions_obtained":[{"floor":8,"key":"Fruit Juice"},{"floor":13,"key":"EntropicBrew"},{"floor":20,"key":"DistilledChaos"},{"floor":28,"key":"Ancient Potion"}],"is_trial":false,"path_per_floor":["M","M","?","?","$","E","R","M","T","?","M","$","M","?","R","B",null,"M","$","M","?","?","R","E","?","T","R","M","M","M"],"character_chosen":"DEFECT","items_purchased":["Capacitor","Coolheaded","Barrage","Shuriken","Blizzard","Lockon"],"campfire_rested":4,"item_purchase_floors":[5,5,12,19,19,19],"current_hp_per_floor":[54,54,54,54,54,49,71,68,68,61,58,58,42,42,66,34,80,66,66,56,56,41,66,41,41,41,66,47,26,0,0],"gold":148,"neow_bonus":"TRANSFORM_TWO_CARDS","is_daily":false,"chose_seed":false,"campfire_upgraded":0,"win_rate":0.0,"timestamp":1612139243,"path_taken":["M","M","?","?","$","E","R","M","T","?","M","?","M","?","R","BOSS","M","$","M","?","?","R","E","?","T","R","M","M","?"],"items_purchased_type":["Card","Card","Card","Relic","Card","Card"],"build_version":"2020-12-22","purchased_purges":0,"victory":false,"max_hp_per_floor":[75,75,75,75,75,75,75,75,75,75,80,80,80,80,80,80,80,80,80,80,80,85,85,85,85,85,85,85,85,85,85],"card_choices":[{"not_picked":["Gash","Coolheaded"],"picked":"Cold Snap","floor":1},{"not_picked":["Beam Cell","Force Field"],"picked":"Tempest","floor":2},{"not_picked":["Go for the Eyes","Gash"],"picked":"Capacitor","floor":6},{"not_picked":["Steam","Go for the Eyes"],"picked":"Capacitor","floor":8},{"not_picked":["hubris:PowerSurge","Reinforced Body"],"picked":"Chaos","floor":11},{"not_picked":["Ball Lightning","Hologram"],"picked":"Buffer","floor":13},{"not_picked":["Coolheaded","Redo"],"picked":"Cold Snap","floor":15},{"not_picked":["Multi-Cast","All For One"],"picked":"Echo Form","floor":16},{"not_picked":["Beam Cell","Coolheaded"],"picked":"Lockon","floor":18},{"not_picked":["Barrage","Steam"],"picked":"Beam Cell+1","floor":20},{"not_picked":["Scrape","Rebound+1"],"picked":"Compile Driver","floor":23},{"not_picked":["Hello World+1","hubris:Prefetch"],"picked":"Consume","floor":24},{"not_picked":["Beam Cell+1","Ball Lightning"],"picked":"Storm","floor":27},{"not_picked":["Chill","Barrage"],"picked":"BootSequence","floor":28},{"not_picked":["Steam Power","Cold Snap"],"picked":"Barrage","floor":29}],"player_experience":155487,"relics_obtained":[{"floor":6,"key":"Boot"},{"floor":9,"key":"hubris:BallOfYels"},{"floor":24,"key":"Blood Vial"},{"floor":26,"key":"Vajra"}],"event_choices":[{"damage_healed":0,"gold_gain":0,"player_choice":"Ignored","damage_taken":0,"max_hp_gain":0,"max_hp_loss":0,"event_name":"Golden Wing","floor":4,"gold_loss":0},{"damage_healed":0,"gold_gain":0,"player_choice":"Success","damage_taken":7,"relics_obtained":["Dream Catcher"],"max_hp_gain":0,"max_hp_loss":0,"event_name":"Scrap Ooze","floor":10,"gold_loss":0},{"damage_healed":0,"gold_gain":175,"player_choice":"AGREE","damage_taken":0,"max_hp_gain":0,"max_hp_loss":0,"event_name":"Liars Game","floor":14,"gold_loss":0,"cards_obtained":["Doubt"]},{"damage_healed":0,"gold_gain":0,"player_choice":"Shed Blood","damage_taken":20,"max_hp_gain":5,"max_hp_loss":0,"event_name":"Forgotten Altar","floor":22,"gold_loss":0},{"damage_healed":0,"gold_gain":0,"player_choice":"Gave Potion","damage_taken":0,"relics_obtained":["Ornamental Fan"],"max_hp_gain":0,"max_hp_loss":0,"event_name":"WeMeetAgain","floor":25,"gold_loss":0}],"is_beta":false,"boss_relics":[{"not_picked":["Runic Pyramid","Busted Crown"],"picked":"Astrolabe"}],"items_purged_floors":[],"is_endless":false,"potions_floor_spawned":[8,13,20,28],"killed_by":"Cultist and Chosen","ascension_level":0}}