{"host":"jv6ql3rcplqr94ru","time":1612142997,"event":{"mods":["AchievementEnabler","Act Like it!","BaseMod","Colored Map","Downfall","Hermit","Lobotomy","Minty Spire (QoL Compilation)","Rare Cards Sparkle","Robot Space Explorer","StSLib","The Poker Player","everything is the same but u backflip on backflip","slay the spire mod where everything is the same but ironclad has a cowboy hat"],"gold_per_floor":[0,17,17,17,28,41,41,72,72,57,69,54,64,90,100,196,196,196,215,49,49,49,49,75,75,226,326,326,36,50,50,66,167,167,167,184,184,184,204,204,229,283,283,303,303,303,303,314,325,325,325,325],"floor_reached":50,"language":"ENG","playtime":3116,"items_purged":[],"score":585,"play_id":"c7f16ebc-da51-4e34-88ef-d8a5f5b8612a","local_time":"20210201022957","is_ascension_mode":true,"campfire_choices":[{"data":"Slimebound:Split","floor":1.0,"key":"SMITH"},{"data":"1","floor":9.0,"key":"LIFT"},{"data":"Slimebound:SlimeBarrage","floor":18.0,"key":"SMITH"},{"data":"Slimebound:SlimeSlap","floor":23.0,"key":"SMITH"},{"floor":25.0,"key":"REST"},{"data":"Slimebound:Repurpose","floor":35.0,"key":"SMITH"},{"floor":40,"key":"REST"},{"floor":43,"key":"REST"},{"data":"2","floor":45,"key":"LIFT"},{"data":"expansioncontent:StudyTheSpire","floor":46,"key":"SMITH"},{"data":"3","floor":47,"key":"LIFT"}],"circlet_count":0,"master_deck":["Slimebound:Strike_Slimebound","Slimebound:Strike_Slimebound","Slimebound:Strike_Slimebound","Slimebound:Tackle","Slimebound:Defend_Slimebound","Slimebound:Defend_Slimebound","Slimebound:Split+1","Slimebound:CorrosiveSpit+1","Slimebound:SlimeBarrage+1","Slimebound:Schlurp","Slimebound:LeechEnergy","Slimebound:SlimeSlap+1","Slimebound:SplitLeeching","Slimebound:Teamwork","Slimebound:SpikyOuterGoop+1","Slimebound:Repurpose+1","expansioncontent:StudyTheSpire+1","Slimebound:GrowthPunch+1","Slimebound:Prepare+1","Slimebound:SamplingLick+1"],"relics":["Slimebound:AbsorbEndCombatUpgraded","Slimebound:MaxSlimesRelic","Girya","Juzu Bracelet","SacredBark","Chemical X","Enchiridion","Regal Pillow","WingedGreaves","Omamori","Torii"],"acts_visited":["Exordium","TheCity","TheBeyond"],"potions_floor_usage":[42,50,50,50],"damage_taken":[{"damage":7.0,"enemies":"Small Slimes","floor":2.0,"turns":4.0},{"damage":0.0,"enemies":"Cultist","floor":5.0,"turns":3.0},{"damage":9.0,"enemies":"Jaw Worm","floor":6.0,"turns":3.0},{"damage":2.0,"enemies":"Gremlin Nob","floor":8.0,"turns":3.0},{"damage":5.0,"enemies":"downfall:FleeingMerchant","floor":10.0,"turns":4.0},{"damage":0.0,"enemies":"3 Louse","floor":11.0,"turns":3.0},{"damage":1.0,"enemies":"downfall:FleeingMerchant","floor":12.0,"turns":4.0},{"damage":5.0,"enemies":"Exordium Thugs","floor":13.0,"turns":3.0},{"damage":8.0,"enemies":"Lagavulin","floor":14.0,"turns":4.0},{"damage":0.0,"enemies":"Large Slime","floor":15.0,"turns":4.0},{"damage":60.0,"enemies":"WA_ARCHETYPE_RETAIN","floor":16.0,"turns":8.0},{"damage":15.0,"enemies":"Chosen","floor":19.0,"turns":5.0},{"damage":7.0,"enemies":"downfall:FleeingMerchant","floor":20.0,"turns":4.0},{"damage":12.0,"enemies":"downfall:FleeingMerchant","floor":26.0,"turns":4.0},{"damage":6.0,"enemies":"Shell Parasite","floor":30.0,"turns":4.0},{"damage":17.0,"enemies":"Centurion and Healer","floor":32.0,"turns":7.0},{"damage":64.0,"enemies":"DF_ARCHETYPE_CLAW","floor":33.0,"turns":7.0},{"damage":23.0,"enemies":"3 Shapes","floor":36.0,"turns":4.0},{"damage":28.0,"enemies":"3 Shapes","floor":37.0,"turns":4.0},{"damage":6,"enemies":"Orb Walker","floor":39,"turns":4},{"damage":61,"enemies":"2 Orb Walkers","floor":42,"turns":6},{"damage":9,"enemies":"Sphere and 2 Shapes","floor":44,"turns":4},{"damage":10,"enemies":"3 Darklings","floor":48,"turns":5},{"damage":35,"enemies":"Transient","floor":49,"turns":5},{"damage":48,"enemies":"SI_POISON_ARCHETYPE","floor":50,"turns":3}],"seed_played":"4891390256418735039","potions_obtained":[{"floor":2.0,"key":"Fire Potion"},{"floor":5.0,"key":"CultistPotion"},{"floor":8.0,"key":"champ:CounterPotion"},{"floor":11.0,"key":"Regen Potion"},{"floor":14.0,"key":"Dexterity Potion"},{"floor":30.0,"key":"Slimebound:SlimedPotion"},{"floor":33.0,"key":"EntropicBrew"},{"floor":42,"key":"Slimebound:SpawnSlimePotion"}],"is_trial":false,"path_per_floor":["R","M","?","?","M","M","T","E","R","$","M","$","M","E","M","B",null,"R","M","$","?","?","R","T","R","$","?","?","$","M","$","M","B",null,"R","M","?","$","M","R","T","?","R","M","R","R","R","M","M","B"],"character_chosen":"SLIMEBOUND","items_purchased":["Chemical X","expansioncontent:StudyTheSpire","WingedGreaves"],"campfire_rested":3,"item_purchase_floors":[20,26,29],"current_hp_per_floor":[65,62,67,67,70,67,67,70,70,69,70,70,69,66,70,17,57,57,50,51,35,22,22,22,59,55,55,55,55,51,51,75,17,61,61,41,22,22,25,62,62,28,65,56,56,56,56,58,35,0,0,0],"gold":325,"neow_bonus":"REMOVE_TWO","is_daily":false,"chose_seed":false,"campfire_upgraded":5,"win_rate":0.0,"timestamp":1612142997,"path_taken":["R","M","?","?","M","M","T","E","R","$","?","$","M","E","M","BOSS","R","M","$","?","?","R","T","R","$","?","?","?","M","$","M","BOSS","R","M","?","$","M","R","T","?","R","M","R","R","R","M","M","BOSS"],"items_purchased_type":["Relic","Card","Relic"],"build_version":"2020-12-22","purchased_purges":0,"victory":false,"max_hp_per_floor":[65,65,70,70,70,70,70,70,70,70,70,70,70,70,70,70,70,70,70,70,70,75,75,75,75,75,75,75,75,75,75,75,75,75,75,75,75,75,75,75,75,75,75,75,75,75,75,75,75,75,75,75],"card_choices":[{"not_picked":["Slimebound:LeechingTouch","Slimebound:Recollect","Slimebound:GoopTackle"],"picked":"SKIP","floor":2.0},{"not_picked":["Slimebound:SamplingLick","Slimebound:ItLooksTasty"],"picked":"Slimebound:SlimeBarrage","floor":5.0},{"not_picked":["Slimebound:SpikyOuterGoop","Slimebound:SlimeBrawl"],"picked":"Slimebound:Schlurp","floor":6.0},{"not_picked":["Slimebound:RollThrough","Slimebound:SlimeBarrage"],"picked":"Slimebound:LeechEnergy","floor":8.0},{"not_picked":["Slimebound:SplitMire","Slimebound:SlimeTap"],"picked":"Slimebound:SlimeSlap","floor":10.0},{"not_picked":["Slimebound:RollThrough","Slimebound:SplitBruiser"],"picked":"Slimebound:SplitLeeching","floor":11.0},{"not_picked":["Slimebound:Chomp","Slimebound:SplitMire","Slimebound:Recycling"],"picked":"SKIP","floor":12.0},{"not_picked":["Slimebound:SplitBruiser","Slimebound:SplitAcid","Slimebound:FinishingTackle"],"picked":"SKIP","floor":13.0},{"not_picked":["Slimebound:SplitLeeching","Slimebound:DisruptingSlam","Slimebound:TongueLash"],"picked":"SKIP","floor":14.0},{"not_picked":["Slimebound:RollThrough","Slimebound:SplitMire","Slimebound:HungryTackle"],"picked":"SKIP","floor":15.0},{"not_picked":["Slimebound:SlimeSlap","Slimebound:MinionMaster"],"picked":"Slimebound:Teamwork","floor":16.0},{"not_picked":["Slimebound:SplitLeeching","Slimebound:ForwardTackle","Slimebound:Schlurp"],"picked":"SKIP","floor":19.0},{"not_picked":["Slimebound:LivingWall","Slimebound:BestDefense"],"picked":"Slimebound:SpikyOuterGoop+1","floor":20.0},{"not_picked":["Slimebound:FirmFortitude","Slimebound:Prepare+1"],"picked":"Slimebound:Repurpose","floor":26.0},{"not_picked":["Slimebound:LeadByExample","Slimebound:LivingWall+1","Slimebound:RollThrough"],"picked":"SKIP","floor":30.0},{"not_picked":["Slimebound:ServeAndProtect","Slimebound:PressTheAttack"],"picked":"Slimebound:GrowthPunch+1","floor":32.0},{"not_picked":["Slimebound:SplitMire","Slimebound:LeechEnergy","Slimebound:ComboTackle"],"picked":"SKIP","floor":36.0},{"not_picked":["Slimebound:Schlurp+1","Slimebound:PressTheAttack","Slimebound:SplitBruiser+1"],"picked":"SKIP","floor":39},{"not_picked":["Slimebound:GoopTackle+1","Slimebound:SplitLeeching+1"],"picked":"Slimebound:Prepare+1","floor":44},{"not_picked":["Slimebound:ViciousTackle","Slimebound:LeadByExample"],"picked":"Slimebound:SamplingLick+1","floor":48},{"not_picked":["Slimebound:SlimeBarrage","Slimebound:HungryTackle+1","Slimebound:LivingWall"],"picked":"SKIP","floor":49}],"player_experience":359420,"relics_obtained":[{"floor":7.0,"key":"Slimebound:MaxSlimesRelic"},{"floor":8.0,"key":"Girya"},{"floor":14.0,"key":"Juzu Bracelet"},{"floor":21.0,"key":"Enchiridion"},{"floor":24.0,"key":"Regal Pillow"},{"floor":41,"key":"Omamori"},{"floor":42,"key":"Torii"}],"event_choices":[{"damage_healed":0.0,"max_hp_gain":5.0,"max_hp_loss":0.0,"gold_gain":0.0,"event_name":"Big Fish","player_choice":"Donut","floor":3.0,"gold_loss":0.0,"damage_taken":0.0},{"damage_healed":0,"gold_gain":0,"player_choice":"Fight","damage_taken":0,"max_hp_gain":0,"max_hp_loss":0,"event_name":"Mysterious Sphere","floor":42,"gold_loss":0}],"is_beta":false,"boss_relics":[{"not_picked":["Cursed Key","Busted Crown"],"picked":"SacredBark"},{"not_picked":["Philosopher\u0027s Stone","Snecko Eye"],"picked":"Slimebound:AbsorbEndCombatUpgraded"}],"items_purged_floors":[],"is_endless":false,"potions_floor_spawned":[2,5,8,11,14,19,30,33,36,37,42],"killed_by":"SI_POISON_ARCHETYPE","ascension_level":5}}