{"host":"qgvpd00zvzorrg7j","time":1612147883,"event":{"mods":["BaseMod","Colored Map","Downfall","Minty Spire (QoL Compilation)","Quick Restart","StSLib"],"gold_per_floor":[99,99,99,24,24,24,76,26,26,11,25,25,40,70,90,187,187,137,150,167,167,77,91,91,41,41,41,51,68,82,82,95,194,194,144,156,156,174,188,138,206,206,64,75,25,25,25,35,50,50,50,50],"floor_reached":50,"language":"ENG","playtime":2420,"items_purged":["Slimebound:Strike_Slimebound","Slimebound:Defend_Slimebound"],"score":467,"play_id":"0b949639-ff3e-4a4f-850e-165cc8755e45","local_time":"20210131215123","is_ascension_mode":false,"campfire_choices":[{"data":"Slimebound:CorrosiveSpit","floor":1.0,"key":"SMITH"},{"data":"Slimebound:RejuvenatingLick","floor":8.0,"key":"SMITH"},{"data":"Slimebound:AcidTongue","floor":12.0,"key":"SMITH"},{"data":"Slimebound:Strike_Slimebound","floor":18.0,"key":"PURGE"},{"data":"Slimebound:GoopSpray","floor":25.0,"key":"SMITH"},{"data":"Slimebound:Tackle","floor":27.0,"key":"PURGE"},{"data":"Slimebound:TongueLash","floor":35.0,"key":"SMITH"},{"floor":40.0,"key":"RECALL"},{"data":"Slimebound:ComboTackle","floor":45.0,"key":"SMITH"},{"data":"Slimebound:SamplingLick","floor":47.0,"key":"SMITH"}],"circlet_count":0,"master_deck":["Slimebound:Defend_Slimebound","Slimebound:Defend_Slimebound","Slimebound:CorrosiveSpit+1","Slimebound:RejuvenatingLick+1","Slimebound:SamplingLick+1","Slimebound:AcidTongue+1","Slimebound:GoopSpray+1","Slimebound:SamplingLick","Slimebound:TongueLash+1","Slimebound:OozeBath","Slimebound:GrowthPunch","CurseOfTheBell","Slimebound:ItLooksTasty+1","Slimebound:Grow+1","Slimebound:ComboTackle+1","Slimebound:Gluttony","Slimebound:Schlurp","Slimebound:SamplingLick+1","Slimebound:SamplingLick","expansioncontent:AwakenDeath","Slimebound:LeechLife","Slimebound:SpikyOuterGoop","Slimebound:Schlurp+1"],"relics":["Slimebound:AbsorbEndCombatUpgraded","downfall:HeartsMalice","Slimebound:GreedOozeRelic","Boot","Ancient Tea Set","Calling Bell","Letter Opener","Peace Pipe","downfall:RedIOU","Pear","Smiling Mask"],"acts_visited":["Exordium","TheCity","TheBeyond"],"potions_floor_usage":[50],"damage_taken":[{"damage":0.0,"enemies":"Small Slimes","floor":2.0,"turns":1.0},{"damage":0.0,"enemies":"2 Louse","floor":3.0,"turns":1.0},{"damage":0.0,"enemies":"Cultist","floor":9.0,"turns":1.0},{"damage":10.0,"enemies":"downfall:FleeingMerchant","floor":10.0,"turns":4.0},{"damage":24.0,"enemies":"Lots of Slimes","floor":11.0,"turns":3.0},{"damage":0.0,"enemies":"Exordium Wildlife","floor":13.0,"turns":3.0},{"damage":17.0,"enemies":"3 Sentries","floor":14.0,"turns":6.0},{"damage":11.0,"enemies":"Exordium Thugs","floor":15.0,"turns":3.0},{"damage":36.0,"enemies":"SI_SHIV_ARCHETYPE","floor":16.0,"turns":7.0},{"damage":3.0,"enemies":"Spheric Guardian","floor":19.0,"turns":3.0},{"damage":18.0,"enemies":"Centurion and Healer","floor":20.0,"turns":4.0},{"damage":0.0,"enemies":"downfall:FleeingMerchant","floor":22.0,"turns":4.0},{"damage":31.0,"enemies":"Sentry and Sphere","floor":23.0,"turns":5.0},{"damage":11.0,"enemies":"Cultist and Chosen","floor":28.0,"turns":5.0},{"damage":19.0,"enemies":"Snake Plant","floor":29.0,"turns":3.0},{"damage":0.0,"enemies":"3 Cultists","floor":30.0,"turns":4.0},{"damage":10.0,"enemies":"Cultist and Chosen","floor":32.0,"turns":5.0},{"damage":25.0,"enemies":"IC_MUSHROOM_ARCHETYPE","floor":33.0,"turns":5.0},{"damage":15.0,"enemies":"3 Darklings","floor":36.0,"turns":6.0},{"damage":23.0,"enemies":"3 Shapes","floor":38.0,"turns":4.0},{"damage":23.0,"enemies":"Transient","floor":39.0,"turns":5.0},{"damage":0.0,"enemies":"downfall:FleeingMerchant","floor":43.0,"turns":4.0},{"damage":26.0,"enemies":"Spire Growth","floor":44.0,"turns":4.0},{"damage":25.0,"enemies":"Spire Growth","floor":46.0,"turns":7.0},{"damage":1.0,"enemies":"Sphere and 2 Shapes","floor":48.0,"turns":4.0},{"damage":0.0,"enemies":"4 Shapes","floor":49.0,"turns":3.0},{"damage":152,"enemies":"WA_ARCHETYPE_DIVINITY","floor":50,"turns":5}],"seed_played":"5464909017350549604","potions_obtained":[{"floor":11.0,"key":"Block Potion"},{"floor":13.0,"key":"SkillPotion"},{"floor":14.0,"key":"Explosive Potion"},{"floor":23.0,"key":"BlessingOfTheForge"},{"floor":32.0,"key":"Slimebound:ThreeZeroPotion"},{"floor":38.0,"key":"ColorlessPotion"},{"floor":46.0,"key":"GamblersBrew"},{"floor":49.0,"key":"sneckomod:MuddlingPotion"}],"is_trial":false,"path_per_floor":["R","M","M","?","?","?","T","R","M","$","M","R","M","E","M","B",null,"R","M","M","?","$","M","T","R","T","R","M","M","M","?","M","B",null,"R","M","?","M","M","R","T","?","$","M","R","?","R","M","M","B"],"character_chosen":"SLIMEBOUND","items_purchased":["Slimebound:SpikyOuterGoop"],"campfire_rested":0,"item_purchase_floors":[43],"current_hp_per_floor":[65,65,65,65,65,65,65,65,65,59,43,43,47,38,33,5,65,65,62,53,53,61,38,48,48,48,48,45,30,38,38,36,19,75,75,69,69,52,44,44,44,44,56,56,56,61,61,72,75,0,0,0],"gold":50,"neow_bonus":"THREE_ENEMY_KILL","is_daily":false,"chose_seed":false,"campfire_upgraded":7,"win_rate":0.0,"timestamp":1612147883,"path_taken":["R","M","M","?","?","?","T","R","?","$","M","R","?","E","M","BOSS","R","M","M","?","$","M","T","R","?","R","M","?","M","?","M","BOSS","R","M","?","M","M","R","T","?","$","M","R","?","R","M","M","BOSS"],"items_purchased_type":["Card"],"build_version":"2020-12-22","purchased_purges":2,"victory":false,"max_hp_per_floor":[65,65,65,65,65,65,65,65,65,65,65,65,65,65,65,65,65,65,65,65,65,65,65,75,75,75,75,75,75,75,75,75,75,75,75,75,75,75,75,75,75,75,75,75,75,75,75,75,75,75,75,75],"card_choices":[{"not_picked":["Slimebound:PressTheAttack","Slimebound:SplitAcid"],"picked":"Slimebound:RejuvenatingLick","floor":2.0},{"not_picked":["Slimebound:SplitBruiser","Slimebound:ItLooksTasty"],"picked":"Slimebound:SamplingLick","floor":3.0},{"not_picked":["Slimebound:Repurpose","Slimebound:FinishingTackle"],"picked":"Slimebound:AcidTongue","floor":9.0},{"not_picked":["Slimebound:SplitBruiser","Slimebound:LeadByExample"],"picked":"Slimebound:GoopSpray","floor":10.0},{"not_picked":["Slimebound:FlameTackle","Slimebound:HauntingLick"],"picked":"Slimebound:SamplingLick","floor":11.0},{"not_picked":["Slimebound:RollThrough","Slimebound:HauntingLick"],"picked":"Slimebound:TongueLash","floor":13.0},{"not_picked":["Slimebound:RejuvenatingLick","Slimebound:SplitLeeching"],"picked":"Slimebound:OozeBath","floor":14.0},{"not_picked":["Slimebound:SplitAcid","Slimebound:LivingWall"],"picked":"Slimebound:GrowthPunch","floor":15.0},{"not_picked":["Slimebound:ComboTackle","Slimebound:SplitMire"],"picked":"Slimebound:ItLooksTasty+1","floor":19.0},{"not_picked":["Slimebound:FlameTackle+1","Slimebound:PressTheAttack"],"picked":"Slimebound:Grow+1","floor":20.0},{"not_picked":["Slimebound:Prepare","Slimebound:Chomp"],"picked":"Slimebound:ComboTackle","floor":22.0},{"not_picked":["Slimebound:SplitLeeching","Slimebound:RollThrough"],"picked":"Slimebound:Gluttony","floor":23.0},{"not_picked":["Slimebound:ProtectTheBoss","Slimebound:ComboTackle","Slimebound:SlimeBarrage"],"picked":"SKIP","floor":28.0},{"not_picked":["Slimebound:Equalize","Slimebound:SplitLeeching+1"],"picked":"Slimebound:Schlurp","floor":29.0},{"not_picked":["Slimebound:SlimeBarrage","Slimebound:SlimeSpikes","Slimebound:SplitLeeching"],"picked":"SKIP","floor":30.0},{"not_picked":["Slimebound:SplitMire","Slimebound:ItLooksTasty"],"picked":"Slimebound:SamplingLick+1","floor":32.0},{"not_picked":["Slimebound:FormOfPuddle+1","Slimebound:RollThrough+1","Slimebound:SplitMire+1"],"picked":"SKIP","floor":36.0},{"not_picked":["Slimebound:RainOfGoop","Slimebound:GrowthPunch+1"],"picked":"Slimebound:SamplingLick","floor":38.0},{"not_picked":["Slimebound:LeadByExample","Slimebound:Chomp","Slimebound:SplitMire"],"picked":"SKIP","floor":39.0},{"not_picked":["expansioncontent:LastStand","expansioncontent:Chronoboost"],"picked":"expansioncontent:AwakenDeath","floor":42.0},{"not_picked":["Slimebound:GoopTackle","Slimebound:Prepare"],"picked":"Slimebound:LeechLife","floor":43.0},{"not_picked":["Slimebound:ViciousTackle+1","Slimebound:RainOfGoop","Slimebound:LivingWall"],"picked":"SKIP","floor":44.0},{"not_picked":["Slimebound:RainOfGoop","Slimebound:Dissolve+1"],"picked":"Slimebound:Schlurp+1","floor":48.0},{"not_picked":["Slimebound:ComboTackle+1","Slimebound:SplitAcid+1","Slimebound:ForwardTackle+1"],"picked":"SKIP","floor":49.0}],"player_experience":590890,"relics_obtained":[{"floor":7.0,"key":"Boot"},{"floor":14.0,"key":"Ancient Tea Set"},{"floor":17.0,"key":"Toy Ornithopter"},{"floor":17.0,"key":"Letter Opener"},{"floor":17.0,"key":"Peace Pipe"},{"floor":24.0,"key":"Pear"},{"floor":26.0,"key":"Smiling Mask"}],"event_choices":[{"cards_removed":["Slimebound:Split"],"damage_healed":0.0,"max_hp_gain":0.0,"max_hp_loss":0.0,"gold_gain":0.0,"event_name":"Falling","player_choice":"Removed Skill","floor":37.0,"gold_loss":0.0,"damage_taken":0.0}],"is_beta":false,"boss_relics":[{"not_picked":["Fusion Hammer","Philosopher\u0027s Stone"],"picked":"Calling Bell"},{"not_picked":["SlaversCollar","Snecko Eye"],"picked":"Slimebound:AbsorbEndCombatUpgraded"}],"items_purged_floors":[22,43],"is_endless":false,"potions_floor_spawned":[11,13,14,15,19,23,32,38,46,49],"killed_by":"WA_ARCHETYPE_DIVINITY","ascension_level":0}}