{"host":"3a1ypf1irl30q4k8","time":1612201848,"event":{"mods":["AchievementEnabler","BaseMod","Bestiary","Colored Map","Minty Spire (QoL Compilation)","Relic Stats"],"gold_per_floor":[114,13,24,24,24,24,43,43,66,66,110,134,12,27,27,150,150,171,185,13,13,28,28,59,59,82,98,98,141,141,24,24,150,150,166,0,0,13,376,376,411,411,435,461,514,550,562,614,626,638,650,662,39,79,79],"floor_reached":56,"language":"ENG","playtime":3358,"items_purged":["Normality","Corruption","Strike_R"],"score":1515,"play_id":"2125ac58-5fed-41b2-9491-78aca8a85cd3","local_time":"20210201175048","is_ascension_mode":true,"campfire_choices":[{"data":"Bash","floor":6.0,"key":"SMITH"},{"data":"Shrug It Off","floor":8.0,"key":"SMITH"},{"data":"Spot Weakness","floor":15.0,"key":"SMITH"},{"data":"Feel No Pain","floor":23,"key":"SMITH"},{"data":"Cleave","floor":28,"key":"SMITH"},{"data":"Sever Soul","floor":30,"key":"SMITH"},{"floor":32,"key":"RECALL"},{"floor":40,"key":"REST"},{"floor":42,"key":"REST"},{"data":"1","floor":47,"key":"LIFT"},{"data":"2","floor":49,"key":"LIFT"},{"data":"3","floor":52,"key":"LIFT"}],"circlet_count":0,"master_deck":["Defend_R","Defend_R","Defend_R","Bash+1","Perfected Strike","Shrug It Off+1","Twin Strike+1","Spot Weakness+1","Cleave+1","Shockwave+1","Reaper","True Grit+1","Impervious+1","Berserk+1","Corruption+1","True Grit+1","Rage+1","Sever Soul+1","Feel No Pain+1","Spot Weakness+1","Dual Wield+1","Shockwave+1","Necronomicurse","Ghostly Armor+1","Double Tap+1","Feel No Pain","Flex+1","Limit Break+1","Body Slam+1","Panacea+1","Thinking Ahead+1","Battle Trance+1","Hemokinesis+1","Dark Embrace","Infernal Blade+1","Intimidate+1","Shrug It Off+1","Impervious+1","Barricade","Burning Pact+1"],"relics":["Burning Blood","Strawberry","Golden Idol","Toxic Egg 2","Astrolabe","Letter Opener","Necronomicon","Bottled Tornado","Fusion Hammer","Red Mask","Old Coin","Girya","MawBank","Calipers","Nunchaku","TheAbacus","Lantern"],"acts_visited":["Exordium","TheCity","TheBeyond","TheEnding"],"potions_floor_usage":[16,19,24,24,29,41,55,55,55],"damage_taken":[{"damage":1.0,"enemies":"Cultist","floor":1.0,"turns":4.0},{"damage":4.0,"enemies":"Jaw Worm","floor":3.0,"turns":2.0},{"damage":12.0,"enemies":"Small Slimes","floor":7.0,"turns":2.0},{"damage":24.0,"enemies":"Gremlin Nob","floor":11.0,"turns":4.0},{"damage":3.0,"enemies":"Blue Slaver","floor":12.0,"turns":3.0},{"damage":18.0,"enemies":"Large Slime","floor":14.0,"turns":4.0},{"damage":79,"enemies":"Hexaghost","floor":16,"turns":13},{"damage":22,"enemies":"Shell Parasite","floor":18,"turns":6},{"damage":27,"enemies":"Chosen","floor":19,"turns":7},{"damage":0,"enemies":"Centurion and Healer","floor":22,"turns":8},{"damage":17,"enemies":"Slavers","floor":24,"turns":6},{"damage":4,"enemies":"Cultist and Chosen","floor":27,"turns":6},{"damage":38,"enemies":"Book of Stabbing","floor":29,"turns":8},{"damage":13,"enemies":"Champ","floor":33,"turns":9},{"damage":41,"enemies":"3 Darklings","floor":35,"turns":7},{"damage":0,"enemies":"Orb Walker","floor":38,"turns":3},{"damage":0,"enemies":"Mind Bloom Boss Battle","floor":39,"turns":4},{"damage":57,"enemies":"Reptomancer","floor":41,"turns":6},{"damage":4,"enemies":"Spire Growth","floor":44,"turns":4},{"damage":6,"enemies":"Giant Head","floor":45,"turns":7},{"damage":2,"enemies":"4 Shapes","floor":46,"turns":6},{"damage":8,"enemies":"Nemesis","floor":48,"turns":5},{"damage":38,"enemies":"Awakened One","floor":50,"turns":9},{"damage":23,"enemies":"Shield and Spear","floor":54,"turns":6},{"damage":44,"enemies":"The Heart","floor":55,"turns":7}],"seed_played":"-2910847001927200864","potions_obtained":[{"floor":3.0,"key":"FearPotion"},{"floor":7.0,"key":"Block Potion"},{"floor":14.0,"key":"Dexterity Potion"},{"floor":18,"key":"Regen Potion"},{"floor":19,"key":"ColorlessPotion"},{"floor":24,"key":"Dexterity Potion"},{"floor":33,"key":"Block Potion"},{"floor":41,"key":"Weak Potion"},{"floor":45,"key":"ElixirPotion"},{"floor":54,"key":"LiquidMemories"}],"is_trial":false,"path_per_floor":["M","$","M","?","?","R","M","R","T","?","E","M","$","M","R","B",null,"M","M","$","?","M","R","E","?","T","M","R","E","R","$","R","B",null,"M","?","?","M","?","R","E","R","T","M","E","M","R","E","R","B",null,"R","$","E","B",null],"character_chosen":"IRONCLAD","items_purchased":["Shrug It Off","Reaper","True Grit+1","Feel No Pain","Feel No Pain","Flex+1","Impervious+1","Barricade","TheAbacus","Dexterity Potion"],"campfire_rested":2,"item_purchase_floors":[2,13,13,20,31,31,53,53,53,53],"current_hp_per_floor":[96,96,96,89,89,89,83,83,90,90,72,75,75,70,70,9,95,91,79,79,79,93,93,95,79,79,95,95,77,77,77,77,91,95,76,76,71,77,83,95,46,74,74,95,95,95,95,93,93,93,95,95,95,78,64],"gold":79,"neow_bonus":"TWENTY_PERCENT_HP_BONUS","is_daily":false,"chose_seed":false,"campfire_upgraded":6,"win_rate":0.0,"timestamp":1612201848,"path_taken":["M","$","M","?","?","R","M","R","T","?","E","M","?","M","R","BOSS","M","M","$","?","?","R","E","?","T","M","R","E","R","$","R","BOSS","M","?","?","M","?","R","E","R","T","M","E","M","R","E","R","BOSS","R","$","E","BOSS"],"items_purchased_type":["Card","Card","Card","Card","Card","Card","Card","Card","Relic","Potion"],"build_version":"2020-12-22","purchased_purges":3,"victory":true,"max_hp_per_floor":[96,96,96,96,96,96,96,96,103,95,95,95,95,95,95,95,95,95,95,95,95,95,95,95,95,95,95,95,95,95,95,95,95,95,95,95,95,95,95,95,95,95,95,95,95,95,95,95,95,95,95,95,95,95,95],"relic_stats":{"Nunchaku":[4],"TheAbacus":[12],"counters":[25,146],"Golden Idol":203,"Astrolabe":["Berserk","Corruption","True Grit"],"Necronomicon":[43],"Letter Opener":[239],"MawBank":120,"obtain_stats":[{"Girya":41,"Lantern":54,"Calipers":45,"Golden Idol":10,"Astrolabe":17,"Letter Opener":24,"Bottled Tornado":29,"MawBank":43,"Burning Blood":0,"Old Coin":39,"Nunchaku":48,"TheAbacus":53,"Strawberry":9,"Fusion Hammer":34,"Necronomicon":25,"Red Mask":36,"Toxic Egg 2":11},{"Girya":18,"Lantern":24,"Calipers":20,"Golden Idol":3,"Astrolabe":7,"Letter Opener":11,"Bottled Tornado":13,"MawBank":18,"Burning Blood":0,"Old Coin":17,"Nunchaku":22,"TheAbacus":23,"Strawberry":3,"Fusion Hammer":14,"Necronomicon":11,"Red Mask":15,"Toxic Egg 2":4},{"Girya":102,"Lantern":139,"Calipers":113,"Golden Idol":8,"Astrolabe":32,"Letter Opener":59,"Bottled Tornado":73,"MawBank":102,"Burning Blood":0,"Old Coin":96,"Nunchaku":124,"TheAbacus":133,"Strawberry":8,"Fusion Hammer":82,"Necronomicon":59,"Red Mask":89,"Toxic Egg 2":12}],"Burning Blood":120},"card_choices":[{"not_picked":["Dual Wield","Warcry"],"picked":"Perfected Strike","floor":1.0},{"not_picked":["Flex","Dark Embrace"],"picked":"Twin Strike","floor":3.0},{"not_picked":["Rage","Bloodletting"],"picked":"Spot Weakness","floor":7.0},{"not_picked":["Dual Wield+1","Limit Break+1"],"picked":"Cleave","floor":11.0},{"not_picked":["Armaments+1","Shrug It Off+1"],"picked":"Shockwave+1","floor":12.0},{"not_picked":["True Grit+1","Havoc+1"],"picked":"Impervious+1","floor":14.0},{"not_picked":["Juggernaut","Exhume+1"],"picked":"Corruption","floor":16},{"not_picked":["Clash","Anger"],"picked":"Rage+1","floor":18},{"not_picked":["Ghostly Armor+1","Body Slam"],"picked":"Sever Soul","floor":19},{"not_picked":["Clothesline","Warcry+1"],"picked":"Dual Wield+1","floor":22},{"not_picked":["Evolve","Reaper"],"picked":"Shockwave+1","floor":24},{"not_picked":["Perfected Strike+1","Body Slam+1"],"picked":"Ghostly Armor+1","floor":27},{"not_picked":["Flex+1","True Grit+1"],"picked":"Double Tap+1","floor":29},{"not_picked":["Double Tap+1","Exhume+1"],"picked":"Limit Break+1","floor":33},{"not_picked":["Wild Strike","Clash"],"picked":"Body Slam+1","floor":35},{"not_picked":["Mayhem","Deep Breath+1"],"picked":"Panacea+1","floor":37},{"not_picked":["Finesse+1","Trip+1"],"picked":"Thinking Ahead+1","floor":37},{"not_picked":["True Grit+1","Havoc+1"],"picked":"Battle Trance+1","floor":38},{"not_picked":["Evolve+1","Rupture+1"],"picked":"Hemokinesis+1","floor":39},{"not_picked":["Cleave+1","Thunderclap"],"picked":"Dark Embrace","floor":41},{"not_picked":["Cleave+1","Thunderclap+1","Carnage"],"picked":"SKIP","floor":44},{"not_picked":["Cleave","Pommel Strike"],"picked":"Infernal Blade+1","floor":45},{"not_picked":["Shockwave+1","Warcry+1"],"picked":"Intimidate+1","floor":46},{"not_picked":["Anger","Brutality"],"picked":"Shrug It Off+1","floor":48},{"not_picked":["Pummel+1","Evolve+1"],"picked":"Burning Pact+1","floor":54}],"player_experience":1279549,"relics_obtained":[{"floor":9.0,"key":"Strawberry"},{"floor":11.0,"key":"Toxic Egg 2"},{"floor":24,"key":"Letter Opener"},{"floor":25,"key":"Necronomicon"},{"floor":29,"key":"Bottled Tornado"},{"floor":39,"key":"Old Coin"},{"floor":41,"key":"Girya"},{"floor":43,"key":"MawBank"},{"floor":45,"key":"Calipers"},{"floor":48,"key":"Nunchaku"},{"floor":54,"key":"Lantern"}],"event_choices":[{"cards_removed":["Strike_R"],"damage_healed":0.0,"max_hp_gain":0.0,"max_hp_loss":0.0,"gold_gain":0.0,"event_name":"Golden Wing","player_choice":"Card Removal","floor":4.0,"gold_loss":0.0,"damage_taken":7.0},{"damage_healed":0.0,"max_hp_gain":0.0,"max_hp_loss":0.0,"gold_gain":0.0,"event_name":"Living Wall","player_choice":"Grow","floor":5.0,"gold_loss":0.0,"damage_taken":0.0,"cards_upgraded":["Twin Strike"]},{"damage_healed":0.0,"max_hp_gain":0.0,"max_hp_loss":8.0,"gold_gain":0.0,"event_name":"Golden Idol","player_choice":"Lose Max HP","floor":10.0,"gold_loss":0.0,"damage_taken":0.0,"relics_obtained":["Golden Idol"]},{"damage_healed":0,"gold_gain":0,"cards_transformed":["Strike_R"],"player_choice":"Transformed","damage_taken":0,"max_hp_gain":0,"max_hp_loss":0,"event_name":"Transmorgrifier","floor":21,"gold_loss":0,"cards_obtained":["Spot Weakness"]},{"damage_healed":0,"gold_gain":0,"player_choice":"Obtained Book","damage_taken":16,"max_hp_gain":0,"max_hp_loss":0,"event_name":"Cursed Tome","floor":25,"gold_loss":0},{"damage_healed":0,"gold_gain":0,"player_choice":"Paid","damage_taken":0,"relics_obtained":["Red Mask"],"max_hp_gain":0,"max_hp_loss":0,"event_name":"Tomb of Lord Red Mask","floor":36,"gold_loss":166},{"damage_healed":0,"gold_gain":0,"player_choice":"Memory 2","damage_taken":5,"max_hp_gain":0,"max_hp_loss":0,"event_name":"SensoryStone","floor":37,"gold_loss":0},{"damage_healed":0,"gold_gain":0,"player_choice":"Fight","damage_taken":0,"max_hp_gain":0,"max_hp_loss":0,"event_name":"MindBloom","floor":39,"gold_loss":0}],"is_beta":false,"boss_relics":[{"not_picked":["Coffee Dripper","Runic Pyramid"],"picked":"Astrolabe"},{"not_picked":["Black Blood","Empty Cage"],"picked":"Fusion Hammer"}],"items_purged_floors":[2,20,53],"is_endless":false,"potions_floor_spawned":[3,7,14,18,19,24,33,41,45,54],"ascension_level":4}}