{"host":"iimv3xr0scyjt3cx","time":1612223744,"event":{"mods":["BaseMod","Hermit","Minty Spire (QoL Compilation)","Replay The Spire","StSLib","The Bladedancer","The Bug Knight","The Cursed","The Judge","The Marked","The Necromancer","The Runesmith","The Senshi","The Servant 0.9.4","The Wild Card"],"gold_per_floor":[118,118,118,118,133,133,161,161,161,178,178,198,225,244,244,348,348,366,355,355,555,27,53,53,71,71,71],"floor_reached":26,"language":"ENG","playtime":1753,"items_purged":[],"score":261,"play_id":"11782d37-487f-4360-b693-5ca934bfb994","local_time":"20210202005544","is_ascension_mode":false,"campfire_choices":[{"data":"Runesmith:EnergizedChisel","floor":6,"key":"SMITH"},{"data":"Runesmith:MetallurgicalResearch","floor":8,"key":"SMITH"},{"data":"Runesmith:CraftSpiculum","floor":11,"key":"SMITH"},{"data":"Runesmith:Permafrost","floor":15,"key":"SMITH"},{"data":"Runesmith:RunicBlueprint","floor":24,"key":"SMITH"}],"circlet_count":0,"master_deck":["Runesmith:Strike_RS","Runesmith:Strike_RS","Runesmith:Strike_RS+1","Runesmith:Strike_RS","Runesmith:Defend_RS","Runesmith:Defend_RS+1","Runesmith:Defend_RS","Runesmith:Defend_RS","Runesmith:CraftFirestone+1","Runesmith:Fortify","Runesmith:EarthShield","Runesmith:EnergizedChisel+1","Runesmith:MetallurgicalResearch+1","Runesmith:CraftSpiculum+1","Runesmith:Permafrost+1","Runesmith:ChiselStab","Runesmith:CraftPrismatica","Runesmith:CraftProtectio+1","Runesmith:CraftReservo+1","Runesmith:Firestorm","Runesmith:RunicBlueprint+1","Runesmith:BackupBattery+1"],"relics":["Runesmith:BrokenRuby","NeowsBlessing","Garlic","Counterbalance","Bird Faced Urn","SlaversCollar","Replay:PocketPolymizer","Oddly Smooth Stone","Strange Spoon","ReplayTheSpireMod:TigerMarble","Smiling Mask"],"acts_visited":["Exordium","TheCity"],"potions_floor_usage":[23,23],"damage_taken":[{"damage":0,"enemies":"2 Louse","floor":1,"turns":1},{"damage":0,"enemies":"Jaw Worm","floor":5,"turns":1},{"damage":0,"enemies":"Gremlin Nob","floor":7,"turns":1},{"damage":0,"enemies":"Small Slimes","floor":10,"turns":3},{"damage":0,"enemies":"Exordium Wildlife","floor":12,"turns":5},{"damage":11,"enemies":"3 Sentries","floor":13,"turns":7},{"damage":0,"enemies":"Blue Slaver","floor":14,"turns":3},{"damage":4,"enemies":"Fading Forest","floor":16,"turns":11},{"damage":0,"enemies":"Shell Parasite","floor":18,"turns":8},{"damage":15,"enemies":"2 Thieves","floor":19,"turns":4},{"damage":11,"enemies":"Slavers","floor":23,"turns":6},{"damage":24,"enemies":"Cultist and Chosen","floor":25,"turns":9}],"seed_played":"804127104980839925","potions_obtained":[{"floor":7,"key":"Reflective Coating"},{"floor":14,"key":"Energy Potion"},{"floor":16,"key":"Swift Potion"},{"floor":23,"key":"Block Potion"}],"is_trial":false,"path_per_floor":["M","?","?","?","M","R","E","R","T","M","R","M","E","M","R","B",null,"M","M","?","?","$","E","R","M","T"],"character_chosen":"RUNESMITH_CLASS","items_purchased":["Oddly Smooth Stone","Strange Spoon","ReplayTheSpireMod:TigerMarble","Runesmith:Firestorm"],"campfire_rested":0,"item_purchase_floors":[22,22,22,22],"current_hp_per_floor":[70,75,75,60,60,60,60,60,60,60,60,60,49,51,51,59,75,75,62,62,62,62,55,55,37,37,37],"gold":71,"neow_bonus":"THREE_ENEMY_KILL","is_daily":false,"chose_seed":false,"campfire_upgraded":5,"win_rate":0.0,"timestamp":1612223744,"path_taken":["M","?","?","?","M","R","E","R","T","M","R","M","E","?","R","BOSS","M","M","?","?","$","E","R","?","T"],"items_purchased_type":["Relic","Relic","Relic","Card"],"build_version":"2020-12-22","purchased_purges":0,"victory":false,"max_hp_per_floor":[70,75,75,75,75,75,75,75,75,75,75,75,75,75,75,75,75,75,75,75,75,75,75,75,75,75,75],"card_choices":[{"not_picked":["Runesmith:CraftMagma","Runesmith:Prism"],"picked":"Runesmith:EarthShield","floor":1},{"not_picked":["Runesmith:Prism","Runesmith:GoWithTheFlow"],"picked":"Runesmith:EnergizedChisel","floor":5},{"not_picked":["Runesmith:RuneHurl","Runesmith:Overpower"],"picked":"Runesmith:MetallurgicalResearch","floor":7},{"not_picked":["Runesmith:EarthShield","Runesmith:Overpower"],"picked":"Runesmith:CraftSpiculum","floor":10},{"not_picked":["Runesmith:StaticCage","Runesmith:Overpower","Runesmith:Permafrost"],"picked":"SKIP","floor":12},{"not_picked":["Runesmith:EnergizedChisel","Runesmith:Overpower"],"picked":"Runesmith:Permafrost","floor":13},{"not_picked":["Runesmith:Overpower","Runesmith:HeatedChisel"],"picked":"Runesmith:ChiselStab","floor":14},{"not_picked":["Runesmith:CraftIndustria","Runesmith:LightningRod"],"picked":"Runesmith:CraftPrismatica","floor":16},{"not_picked":["Runesmith:Discharge+1","Runesmith:Reinforce"],"picked":"Runesmith:CraftProtectio+1","floor":18},{"not_picked":["Runesmith:EarthShield+1","Runesmith:UnstableHammer+1"],"picked":"Runesmith:CraftReservo+1","floor":19},{"not_picked":["Runesmith:ShiftingStrike","Runesmith:PerfectChisel"],"picked":"Runesmith:RunicBlueprint","floor":23},{"not_picked":["Runesmith:UnstableHammer","Runesmith:RuneHurl"],"picked":"Runesmith:BackupBattery+1","floor":25}],"player_experience":513314,"relics_obtained":[{"floor":7,"key":"Garlic"},{"floor":9,"key":"Counterbalance"},{"floor":13,"key":"Bird Faced Urn"},{"floor":23,"key":"Smiling Mask"}],"event_choices":[{"damage_healed":0,"gold_gain":0,"player_choice":"Donut","damage_taken":0,"max_hp_gain":5,"max_hp_loss":0,"event_name":"Big Fish","floor":2,"gold_loss":0},{"damage_healed":0,"gold_gain":0,"player_choice":"Grow","damage_taken":0,"max_hp_gain":0,"max_hp_loss":0,"event_name":"Living Wall","floor":3,"gold_loss":0,"cards_upgraded":["Runesmith:CraftFirestone"]},{"damage_healed":0,"gold_gain":0,"player_choice":"Entered Light","damage_taken":15,"max_hp_gain":0,"max_hp_loss":0,"event_name":"Shining Light","floor":4,"gold_loss":0,"cards_upgraded":["Runesmith:Strike_RS","Runesmith:Defend_RS"]},{"damage_healed":0,"gold_gain":250,"player_choice":"Bet on Owner","damage_taken":0,"max_hp_gain":0,"max_hp_loss":0,"event_name":"The Joust","floor":21,"gold_loss":50}],"is_beta":false,"boss_relics":[{"not_picked":["Runesmith:CoreCrystal","Kintsugi"],"picked":"SlaversCollar"}],"items_purged_floors":[],"is_endless":false,"potions_floor_spawned":[7,14,16,19,23],"ascension_level":0}}