{"host":"7erghha4zaoybdup","time":1612197732,"event":{"mods":["2.2 Compatiblity","AchievementEnabler","Act Like it!","Astrologer","BaseMod","Better Third Choice","CapriCore","ChefMod","Chen","Colored Powertips","Conspire","Downfall","Friendly Minions","Gensokyo","GifTheSpireLib","Glutton Mod","Hermit","Hubris","Infinite Spire","Jorbs\u0027s Wanderer Trilogy","Lobotomy","LobotomyExtend","MarisaÅiñ∂âJÅ@ñÇóùçπÅj","Minty Spire (QoL Compilation)","Quick Restart","Random Character Button","ReimuÅiîé??öÎÅj","Reliquary","Shade Mod","Somnambulant","StSLib","The Administrix","The Alterego","The Bug Knight","The Clintock","The Cursed","The Disciple","The Dragon Tamer","The Fake Hero","The Gatherer","The Immortal","The Judge","The Marked","The Necromancer","The Poker Player","The Wild Card","TheBandit","Wandering Minibosses","Yakumo Yukari mod","Yuyuko","Åy?ï®?îvÅzREMEMod"],"gold_per_floor":[99,111,130,130,145,157,157,176,276,75,75,14,14,49,63,63,63,63],"floor_reached":16,"language":"ENG","playtime":1414,"items_purged":[],"score":102,"play_id":"d1a10413-242a-4ad8-91b4-525fb5c24cca","local_time":"20210201104212","is_ascension_mode":false,"campfire_choices":[{"data":"champ:Taunt","floor":1,"key":"SMITH"},{"floor":13,"key":"REST"}],"circlet_count":0,"master_deck":["champ:Strike","champ:Strike","champ:Strike","champ:Defend","champ:Defend","champ:Defend","champ:Defend","champ:Execute","champ:Taunt+1","champ:DeathBlow","champ:Lariat","Harvest","champ:Endure","champ:FaceSlap","champ:CrookedStrike","champ:GladiatorForm","REME_WheelOfFate","champ:AdrenalArmor","champ:FaceSlap","champ:ShieldWall"],"relics":["champ:ChampionCrown","REME_ComplimentaryCards","Champion Belt","hubris:SlimyHat","Oddly Smooth Stone"],"acts_visited":["Exordium"],"potions_floor_usage":[15,16],"damage_taken":[{"damage":12,"enemies":"2 Louse","floor":2,"turns":3},{"damage":26,"enemies":"Cultist","floor":3,"turns":3},{"damage":25,"enemies":"Small Slimes","floor":5,"turns":3},{"damage":39,"enemies":"Exordium Thugs","floor":6,"turns":4},{"damage":62,"enemies":"Large Slime","floor":8,"turns":5},{"damage":41,"enemies":"Large Slime","floor":9,"turns":4},{"damage":15,"enemies":"downfall:FleeingMerchant","floor":10,"turns":4},{"damage":38,"enemies":"downfall:FleeingMerchant","floor":12,"turns":4},{"damage":54,"enemies":"Gremlin Nob","floor":14,"turns":6},{"damage":31,"enemies":"Exordium Wildlife","floor":15,"turns":4},{"damage":45,"enemies":"WA_ARCHETYPE_RETAIN","floor":16,"turns":7}],"seed_played":"6639295548965812261","potions_obtained":[{"floor":14,"key":"AttackPotion"},{"floor":15,"key":"SkillPotion"}],"is_trial":false,"path_per_floor":["R","M","M","?","M","M","T","M","?","$","?","$","R","E","M","B"],"character_chosen":"THE_CHAMP","items_purchased":["REME_WheelOfFate","champ:AdrenalArmor"],"campfire_rested":1,"item_purchase_floors":[10,12],"current_hp_per_floor":[99,97,91,91,86,67,67,50,39,39,39,24,53,29,18,0,0,0],"gold":63,"neow_bonus":"TEN_PERCENT_HP_BONUS","is_daily":false,"chose_seed":false,"campfire_upgraded":1,"win_rate":0.0,"timestamp":1612197732,"path_taken":["R","M","M","?","M","?","T","M","?","$","?","$","R","E","M","BOSS"],"items_purchased_type":["Card","Card"],"build_version":"2020-12-22","purchased_purges":0,"victory":false,"max_hp_per_floor":[99,99,99,99,99,99,99,99,99,99,99,99,99,99,99,99,99,99],"card_choices":[{"not_picked":["champ:BringItOn","champ:Backstep"],"picked":"champ:DeathBlow","floor":2},{"not_picked":["champ:BringItOn","champ:StanceDance"],"picked":"champ:Lariat","floor":3},{"not_picked":["champ:EnGarde","champ:DefensiveShout"],"picked":"champ:Endure","floor":5},{"not_picked":["champ:Backstep","champ:Circumvent"],"picked":"champ:FaceSlap","floor":6},{"not_picked":["champ:BladeFlurry","champ:FalseCounter","champ:StanceDance"],"picked":"SKIP","floor":8},{"not_picked":["champ:Backstep","champ:Haymaker"],"picked":"champ:CrookedStrike","floor":9},{"not_picked":["champ:DefensiveShout","champ:FlashCut"],"picked":"champ:GladiatorForm","floor":10},{"not_picked":["champ:SetATrap","champ:TornadoPunch","champ:FalseCounter"],"picked":"SKIP","floor":12},{"not_picked":["champ:PerfectedStrike","champ:AdrenalArmor"],"picked":"champ:FaceSlap","floor":14},{"not_picked":["champ:FlashCut","champ:SetATrap"],"picked":"champ:ShieldWall","floor":15}],"player_experience":288046,"relics_obtained":[{"floor":9,"key":"Champion Belt"},{"floor":14,"key":"hubris:SlimyHat"}],"event_choices":[{"cards_removed":["champ:Strike"],"damage_healed":0,"gold_gain":0,"player_choice":"Offered Basic","damage_taken":0,"max_hp_gain":0,"max_hp_loss":0,"event_name":"Bonfire Elementals","floor":4,"gold_loss":0}],"is_beta":false,"boss_relics":[],"items_purged_floors":[],"is_endless":false,"potions_floor_spawned":[14,15],"killed_by":"WA_ARCHETYPE_RETAIN","ascension_level":0}}