{"host":"2se5dq1do2gp0x9k","time":1612139778,"event":{"mods":["AchievementEnabler","BaseMod","Block Reminder","Colored Map","Colored Powertips","Minty Spire (QoL Compilation)","Relic Stats","StSLib","SuperFastMode"],"gold_per_floor":[12,12,25,25,45,45,63,63,63,74,149,129,149,159,159,237,237,253,253,253],"floor_reached":19,"language":"ENG","playtime":622,"items_purged":[],"score":322,"play_id":"ccfb46ed-f5b3-4bed-8634-792f4bc5944b","local_time":"20210131163618","is_ascension_mode":true,"campfire_choices":[{"data":"Neutralize","floor":6,"key":"SMITH"},{"data":"After Image","floor":8,"key":"SMITH"},{"floor":15,"key":"REST"}],"circlet_count":0,"master_deck":["AscendersBane","Strike_G","Strike_G","Strike_G","Strike_G","Strike_G","Defend_G","Defend_G","Defend_G","Defend_G","Defend_G","Survivor","Neutralize+1","A Thousand Cuts+1","Slice","Dagger Throw","Terror","After Image+1","Heel Hook","Calculated Gamble","Blade Dance","Envenom","Noxious Fumes"],"relics":["Ring of the Snake","Orichalcum","Snecko Eye"],"acts_visited":["Exordium","TheCity"],"potions_floor_usage":[14,14,19],"damage_taken":[{"damage":6.0,"enemies":"2 Louse","floor":1.0,"turns":4.0},{"damage":0.0,"enemies":"Small Slimes","floor":3.0,"turns":4.0},{"damage":11.0,"enemies":"Cultist","floor":5.0,"turns":4.0},{"damage":7,"enemies":"2 Fungi Beasts","floor":7,"turns":3},{"damage":12,"enemies":"Red Slaver","floor":10,"turns":5},{"damage":0,"enemies":"Looter","floor":13,"turns":3},{"damage":0,"enemies":"3 Louse","floor":14,"turns":2},{"damage":29,"enemies":"The Guardian","floor":16,"turns":13},{"damage":0,"enemies":"Chosen","floor":18,"turns":5},{"damage":51,"enemies":"3 Byrds","floor":19,"turns":5}],"seed_played":"7637644932728880467","potions_obtained":[{"floor":5,"key":"Energy Potion"},{"floor":7,"key":"DistilledChaos"},{"floor":14,"key":"SteroidPotion"},{"floor":16,"key":"BlessingOfTheForge"},{"floor":18,"key":"DuplicationPotion"}],"is_trial":false,"path_per_floor":["M","$","M","?","M","R","M","R","T","M","?","?","M","M","R","B",null,"M","M"],"character_chosen":"THE_SILENT","items_purchased":[],"campfire_rested":1,"item_purchase_floors":[],"current_hp_per_floor":[53,53,53,53,42,42,35,35,35,23,12,12,12,12,31,2,50,50,0,0],"gold":253,"neow_bonus":"THREE_RARE_CARDS","is_daily":false,"chose_seed":false,"campfire_upgraded":2,"win_rate":0.0,"timestamp":1612139778,"path_taken":["M","$","M","?","M","R","M","R","T","M","?","?","M","M","R","BOSS","M","M"],"items_purchased_type":[],"build_version":"2020-12-22","purchased_purges":0,"victory":false,"max_hp_per_floor":[66,66,66,66,66,66,66,66,66,66,66,66,66,66,66,66,66,66,66,66],"relic_stats":{"counters":[10,48],"Snecko Eye":[18,24,18,16],"Orichalcum":[12],"obtain_stats":[{"Snecko Eye":17,"Orichalcum":9,"Ring of the Snake":0},{"Snecko Eye":8,"Orichalcum":4,"Ring of the Snake":0},{"Snecko Eye":38,"Orichalcum":15,"Ring of the Snake":0}],"Ring of the Snake":[20]},"card_choices":[{"not_picked":["Die Die Die","Doppelganger"],"picked":"A Thousand Cuts","floor":0.0},{"not_picked":["Deadly Poison","Expertise"],"picked":"Slice","floor":1.0},{"not_picked":["Finisher","Skewer"],"picked":"Dagger Throw","floor":3.0},{"not_picked":["Dagger Throw","Concentrate"],"picked":"Terror","floor":5},{"not_picked":["Poisoned Stab","PiercingWail"],"picked":"After Image","floor":7},{"not_picked":["Well Laid Plans","Outmaneuver"],"picked":"Heel Hook","floor":10},{"not_picked":["Dagger Spray","Well Laid Plans"],"picked":"Calculated Gamble","floor":13},{"not_picked":["Riddle With Holes","Backflip"],"picked":"Blade Dance","floor":14},{"not_picked":["Die Die Die","Venomology"],"picked":"Envenom","floor":16},{"not_picked":["Well Laid Plans","Outmaneuver"],"picked":"Noxious Fumes","floor":18}],"player_experience":4029650,"relics_obtained":[{"floor":9,"key":"Orichalcum"}],"event_choices":[{"damage_healed":0.0,"max_hp_gain":0.0,"max_hp_loss":0.0,"gold_gain":0.0,"event_name":"Living Wall","player_choice":"Grow","floor":4.0,"gold_loss":0.0,"damage_taken":0.0,"cards_upgraded":["A Thousand Cuts"]},{"damage_healed":0,"gold_gain":75,"player_choice":"Gather Gold","damage_taken":11,"max_hp_gain":0,"max_hp_loss":0,"event_name":"World of Goop","floor":11,"gold_loss":0},{"damage_healed":0,"gold_gain":0,"player_choice":"Bought 1 Potion","damage_taken":0,"max_hp_gain":0,"max_hp_loss":0,"event_name":"The Woman in Blue","floor":12,"gold_loss":0}],"is_beta":false,"boss_relics":[{"not_picked":["Fusion Hammer","HoveringKite"],"picked":"Snecko Eye"}],"items_purged_floors":[],"is_endless":false,"potions_floor_spawned":[5,7,14,16,18],"killed_by":"3 Byrds","ascension_level":20}}