{"host":"f0gpob8hq9vgebej","time":1612177609,"event":{"mods":["AchievementEnabler","BaseMod","Minty Spire (QoL Compilation)","Quick Restart","SuperFastMode"],"gold_per_floor":[110,130,130,130,130,162,162,182,182,201,212,245,245,260,260,260,260],"floor_reached":16,"language":"KOR","playtime":308,"items_purged":[],"score":240,"play_id":"c99eea69-394b-4e49-937a-e294923125f3","local_time":"20210201200649","is_ascension_mode":true,"campfire_choices":[{"data":"Dagger Spray","floor":7.0,"key":"SMITH"},{"floor":13,"key":"REST"},{"data":"Prepared","floor":15,"key":"SMITH"}],"circlet_count":0,"master_deck":["AscendersBane","Strike_G","Strike_G","Strike_G","Strike_G","Defend_G","Defend_G","Defend_G","Defend_G","Defend_G","Survivor","Neutralize","Dagger Spray+1","Backflip","Eviscerate","Tactician","Prepared+1"],"relics":["Ring of the Snake","NeowsBlessing","InkBottle","The Courier","Kunai"],"acts_visited":["Exordium"],"potions_floor_usage":[16],"damage_taken":[{"damage":0.0,"enemies":"Jaw Worm","floor":1.0,"turns":1.0},{"damage":0.0,"enemies":"Small Slimes","floor":2.0,"turns":1.0},{"damage":0.0,"enemies":"3 Sentries","floor":6.0,"turns":1.0},{"damage":0.0,"enemies":"2 Louse","floor":8.0,"turns":2.0},{"damage":3.0,"enemies":"Exordium Thugs","floor":10.0,"turns":6.0},{"damage":1.0,"enemies":"Looter","floor":11.0,"turns":4.0},{"damage":49,"enemies":"Lagavulin","floor":12,"turns":8},{"damage":14,"enemies":"Large Slime","floor":14,"turns":8},{"damage":8,"enemies":"Slime Boss","floor":16,"turns":5}],"seed_played":"3455091804141452640","potions_obtained":[{"floor":1.0,"key":"Regen Potion"},{"floor":2.0,"key":"FairyPotion"}],"is_trial":false,"path_per_floor":["M","M","?","?","?","E","R","M","T","M","M","E","R","M","R","B"],"character_chosen":"THE_SILENT","items_purchased":[],"campfire_rested":1,"item_purchase_floors":[],"current_hp_per_floor":[59,59,59,64,64,64,64,64,64,61,60,11,32,18,18,24,24],"gold":260,"neow_bonus":"THREE_ENEMY_KILL","is_daily":false,"chose_seed":false,"campfire_upgraded":2,"win_rate":0.0,"timestamp":1612177609,"path_taken":["M","M","?","?","?","E","R","M","T","M","M","E","R","M","R","BOSS"],"items_purchased_type":[],"build_version":"2020-12-22","purchased_purges":0,"victory":false,"max_hp_per_floor":[66,66,66,71,71,71,71,71,71,71,71,71,71,71,71,71,71],"card_choices":[{"not_picked":["Predator","Riddle With Holes","Sucker Punch"],"picked":"SKIP","floor":1.0},{"not_picked":["Backflip","Dash"],"picked":"Dagger Spray","floor":2.0},{"not_picked":["Eviscerate","Distraction"],"picked":"Backflip","floor":6.0},{"not_picked":["Poisoned Stab","PiercingWail"],"picked":"Eviscerate","floor":8.0},{"not_picked":["Dagger Throw","All Out Attack"],"picked":"Tactician","floor":10.0},{"not_picked":["Backflip","Dodge and Roll","Slice"],"picked":"SKIP","floor":11.0},{"not_picked":["Expertise","Doppelganger","Setup"],"picked":"SKIP","floor":12},{"not_picked":["Bane","Dagger Throw"],"picked":"Prepared","floor":14}],"player_experience":343308,"relics_obtained":[{"floor":6.0,"key":"InkBottle"},{"floor":9.0,"key":"The Courier"},{"floor":12,"key":"Kunai"}],"event_choices":[{"cards_removed":["Strike_G"],"damage_healed":0.0,"max_hp_gain":0.0,"max_hp_loss":0.0,"gold_gain":0.0,"event_name":"Living Wall","player_choice":"Forget","floor":3.0,"gold_loss":0.0,"damage_taken":0.0},{"damage_healed":0.0,"max_hp_gain":5.0,"max_hp_loss":0.0,"gold_gain":0.0,"event_name":"Big Fish","player_choice":"Donut","floor":4.0,"gold_loss":0.0,"damage_taken":0.0},{"damage_healed":0.0,"max_hp_gain":0.0,"max_hp_loss":0.0,"gold_gain":0.0,"event_name":"Liars Game","player_choice":"Ignored","floor":5.0,"gold_loss":0.0,"damage_taken":0.0}],"is_beta":false,"boss_relics":[],"items_purged_floors":[],"is_endless":false,"potions_floor_spawned":[1,2,12],"killed_by":"Slime Boss","ascension_level":15}}