{"host":"15dd7v8o90xso62x","time":1612180875,"event":{"mods":["BaseMod","Minty Spire (QoL Compilation)","Quick Restart","StSLib","SuperFastMode"],"gold_per_floor":[113,130,130,205,130,130,162,182,182,199,99,99,99,112,112,185,185,205,120,131,75,91,91,91],"floor_reached":23,"language":"KOR","playtime":544,"items_purged":["Defend_G","Strike_G"],"score":432,"play_id":"7a5a32af-105c-4a00-bc63-e57bf6318c39","local_time":"20210201210115","is_ascension_mode":true,"campfire_choices":[{"data":"Dagger Throw","floor":6,"key":"SMITH"},{"data":"Noxious Fumes","floor":13,"key":"SMITH"},{"data":"Catalyst","floor":15,"key":"SMITH"}],"circlet_count":0,"master_deck":["AscendersBane","Strike_G","Strike_G","Strike_G+1","Strike_G","Defend_G","Defend_G","Defend_G","Defend_G","Survivor","Neutralize+1","Dagger Throw+1","Reflex","Noxious Fumes+1","Catalyst+1","After Image","Deflect+1","Concentrate","Backflip","Deadly Poison"],"relics":["Ring of the Snake","NeowsBlessing","Turnip","Pear","StrikeDummy","SacredBark","The Specimen"],"acts_visited":["Exordium","TheCity"],"potions_floor_usage":[10,16,18,23],"damage_taken":[{"damage":0,"enemies":"Cultist","floor":1,"turns":1},{"damage":0,"enemies":"Small Slimes","floor":2,"turns":1},{"damage":0,"enemies":"3 Sentries","floor":7,"turns":1},{"damage":0,"enemies":"2 Louse","floor":8,"turns":4},{"damage":0,"enemies":"Blue Slaver","floor":10,"turns":2},{"damage":0,"enemies":"Looter","floor":14,"turns":4},{"damage":29,"enemies":"Hexaghost","floor":16,"turns":8},{"damage":16,"enemies":"3 Byrds","floor":18,"turns":4},{"damage":7,"enemies":"Chosen","floor":20,"turns":6},{"damage":17,"enemies":"Shelled Parasite and Fungi","floor":22,"turns":6},{"damage":18,"enemies":"Gremlin Leader","floor":23,"turns":2}],"seed_played":"3024836488338421536","potions_obtained":[{"floor":2,"key":"Fire Potion"},{"floor":7,"key":"CunningPotion"},{"floor":10,"key":"Energy Potion"},{"floor":22,"key":"SpeedPotion"}],"is_trial":false,"path_per_floor":["M","M","?","?","$","R","E","M","T","M","$","?","R","M","R","B",null,"M","?","M","$","M","E"],"character_chosen":"THE_SILENT","items_purchased":["Backflip"],"campfire_rested":0,"item_purchase_floors":[21],"current_hp_per_floor":[59,59,39,28,28,28,28,28,38,38,38,33,33,33,33,4,58,42,42,35,35,18,0,0],"gold":91,"neow_bonus":"THREE_ENEMY_KILL","is_daily":false,"chose_seed":false,"campfire_upgraded":3,"win_rate":0.0,"timestamp":1612180875,"path_taken":["M","?","?","?","$","R","E","M","T","M","$","?","R","?","R","BOSS","M","?","M","$","M","E"],"items_purchased_type":["Card"],"build_version":"2020-12-22","purchased_purges":2,"victory":false,"max_hp_per_floor":[66,66,66,66,66,66,66,66,76,76,76,76,76,76,76,76,76,76,76,76,76,76,76,76],"card_choices":[{"not_picked":["Dodge and Roll","Predator"],"picked":"Dagger Throw","floor":1},{"not_picked":["Outmaneuver","Cloak And Dagger"],"picked":"Reflex","floor":2},{"not_picked":["Poisoned Stab","Masterful Stab"],"picked":"Noxious Fumes","floor":7},{"not_picked":["Prepared","Quick Slash","Infinite Blades"],"picked":"SKIP","floor":8},{"not_picked":["Flechettes","PiercingWail","Bane"],"picked":"SKIP","floor":10},{"not_picked":["Eviscerate","Dagger Throw"],"picked":"Catalyst","floor":14},{"not_picked":["Tools of the Trade","A Thousand Cuts"],"picked":"After Image","floor":16},{"not_picked":["Prepared","Sucker Punch+1"],"picked":"Deflect+1","floor":18},{"not_picked":["Dodge and Roll+1","Dagger Spray"],"picked":"Concentrate","floor":20},{"not_picked":["Skewer","Infinite Blades"],"picked":"Deadly Poison","floor":22}],"player_experience":922822,"relics_obtained":[{"floor":7,"key":"Turnip"},{"floor":9,"key":"Pear"}],"event_choices":[{"damage_healed":0,"gold_gain":0,"player_choice":"Entered Light","damage_taken":20,"max_hp_gain":0,"max_hp_loss":0,"event_name":"Shining Light","floor":3,"gold_loss":0,"cards_upgraded":["Neutralize","Strike_G"]},{"damage_healed":0,"gold_gain":75,"player_choice":"Gather Gold","damage_taken":11,"max_hp_gain":0,"max_hp_loss":0,"event_name":"World of Goop","floor":4,"gold_loss":0},{"damage_healed":0,"gold_gain":0,"player_choice":"Success","damage_taken":5,"relics_obtained":["StrikeDummy"],"max_hp_gain":0,"max_hp_loss":0,"event_name":"Scrap Ooze","floor":12,"gold_loss":0},{"damage_healed":0,"gold_gain":0,"player_choice":"Obtained Relic","damage_taken":0,"relics_obtained":["The Specimen"],"max_hp_gain":0,"max_hp_loss":0,"event_name":"Addict","floor":19,"gold_loss":85}],"is_beta":false,"boss_relics":[{"not_picked":["Busted Crown","Runic Pyramid"],"picked":"SacredBark"}],"items_purged_floors":[5,11],"is_endless":false,"potions_floor_spawned":[2,7,10,14,22],"killed_by":"Gremlin Leader","ascension_level":20}}