{"host":"ugys05tpep779cl6","time":1612168858,"event":{"mods":["AchievementEnabler","Aspiration","BaseMod","Beaked The Cultist","CatGirl Mod","Colored Powertips","HololiveMod","Lobotomy","Minty Spire (QoL Compilation)","Quick Restart","Replay The Spire","Spicy Shops","StSLib","The Druid"],"gold_per_floor":[110,110,110,127,127,127,158,178,203,203,203,203],"floor_reached":11,"language":"ENG","playtime":368,"items_purged":[],"score":135,"play_id":"2b24f6a9-7655-475c-ada7-f647457b26d4","local_time":"20210201094058","is_ascension_mode":true,"campfire_choices":[{"data":"Neutralize","floor":6,"key":"SMITH"}],"circlet_count":0,"master_deck":["AscendersBane","Strike_G","Strike_G","Strike_G","Strike_G","Strike_G","Defend_G","Defend_G","Defend_G","Defend_G","Survivor","Neutralize+1","Terror","Malaise","Noxious Fumes"],"relics":["aspiration:BeakedSkillbook","Golden Idol","Pen Nib","ReplayFunnel"],"acts_visited":["Exordium"],"potions_floor_usage":[],"damage_taken":[{"damage":6,"enemies":"Jaw Worm","floor":1,"turns":7},{"damage":4,"enemies":"Small Slimes","floor":4,"turns":4},{"damage":29,"enemies":"Lagavulin","floor":7,"turns":8},{"damage":0,"enemies":"Cultist","floor":8,"turns":4},{"damage":0,"enemies":"3 Sentries","floor":11,"turns":2}],"seed_played":"-2800987779916465828","potions_obtained":[{"floor":7,"key":"Poison Potion"},{"floor":8,"key":"PowerPotion"}],"is_trial":false,"path_per_floor":["M","?","?","M","?","R","E","M","T","?","E"],"character_chosen":"THE_SILENT","items_purchased":[],"campfire_rested":0,"item_purchase_floors":[],"current_hp_per_floor":[56,61,61,58,34,34,9,9,9,9,9,9],"gold":203,"neow_bonus":"BOSS_RELIC","is_daily":false,"chose_seed":false,"campfire_upgraded":1,"win_rate":0.0,"timestamp":1612168858,"path_taken":["M","?","?","?","?","R","E","M","T","?","E"],"items_purchased_type":[],"build_version":"2020-12-22","purchased_purges":0,"victory":false,"max_hp_per_floor":[66,71,71,71,71,71,71,71,71,71,71,71],"card_choices":[{"not_picked":["Slice","Backflip","Eviscerate"],"picked":"Terror","floor":1},{"not_picked":["Dagger Spray","Bane","Calculated Gamble","Backflip"],"picked":"SKIP","floor":4},{"not_picked":["aspiration:Lunge","ReplayTheSpireMod:The Works","Quick Slash"],"picked":"Malaise","floor":7},{"not_picked":["Slice","Cloak And Dagger","Dagger Spray"],"picked":"Noxious Fumes","floor":8}],"player_experience":1180006,"relics_obtained":[{"floor":7,"key":"Pen Nib"},{"floor":9,"key":"ReplayFunnel"}],"event_choices":[{"damage_healed":0,"gold_gain":0,"player_choice":"Donut","damage_taken":0,"max_hp_gain":5,"max_hp_loss":0,"event_name":"Big Fish","floor":2,"gold_loss":0},{"damage_healed":0,"gold_gain":0,"player_choice":"0 cards matched","damage_taken":0,"max_hp_gain":0,"max_hp_loss":0,"event_name":"Match and Keep!","floor":3,"gold_loss":0,"cards_obtained":[]},{"damage_healed":0,"gold_gain":0,"player_choice":"Take Damage","damage_taken":24,"relics_obtained":["Golden Idol"],"max_hp_gain":0,"max_hp_loss":0,"event_name":"Golden Idol","floor":5,"gold_loss":0}],"is_beta":false,"boss_relics":[],"items_purged_floors":[],"is_endless":false,"potions_floor_spawned":[7,8],"killed_by":"3 Sentries","ascension_level":18}}