{"host":"vyjryxuuuxkt43k4","time":1612175649,"event":{"mods":["AchievementEnabler","BaseMod","Colored Map","DeckTracker","Keyboard Shortcuts","Minty Spire (QoL Compilation)","Permanent Neow","Quick Restart","Rare Cards Sparkle","StSLib","SuperFastMode","everything is the same but u backflip on backflip"],"gold_per_floor":[210,222,29,29,48,48,62,94,94,106,118,130,142,154,166,255,267,297,329,341,364,376,388,419,65,89,89,44,59,85,102,102,102,102],"floor_reached":33,"language":"KOR","playtime":1417,"items_purged":["Strike_G"],"score":508,"play_id":"9ad24ea9-b81a-471f-9a88-18553f693e8c","local_time":"20210201193409","is_ascension_mode":true,"campfire_choices":[{"data":"Blade Dance","floor":6.0,"key":"SMITH"},{"data":"Malaise","floor":10.0,"key":"SMITH"},{"data":"Blade Dance","floor":13,"key":"SMITH"},{"floor":15,"key":"REST"},{"floor":23,"key":"REST"},{"data":"Accuracy","floor":27,"key":"SMITH"},{"floor":32,"key":"REST"}],"circlet_count":0,"master_deck":["AscendersBane","Strike_G","Strike_G","Strike_G","Defend_G","Defend_G","Defend_G","Defend_G","Defend_G","Survivor","Neutralize+1","Blade Dance+1","Blade Dance+1","Infinite Blades+1","Malaise+1","Glass Knife","Reflex","Ghostly","Ghostly","Ghostly","Cloak And Dagger","Acrobatics","Accuracy+1","PiercingWail","Setup+1","Underhanded Strike+1","Dodge and Roll"],"relics":["Ring of the Snake","Orichalcum","Bronze Scales","MawBank","Sozu","Paper Crane","Juzu Bracelet","Matryoshka"],"acts_visited":["Exordium","TheCity"],"potions_floor_usage":[30],"damage_taken":[{"damage":1.0,"enemies":"Small Slimes","floor":1.0,"turns":4.0},{"damage":0.0,"enemies":"Cultist","floor":2.0,"turns":4.0},{"damage":0.0,"enemies":"2 Louse","floor":5.0,"turns":4.0},{"damage":0.0,"enemies":"Large Slime","floor":7.0,"turns":5.0},{"damage":12.0,"enemies":"3 Sentries","floor":8.0,"turns":9.0},{"damage":37,"enemies":"Slime Boss","floor":16,"turns":14},{"damage":9,"enemies":"Shell Parasite","floor":18,"turns":4},{"damage":29,"enemies":"2 Thieves","floor":19,"turns":4},{"damage":7,"enemies":"Chosen and Byrds","floor":21,"turns":6},{"damage":0,"enemies":"Centurion and Healer","floor":24,"turns":8},{"damage":0,"enemies":"Snecko","floor":29,"turns":5},{"damage":0,"enemies":"Book of Stabbing","floor":30,"turns":5},{"damage":2,"enemies":"Chosen and Byrds","floor":31,"turns":5},{"damage":25,"enemies":"Collector","floor":33,"turns":8}],"seed_played":"522035343834696927","potions_obtained":[{"floor":1.0,"key":"Dexterity Potion"},{"floor":4.0,"key":"FearPotion"},{"floor":4.0,"key":"LiquidBronze"},{"floor":7.0,"key":"DistilledChaos"},{"floor":16,"key":"Poison Potion"}],"is_trial":false,"path_per_floor":["M","M","$","?","M","R","M","E","T","R","?","?","R","?","R","B",null,"M","M","?","M","?","R","M","$","T","R","$","M","E","M","R","B"],"character_chosen":"THE_SILENT","items_purchased":["Infinite Blades","Orichalcum","Paper Crane","Accuracy","PiercingWail"],"campfire_rested":3,"item_purchase_floors":[3,3,25,25,28],"current_hp_per_floor":[58,58,58,58,58,58,58,46,46,46,46,26,26,26,45,8,52,43,14,14,7,7,16,16,16,16,16,16,16,16,14,23,0,0],"gold":102,"neow_bonus":"HUNDRED_GOLD","is_daily":false,"chose_seed":false,"campfire_upgraded":4,"win_rate":0.0,"timestamp":1612175649,"path_taken":["M","M","$","?","M","R","?","E","T","R","?","?","R","?","R","BOSS","M","M","?","M","?","R","M","$","T","R","$","M","E","M","R","BOSS"],"items_purchased_type":["Card","Relic","Relic","Card","Card"],"build_version":"2020-12-22","purchased_purges":1,"victory":false,"max_hp_per_floor":[66,66,66,66,66,66,66,66,66,66,66,66,66,66,66,66,66,66,66,33,33,33,33,33,33,33,33,33,33,33,33,33,33,33],"card_choices":[{"not_picked":["Poisoned Stab","Bouncing Flask"],"picked":"Blade Dance","floor":1.0},{"not_picked":["Dodge and Roll","Dagger Throw"],"picked":"Blade Dance","floor":2.0},{"not_picked":["Flying Knee","Distraction","Predator"],"picked":"SKIP","floor":5.0},{"not_picked":["Flying Knee","Dodge and Roll"],"picked":"Malaise","floor":7.0},{"not_picked":["Predator","Bane","Choke"],"picked":"SKIP","floor":8.0},{"not_picked":["Unload","Doppelganger"],"picked":"Glass Knife","floor":16},{"not_picked":["Eviscerate","Dagger Throw+1"],"picked":"Reflex","floor":18},{"not_picked":["Flying Knee","Dagger Spray","Bane"],"picked":"SKIP","floor":19},{"not_picked":["Underhanded Strike","Prepared"],"picked":"Cloak And Dagger","floor":21},{"not_picked":["Sucker Punch","Eviscerate"],"picked":"Acrobatics","floor":24},{"not_picked":["Deadly Poison","Finisher"],"picked":"Setup+1","floor":29},{"not_picked":["Flechettes","Infinite Blades"],"picked":"Underhanded Strike+1","floor":30},{"not_picked":["All Out Attack+1","Prepared"],"picked":"Dodge and Roll","floor":31}],"player_experience":576714,"relics_obtained":[{"floor":8.0,"key":"Bronze Scales"},{"floor":9.0,"key":"MawBank"},{"floor":26,"key":"Juzu Bracelet"},{"floor":30,"key":"Matryoshka"}],"event_choices":[{"damage_healed":0.0,"max_hp_gain":0.0,"max_hp_loss":0.0,"gold_gain":0.0,"event_name":"Lab","player_choice":"Got Potions","floor":4.0,"gold_loss":0.0,"damage_taken":0.0},{"cards_removed":["Strike_G"],"damage_healed":0,"gold_gain":0,"player_choice":"Forget","damage_taken":0,"max_hp_gain":0,"max_hp_loss":0,"event_name":"Living Wall","floor":11,"gold_loss":0},{"damage_healed":0,"gold_gain":0,"player_choice":"Entered Light","damage_taken":20,"max_hp_gain":0,"max_hp_loss":0,"event_name":"Shining Light","floor":12,"gold_loss":0,"cards_upgraded":["Infinite Blades","Neutralize"]},{"damage_healed":0,"gold_gain":0,"player_choice":"Ignored","damage_taken":0,"max_hp_gain":0,"max_hp_loss":0,"event_name":"Liars Game","floor":14,"gold_loss":0},{"damage_healed":0,"gold_gain":0,"player_choice":"Became a Ghost","damage_taken":0,"max_hp_gain":0,"max_hp_loss":33,"event_name":"Ghosts","floor":20,"gold_loss":0,"cards_obtained":["Ghostly","Ghostly","Ghostly"]},{"damage_healed":0,"gold_gain":0,"player_choice":"Ignored","damage_taken":0,"max_hp_gain":0,"max_hp_loss":0,"event_name":"Vampires","floor":22,"gold_loss":0}],"is_beta":false,"boss_relics":[{"not_picked":["Ectoplasm","Busted Crown"],"picked":"Sozu"}],"items_purged_floors":[25],"is_endless":false,"potions_floor_spawned":[1,7,16,18,19,24],"killed_by":"Collector","ascension_level":15}}