{"host":"59wnhi65kiwmnpg4","time":1612193947,"event":{"mods":["2.2 Compatiblity","AchievementEnabler","BaseMod","BetterRewards","Colored Map","Custom Start","Disable Question Mark Monsters","Highlight Path","Minty Spire (QoL Compilation)","Permanent Neow","Relic Sorter","Relic Stats"],"gold_per_floor":[114,129,79,79,79,110,110,35,58,94,94,94,113,152,152,233,233,262,281,54,54,83,83,106,106,175,175,201,225,253,253,253,334,334,363,363,382,404,404,404],"floor_reached":39,"language":"ENG","playtime":2324,"items_purged":[],"score":913,"play_id":"24a43dfc-c20e-4b06-b801-4bf9ea43e62c","local_time":"20210201153907","daily_mods":["Draft"],"is_ascension_mode":true,"campfire_choices":[{"data":"Armaments","floor":7.0,"key":"SMITH"},{"data":"Whirlwind","floor":12.0,"key":"SMITH"},{"data":"Heavy Blade","floor":15.0,"key":"SMITH"},{"data":"Barricade","floor":23.0,"key":"SMITH"},{"data":"Corruption","floor":25.0,"key":"SMITH"},{"floor":32.0,"key":"REST"}],"circlet_count":0,"master_deck":["AscendersBane","Carnage","Armaments+1","Flex","True Grit","Feel No Pain","Shockwave","Spot Weakness","Shrug It Off","Shrug It Off","Spot Weakness","Warcry","Sentinel","Inflame","Heavy Blade+1","Body Slam","Warcry","Wild Strike","Twin Strike","Body Slam","Disarm","Whirlwind+1","Disarm+1","Limit Break+1","Corruption+1","Anger+1","Barricade+1","Offering+1","Ghostly Armor+1","True Grit+1","Intimidate+1","Body Slam+1","Juggernaut","Dropkick+1","Shrug It Off+1"],"relics":["Burning Blood","Letter Opener","Meat on the Bone","Bottled Lightning","CeramicFish","Toxic Egg 2","Blood Vial","Runic Dome","Molten Egg 2","MutagenicStrength","Ancient Tea Set","SlaversCollar","White Beast Statue"],"acts_visited":["Exordium","TheCity","TheBeyond"],"potions_floor_usage":[39],"damage_taken":[{"damage":0.0,"enemies":"Cultist","floor":1.0,"turns":3.0},{"damage":15.0,"enemies":"Jaw Worm","floor":2.0,"turns":4.0},{"damage":29.0,"enemies":"Gremlin Nob","floor":6.0,"turns":4.0},{"damage":23.0,"enemies":"Lagavulin","floor":10.0,"turns":6.0},{"damage":0.0,"enemies":"Small Slimes","floor":13.0,"turns":2.0},{"damage":11.0,"enemies":"Gremlin Nob","floor":14.0,"turns":3.0},{"damage":5.0,"enemies":"Hexaghost","floor":16.0,"turns":9.0},{"damage":0.0,"enemies":"Spheric Guardian","floor":18.0,"turns":3.0},{"damage":21.0,"enemies":"2 Thieves","floor":19.0,"turns":4.0},{"damage":6.0,"enemies":"Snake Plant","floor":22.0,"turns":2.0},{"damage":11.0,"enemies":"Centurion and Healer","floor":24.0,"turns":2.0},{"damage":35.0,"enemies":"Slavers","floor":28.0,"turns":4.0},{"damage":6.0,"enemies":"Cultist and Chosen","floor":29.0,"turns":5.0},{"damage":37.0,"enemies":"Sentry and Sphere","floor":30.0,"turns":5.0},{"damage":23.0,"enemies":"Collector","floor":33.0,"turns":5.0},{"damage":8.0,"enemies":"Orb Walker","floor":35.0,"turns":3.0},{"damage":6.0,"enemies":"3 Shapes","floor":37.0,"turns":3.0},{"damage":23.0,"enemies":"Maw","floor":38.0,"turns":7.0},{"damage":69,"enemies":"Spire Growth","floor":39,"turns":4}],"seed_played":"-7042109478685418630","potions_obtained":[{"floor":2.0,"key":"Dexterity Potion"},{"floor":6.0,"key":"EssenceOfSteel"},{"floor":13.0,"key":"Dexterity Potion"},{"floor":21.0,"key":"BloodPotion"},{"floor":21.0,"key":"FearPotion"},{"floor":30.0,"key":"FearPotion"},{"floor":33.0,"key":"SteroidPotion"},{"floor":37.0,"key":"FearPotion"},{"floor":38.0,"key":"Energy Potion"}],"is_trial":true,"path_per_floor":["M","M","$","T","T","E","R","$","T","E","?","R","M","E","R","B",null,"M","M","$","?","M","R","M","R","T","?","E","M","M","?","R","B",null,"M","?","M","M","M"],"character_chosen":"IRONCLAD","items_purchased":["Twin Strike","Disarm","Barricade","Offering+1"],"campfire_rested":1,"item_purchase_floors":[3,8,20,20],"current_hp_per_floor":[74,65,65,65,65,54,54,54,54,49,49,49,55,50,50,53,70,75,60,60,60,62,62,59,59,59,59,47,49,32,32,54,51,69,69,69,71,56,0,0],"gold":404,"neow_bonus":"","is_daily":false,"chose_seed":false,"campfire_upgraded":5,"win_rate":0.0,"timestamp":1612193947,"path_taken":["M","?","$","?","?","E","R","$","T","E","?","R","M","E","R","BOSS","M","M","$","?","?","R","M","R","T","?","E","M","M","?","R","BOSS","M","?","?","M","M"],"items_purchased_type":["Card","Card","Card","Card"],"build_version":"2020-12-22","purchased_purges":0,"victory":false,"max_hp_per_floor":[75,75,75,75,75,75,75,75,75,75,75,75,75,75,75,75,75,75,75,75,75,75,75,75,75,75,75,75,75,75,75,75,75,75,75,75,75,75,75,75],"relic_stats":{"Blood Vial":24,"counters":[19,78],"CeramicFish":135,"Letter Opener":[220],"obtain_stats":[{"CeramicFish":9,"Letter Opener":4,"Ancient Tea Set":28,"Burning Blood":0,"White Beast Statue":36,"Blood Vial":14,"Runic Dome":17,"SlaversCollar":34,"MutagenicStrength":27,"Molten Egg 2":26,"Bottled Lightning":6,"Toxic Egg 2":10,"Meat on the Bone":5},{"CeramicFish":3,"Letter Opener":2,"Ancient Tea Set":12,"Burning Blood":0,"White Beast Statue":16,"Blood Vial":6,"Runic Dome":7,"SlaversCollar":15,"MutagenicStrength":11,"Molten Egg 2":11,"Bottled Lightning":3,"Toxic Egg 2":4,"Meat on the Bone":2},{"CeramicFish":11,"Letter Opener":7,"Ancient Tea Set":46,"Burning Blood":0,"White Beast Statue":64,"Blood Vial":22,"Runic Dome":31,"SlaversCollar":61,"MutagenicStrength":42,"Molten Egg 2":42,"Bottled Lightning":11,"Toxic Egg 2":17,"Meat on the Bone":7}],"Burning Blood":105,"Meat on the Bone":48},"card_choices":[{"not_picked":["Heavy Blade","Wild Strike"],"picked":"Carnage","floor":0.0},{"not_picked":["Anger","Thunderclap"],"picked":"Armaments","floor":0.0},{"not_picked":["Iron Wave","Entrench"],"picked":"Flex","floor":0.0},{"not_picked":["Pommel Strike","Armaments"],"picked":"True Grit","floor":0.0},{"not_picked":["Havoc","Heavy Blade"],"picked":"Feel No Pain","floor":0.0},{"not_picked":["Anger","Wild Strike"],"picked":"Shockwave","floor":0.0},{"not_picked":["Power Through","Wild Strike"],"picked":"Spot Weakness","floor":0.0},{"not_picked":["Cleave","Flex"],"picked":"Shrug It Off","floor":0.0},{"not_picked":["Clash","Spot Weakness"],"picked":"Shrug It Off","floor":0.0},{"not_picked":["Shockwave","Rampage"],"picked":"Spot Weakness","floor":0.0},{"not_picked":["Bloodletting","Clothesline"],"picked":"Warcry","floor":0.0},{"not_picked":["Flex","Inflame"],"picked":"Sentinel","floor":0.0},{"not_picked":["Warcry","Shrug It Off"],"picked":"Inflame","floor":0.0},{"not_picked":["Second Wind","Uppercut"],"picked":"Heavy Blade","floor":0.0},{"not_picked":["Warcry","Iron Wave"],"picked":"Body Slam","floor":0.0},{"not_picked":["Shrug It Off","Flex"],"picked":"Warcry","floor":1.0},{"not_picked":["Clash","Flex"],"picked":"Wild Strike","floor":2.0},{"not_picked":["Shrug It Off","Evolve"],"picked":"Body Slam","floor":6.0},{"not_picked":["Searing Blow","Bloodletting+1"],"picked":"Whirlwind","floor":10.0},{"not_picked":["Burning Pact+1","Flame Barrier+1"],"picked":"Disarm+1","floor":13.0},{"not_picked":["True Grit+1","Corruption"],"picked":"Limit Break+1","floor":14.0},{"not_picked":["Exhume+1","Demon Form"],"picked":"Corruption","floor":16.0},{"not_picked":["Pommel Strike","Clash"],"picked":"Anger+1","floor":18.0},{"not_picked":["Wild Strike","Clothesline"],"picked":"Anger+1","floor":19.0},{"not_picked":["Thunderclap","Uppercut"],"picked":"Ghostly Armor+1","floor":22.0},{"not_picked":["Twin Strike","Pommel Strike"],"picked":"True Grit+1","floor":24.0},{"not_picked":["Clash+1","Clothesline+1","Perfected Strike+1"],"picked":"SKIP","floor":28.0},{"not_picked":["Sword Boomerang+1","Dropkick+1"],"picked":"Intimidate+1","floor":29.0},{"not_picked":["Flex+1","Clash+1"],"picked":"Body Slam+1","floor":30.0},{"not_picked":["Corruption","Double Tap+1"],"picked":"Juggernaut","floor":33.0},{"not_picked":["Thunderclap+1","Perfected Strike+1"],"picked":"Dropkick+1","floor":35.0},{"not_picked":["Rampage+1","Hemokinesis+1","Sever Soul+1"],"picked":"SKIP","floor":37.0},{"not_picked":["Iron Wave+1","Armaments+1"],"picked":"Shrug It Off+1","floor":38.0}],"player_experience":873497,"relics_obtained":[{"floor":4.0,"key":"Letter Opener"},{"floor":5.0,"key":"Meat on the Bone"},{"floor":6.0,"key":"Bottled Lightning"},{"floor":9.0,"key":"CeramicFish"},{"floor":10.0,"key":"Toxic Egg 2"},{"floor":14.0,"key":"Blood Vial"},{"floor":26.0,"key":"Molten Egg 2"},{"floor":28.0,"key":"Ancient Tea Set"}],"event_choices":[{"damage_healed":0.0,"max_hp_gain":0.0,"max_hp_loss":0.0,"gold_gain":0.0,"event_name":"Liars Game","player_choice":"Ignored","floor":11.0,"gold_loss":0.0,"damage_taken":0.0},{"damage_healed":0.0,"max_hp_gain":0.0,"max_hp_loss":0.0,"gold_gain":0.0,"event_name":"Lab","player_choice":"Got Potions","floor":21.0,"gold_loss":0.0,"damage_taken":0.0},{"damage_healed":0.0,"max_hp_gain":0.0,"max_hp_loss":0.0,"gold_gain":0.0,"event_name":"Drug Dealer","player_choice":"Inject Mutagens","floor":27.0,"gold_loss":0.0,"damage_taken":0.0,"relics_obtained":["MutagenicStrength"]},{"cards_removed":["Anger"],"damage_healed":0.0,"max_hp_gain":0.0,"max_hp_loss":0.0,"gold_gain":0.0,"event_name":"Back to Basics","player_choice":"Elegance","floor":31.0,"gold_loss":0.0,"damage_taken":0.0},{"damage_healed":0.0,"max_hp_gain":0.0,"max_hp_loss":0.0,"gold_gain":0.0,"event_name":"WeMeetAgain","player_choice":"Gave Potion","floor":36.0,"gold_loss":0.0,"damage_taken":0.0,"relics_obtained":["White Beast Statue"]}],"is_beta":false,"boss_relics":[{"not_picked":["Black Star","Astrolabe"],"picked":"Runic Dome"},{"not_picked":["Busted Crown","Calling Bell"],"picked":"SlaversCollar"}],"items_purged_floors":[],"is_endless":false,"potions_floor_spawned":[2,6,13,22,24,30,33,37,38],"killed_by":"Spire Growth","ascension_level":20}}