{"host":"0dsi8ju7ih3zb7n8","time":1612205220,"event":{"mods":["2.2 Compatiblity","Act Like it!","BaseMod","Downfall","Hermit","Minty Spire (QoL Compilation)","Robot Space Explorer","Spicy Shops","StSLib","The Marked"],"gold_per_floor":[99,115,215,215,215,215,266,266,276,307,307,307,340,790,806,806,806,806],"floor_reached":16,"language":"ENG","playtime":740,"items_purged":[],"score":131,"play_id":"c02f8ea8-f6ef-4115-8091-b720d0b40166","local_time":"20210201194659","daily_mods":["SealedDeck","Heirloom","Flight","downfall:Jewelcrafting"],"is_ascension_mode":false,"campfire_choices":[{"data":"Guardian:DecasProtection","floor":6,"key":"SMITH"},{"data":"Guardian:ConstructionForm","floor":12,"key":"SMITH"}],"circlet_count":0,"master_deck":["Guardian:ExploitGems","Guardian:ExploitGems","Guardian:Incinerate","Guardian:DecasProtection+1","Guardian:BronzeOrb","Guardian:EvasiveProtocol","Guardian:CrystalBeam","Guardian:EvasiveProtocol","Guardian:TemporalStrike","Guardian:RefractedBeam","Guardian:Harden","Regret","Guardian:TimeCapacitor","Guardian:ConstructionForm+1","Guardian:Gem_Blue","downfall:Icky","downfall:Icky","downfall:Icky","Guardian:GuardianWhirl"],"relics":["Guardian:ModeShifter","Guardian:PickAxe","Gambling Chip","downfall:ShatteredFragment","Meat on the Bone","Eternal Feather","PreservedInsect","Bag of Preparation"],"acts_visited":["Exordium"],"potions_floor_usage":[16,16],"damage_taken":[{"damage":2,"enemies":"Small Slimes","floor":2,"turns":3},{"damage":3,"enemies":"Jaw Worm","floor":9,"turns":2},{"damage":6,"enemies":"Gremlin Nob","floor":10,"turns":4},{"damage":6,"enemies":"3 Sentries","floor":13,"turns":4},{"damage":6,"enemies":"2 Louse","floor":15,"turns":3},{"damage":59,"enemies":"WA_ARCHETYPE_RETAIN","floor":16,"turns":7}],"seed_played":"-238876408665916508","potions_obtained":[{"floor":2,"key":"ColorlessPotion"},{"floor":15,"key":"Weak Potion"}],"is_trial":true,"path_per_floor":["R","M","?","?","?","R","T","?","M","E","R","R","E","?","M","B"],"character_chosen":"GUARDIAN","items_purchased":[],"campfire_rested":0,"item_purchase_floors":[],"current_hp_per_floor":[80,78,78,54,54,54,54,51,48,42,48,57,51,51,45,0,0,0],"gold":806,"neow_bonus":"","is_daily":false,"chose_seed":false,"campfire_upgraded":2,"win_rate":0.0,"timestamp":1612205219,"path_taken":["R","M","?","?","?","R","T","?","?","E","R","R","E","?","M","BOSS"],"items_purchased_type":[],"build_version":"2020-12-22","purchased_purges":0,"victory":false,"max_hp_per_floor":[80,80,80,80,80,80,80,80,80,80,80,80,80,80,80,80,80,80],"card_choices":[{"not_picked":["Guardian:WalkerClaw","Guardian:Reroute"],"picked":"Guardian:Harden","floor":2},{"not_picked":["Guardian:PiercingHide","Guardian:BronzeArmor"],"picked":"Guardian:TimeCapacitor","floor":9},{"not_picked":["Guardian:SentryBeam","Guardian:ChargeCore"],"picked":"Guardian:ConstructionForm","floor":10},{"not_picked":["Guardian:Gem_Red","Guardian:WalkerClaw"],"picked":"Guardian:Gem_Blue","floor":13},{"not_picked":["Guardian:TemporalShield","Guardian:PiercingHide"],"picked":"Guardian:GuardianWhirl","floor":15}],"player_experience":842211,"relics_obtained":[{"floor":10,"key":"PreservedInsect"},{"floor":13,"key":"Bag of Preparation"}],"event_choices":[{"damage_healed":0,"gold_gain":0,"player_choice":"Box","damage_taken":0,"relics_obtained":["Meat on the Bone"],"max_hp_gain":0,"max_hp_loss":0,"event_name":"Big Fish","floor":5,"gold_loss":0,"cards_obtained":["Regret"]},{"damage_healed":0,"gold_gain":0,"player_choice":"Success","damage_taken":3,"relics_obtained":["Eternal Feather"],"max_hp_gain":0,"max_hp_loss":0,"event_name":"Scrap Ooze","floor":8,"gold_loss":0}],"is_beta":false,"boss_relics":[],"items_purged_floors":[],"is_endless":false,"potions_floor_spawned":[2,15],"killed_by":"WA_ARCHETYPE_RETAIN","ascension_level":0}}