{"host":"9n6i2vl93jt4o42q","time":1612172666,"event":{"mods":["BaseMod","Minty Spire (QoL Compilation)","Relic Stats"],"gold_per_floor":[111,127,52,71,71,101,13,13,37,37,55,55,55],"floor_reached":12,"language":"ENG","playtime":1277,"items_purged":[],"score":156,"play_id":"7dec04da-60f5-4ee2-a567-317bd7d45804","local_time":"20210201104426","is_ascension_mode":true,"campfire_choices":[{"floor":8.0,"key":"REST"},{"data":"Bane","floor":10.0,"key":"SMITH"}],"circlet_count":0,"master_deck":["AscendersBane","Strike_G","Strike_G","Strike_G","Strike_G","Strike_G","Defend_G","Defend_G","Defend_G","Defend_G","Survivor","Neutralize","Well Laid Plans","Footwork","Deflect","Backflip","Bane+1","Noxious Fumes","Dagger Spray"],"relics":["Ring of the Snake","Anchor","Vajra","Smiling Mask"],"acts_visited":["Exordium"],"potions_floor_usage":[12],"damage_taken":[{"damage":1.0,"enemies":"Small Slimes","floor":1.0,"turns":4.0},{"damage":3.0,"enemies":"2 Louse","floor":2.0,"turns":3.0},{"damage":1.0,"enemies":"Cultist","floor":4.0,"turns":5.0},{"damage":25.0,"enemies":"3 Sentries","floor":6.0,"turns":22.0},{"damage":17.0,"enemies":"Exordium Wildlife","floor":11.0,"turns":4.0},{"damage":36,"enemies":"Gremlin Nob","floor":12,"turns":4}],"seed_played":"-1023343077935952443","potions_obtained":[{"floor":6.0,"key":"ColorlessPotion"}],"is_trial":false,"path_per_floor":["M","M","?","M","?","E","$","R","T","R","M","E"],"character_chosen":"THE_SILENT","items_purchased":["Noxious Fumes"],"campfire_rested":1,"item_purchase_floors":[7],"current_hp_per_floor":[58,55,55,54,43,18,18,37,37,37,20,0,0],"gold":55,"neow_bonus":"THREE_CARDS","is_daily":false,"chose_seed":false,"campfire_upgraded":1,"win_rate":0.0,"timestamp":1612172666,"path_taken":["M","M","?","M","?","E","$","R","T","R","M","E"],"items_purchased_type":["Card"],"build_version":"2020-12-22","purchased_purges":0,"victory":false,"max_hp_per_floor":[66,66,66,66,66,66,66,66,66,66,66,66,66],"relic_stats":{"counters":[6,42],"Smiling Mask":0,"obtain_stats":[{"Anchor":5,"Vajra":6,"Smiling Mask":9,"Ring of the Snake":0},{"Anchor":3,"Vajra":4,"Smiling Mask":4,"Ring of the Snake":0},{"Anchor":12,"Vajra":34,"Smiling Mask":34,"Ring of the Snake":0}],"Ring of the Snake":[12]},"card_choices":[{"not_picked":["Flechettes","Reflex"],"picked":"Well Laid Plans","floor":0.0},{"not_picked":["Quick Slash","Prepared"],"picked":"Footwork","floor":1.0},{"not_picked":["Tactician","Skewer"],"picked":"Deflect","floor":2.0},{"not_picked":["Deflect","Riddle With Holes"],"picked":"Backflip","floor":4.0},{"not_picked":["Riddle With Holes","Dodge and Roll"],"picked":"Bane","floor":6.0},{"not_picked":["PiercingWail","Eviscerate"],"picked":"Dagger Spray","floor":11.0}],"player_experience":2372179,"relics_obtained":[{"floor":6.0,"key":"Vajra"},{"floor":9.0,"key":"Smiling Mask"}],"event_choices":[{"cards_removed":["Defend_G"],"damage_healed":0.0,"max_hp_gain":0.0,"max_hp_loss":0.0,"gold_gain":0.0,"event_name":"The Cleric","player_choice":"Card Removal","floor":3.0,"gold_loss":75.0,"damage_taken":0.0},{"damage_healed":0.0,"max_hp_gain":0.0,"max_hp_loss":0.0,"gold_gain":0.0,"event_name":"Scrap Ooze","player_choice":"Success","floor":5.0,"gold_loss":0.0,"damage_taken":11.0,"relics_obtained":["Anchor"]}],"is_beta":false,"boss_relics":[],"items_purged_floors":[],"is_endless":false,"potions_floor_spawned":[6],"killed_by":"Gremlin Nob","ascension_level":20}}