{"host":"6wux4armhsntp4yb","time":1612188756,"event":{"mods":["BaseMod","Colored Map","DeckTracker","Minty Spire (QoL Compilation)","Relic Stats"],"gold_per_floor":[113,113,127,144,157,157,189,189,189,207,14,36,69,88,88,161,161,181,181,198,198,212,212,225,225,249,276,276,276,276,290,290,364,364,375,209,209,226,236,248,248,278,326,346,372,372,372,385,385,385,385],"floor_reached":50,"language":"JPN","playtime":3523,"items_purged":["Strike_G"],"score":1068,"play_id":"6fb57b9b-a38c-456e-a846-8d64afcaf6e0","local_time":"20210201231236","is_ascension_mode":true,"campfire_choices":[{"data":"Terror","floor":6.0,"key":"SMITH"},{"data":"Neutralize","floor":8.0,"key":"SMITH"},{"data":"Wraith Form v2","floor":15.0,"key":"SMITH"},{"data":"Venomology","floor":23.0,"key":"SMITH"},{"data":"Malaise","floor":25.0,"key":"SMITH"},{"data":"Accuracy","floor":29.0,"key":"SMITH"},{"data":"Deflect","floor":32.0,"key":"SMITH"},{"floor":41,"key":"REST"},{"floor":46,"key":"REST"},{"floor":49,"key":"RECALL"}],"circlet_count":0,"master_deck":["AscendersBane","Strike_G","Strike_G","Strike_G","Defend_G","Defend_G","Defend_G","Defend_G","Defend_G","Survivor","Neutralize+1","Slice","Die Die Die","Leg Sweep","Terror+1","Predator","Backstab","Heel Hook","Dagger Spray","Infinite Blades","Wraith Form v2+1","Slice","Venomology+1","Dodge and Roll+1","Malaise+1","Accuracy+1","Deflect+1","PiercingWail+1","Tools of the Trade","Enlightenment","Dark Shackles","PiercingWail","Storm of Steel","Underhanded Strike+1"],"relics":["Ring of the Snake","WingedGreaves","Shuriken","Gremlin Horn","Bag of Preparation","Odd Mushroom","Strawberry","Runic Pyramid","Letter Opener","Fusion Hammer","Anchor","PreservedInsect","Blue Candle","Happy Flower"],"acts_visited":["Exordium","TheCity","TheBeyond"],"potions_floor_usage":[33,33,35,38,39,40,40,42,42,45,45,50,50,50],"damage_taken":[{"damage":1.0,"enemies":"2 Louse","floor":1.0,"turns":3.0},{"damage":0.0,"enemies":"Cultist","floor":3.0,"turns":3.0},{"damage":0.0,"enemies":"Jaw Worm","floor":4.0,"turns":5.0},{"damage":0.0,"enemies":"Looter","floor":5.0,"turns":3.0},{"damage":15.0,"enemies":"3 Sentries","floor":7.0,"turns":7.0},{"damage":0.0,"enemies":"2 Fungi Beasts","floor":10.0,"turns":2.0},{"damage":0.0,"enemies":"The Mushroom Lair","floor":12.0,"turns":4.0},{"damage":13.0,"enemies":"Lagavulin","floor":13.0,"turns":4.0},{"damage":1.0,"enemies":"Exordium Thugs","floor":14.0,"turns":4.0},{"damage":8.0,"enemies":"Hexaghost","floor":16.0,"turns":7.0},{"damage":12.0,"enemies":"3 Byrds","floor":18.0,"turns":5.0},{"damage":7.0,"enemies":"Shell Parasite","floor":20.0,"turns":5.0},{"damage":0.0,"enemies":"Snecko","floor":22.0,"turns":7.0},{"damage":2.0,"enemies":"Shelled Parasite and Fungi","floor":24.0,"turns":5.0},{"damage":1.0,"enemies":"Gremlin Leader","floor":27.0,"turns":4.0},{"damage":0.0,"enemies":"Centurion and Healer","floor":31.0,"turns":6.0},{"damage":4,"enemies":"Automaton","floor":33,"turns":10},{"damage":0,"enemies":"3 Shapes","floor":35,"turns":4},{"damage":0,"enemies":"3 Darklings","floor":38,"turns":6},{"damage":31,"enemies":"Spire Growth","floor":39,"turns":5},{"damage":0,"enemies":"Transient","floor":40,"turns":6},{"damage":4,"enemies":"Reptomancer","floor":42,"turns":5},{"damage":1,"enemies":"Writhing Mass","floor":44,"turns":7},{"damage":1,"enemies":"Nemesis","floor":45,"turns":7},{"damage":0,"enemies":"Maw","floor":48,"turns":6},{"damage":43,"enemies":"Time Eater","floor":50,"turns":9}],"seed_played":"8449955890022513596","potions_obtained":[{"floor":1.0,"key":"LiquidBronze"},{"floor":7.0,"key":"Dexterity Potion"},{"floor":12.0,"key":"EntropicBrew"},{"floor":16.0,"key":"Energy Potion"},{"floor":20.0,"key":"DistilledChaos"},{"floor":22.0,"key":"Dexterity Potion"},{"floor":24.0,"key":"Energy Potion"},{"floor":27.0,"key":"Block Potion"},{"floor":38,"key":"AttackPotion"},{"floor":39,"key":"PowerPotion"},{"floor":40,"key":"GhostInAJar"},{"floor":44,"key":"Fruit Juice"},{"floor":45,"key":"SteroidPotion"}],"is_trial":false,"path_per_floor":["M","?","M","M","M","R","E","R","T","M","$","?","E","M","R","B",null,"M","?","M","?","M","R","M","R","T","E","?","R","?","M","R","B",null,"M","$","?","M","M","M","R","E","T","M","E","R","?","M","R","B"],"character_chosen":"THE_SILENT","items_purchased":["Bag of Preparation","Dagger Spray","Enlightenment"],"campfire_rested":2,"item_purchase_floors":[11,11,36],"current_hp_per_floor":[58,58,58,58,58,58,43,43,43,43,43,43,37,36,36,28,57,45,27,20,20,20,20,18,18,18,17,17,17,17,17,17,13,57,57,57,57,57,26,26,47,43,43,42,60,77,77,77,77,34,34],"gold":385,"neow_bonus":"ONE_RARE_RELIC","is_daily":false,"chose_seed":false,"campfire_upgraded":7,"win_rate":0.0,"timestamp":1612188756,"path_taken":["M","?","M","?","M","R","E","R","T","M","$","?","E","M","R","BOSS","M","?","M","?","M","R","?","R","T","E","?","R","?","M","R","BOSS","M","$","?","M","M","M","R","E","T","M","E","R","?","M","R","BOSS"],"items_purchased_type":["Relic","Card","Card"],"build_version":"2020-12-22","purchased_purges":1,"victory":false,"max_hp_per_floor":[60,60,60,60,60,60,60,60,60,60,60,60,67,67,67,67,67,67,72,72,72,72,72,72,72,72,72,72,72,72,72,72,72,72,72,72,72,72,72,72,72,72,72,72,77,77,77,77,77,77,77],"relic_stats":{"Gremlin Horn":[22,23],"Happy Flower":[5],"counters":[26,139],"Shuriken":[80],"Blue Candle":[0],"PreservedInsect":50,"Bag of Preparation":[40],"Letter Opener":[169],"obtain_stats":[{"Gremlin Horn":9,"Happy Flower":47,"Blue Candle":45,"PreservedInsect":43,"Bag of Preparation":11,"Letter Opener":27,"Odd Mushroom":12,"Anchor":42,"Shuriken":7,"Strawberry":13,"WingedGreaves":0,"Fusion Hammer":34,"Ring of the Snake":0,"Runic Pyramid":17},{"Gremlin Horn":5,"Happy Flower":24,"Blue Candle":24,"PreservedInsect":22,"Bag of Preparation":6,"Letter Opener":15,"Odd Mushroom":7,"Anchor":22,"Shuriken":5,"Strawberry":8,"WingedGreaves":0,"Fusion Hammer":17,"Ring of the Snake":0,"Runic Pyramid":10},{"Gremlin Horn":21,"Happy Flower":124,"Blue Candle":124,"PreservedInsect":110,"Bag of Preparation":23,"Letter Opener":68,"Odd Mushroom":27,"Anchor":110,"Shuriken":21,"Strawberry":31,"WingedGreaves":0,"Fusion Hammer":84,"Ring of the Snake":0,"Runic Pyramid":42}],"Ring of the Snake":[52]},"card_choices":[{"not_picked":["Finisher","Poisoned Stab"],"picked":"Slice","floor":1.0},{"not_picked":["Deflect","Bane"],"picked":"Leg Sweep","floor":3.0},{"not_picked":["Grand Finale","Calculated Gamble"],"picked":"Terror","floor":4.0},{"not_picked":["Deflect","PiercingWail"],"picked":"Predator","floor":5.0},{"not_picked":["Backflip","Acrobatics"],"picked":"Backstab","floor":7.0},{"not_picked":["Poisoned Stab","Distraction"],"picked":"Heel Hook","floor":10.0},{"not_picked":["Choke","Prepared"],"picked":"Infinite Blades","floor":12.0},{"not_picked":["Crippling Poison","Quick Slash"],"picked":"Wraith Form v2","floor":13.0},{"not_picked":["Concentrate","Underhanded Strike"],"picked":"Slice","floor":14.0},{"not_picked":["Malaise","A Thousand Cuts"],"picked":"Venomology","floor":16.0},{"not_picked":["Poisoned Stab","Backflip"],"picked":"Dodge and Roll+1","floor":18.0},{"not_picked":["Expertise","Poisoned Stab","Dagger Throw"],"picked":"SKIP","floor":20.0},{"not_picked":["Blade Dance","Quick Slash"],"picked":"Accuracy","floor":22.0},{"not_picked":["Distraction","Blade Dance"],"picked":"Deflect","floor":24.0},{"not_picked":["Cloak And Dagger","Heel Hook"],"picked":"PiercingWail+1","floor":27.0},{"not_picked":["Masterful Stab","Caltrops","Acrobatics"],"picked":"SKIP","floor":31.0},{"not_picked":["A Thousand Cuts","Die Die Die"],"picked":"Tools of the Trade","floor":33},{"not_picked":["Distraction","Dodge and Roll","Choke+1"],"picked":"SKIP","floor":35},{"not_picked":["Enlightenment","Jack Of All Trades"],"picked":"Dark Shackles","floor":37},{"not_picked":["Deflect+1","Sucker Punch+1","Dagger Throw"],"picked":"SKIP","floor":38},{"not_picked":["Slice+1","Flechettes"],"picked":"PiercingWail","floor":39},{"not_picked":["Flechettes+1","Accuracy","Bane"],"picked":"SKIP","floor":40},{"not_picked":["Flechettes+1","Accuracy","Bane"],"picked":"SKIP","floor":40},{"not_picked":["PiercingWail+1","Glass Knife"],"picked":"Storm of Steel","floor":42},{"not_picked":["Underhanded Strike+1","Concentrate","Endless Agony"],"picked":"SKIP","floor":44},{"not_picked":["Concentrate","Endless Agony"],"picked":"Underhanded Strike+1","floor":44},{"not_picked":["Sucker Punch+1","Acrobatics","Riddle With Holes"],"picked":"SKIP","floor":45},{"not_picked":["Caltrops+1","Leg Sweep+1","Bane"],"picked":"SKIP","floor":48}],"player_experience":5830757,"relics_obtained":[{"floor":7.0,"key":"Shuriken"},{"floor":9.0,"key":"Gremlin Horn"},{"floor":12.0,"key":"Odd Mushroom"},{"floor":13.0,"key":"Strawberry"},{"floor":27.0,"key":"Letter Opener"},{"floor":42,"key":"Anchor"},{"floor":43,"key":"PreservedInsect"},{"floor":45,"key":"Blue Candle"}],"event_choices":[{"damage_healed":0.0,"max_hp_gain":0.0,"max_hp_loss":0.0,"gold_gain":0.0,"event_name":"Match and Keep!","player_choice":"1 cards matched","floor":2.0,"gold_loss":0.0,"damage_taken":0.0,"cards_obtained":["Die Die Die"]},{"damage_healed":0.0,"max_hp_gain":0.0,"max_hp_loss":0.0,"gold_gain":0.0,"event_name":"Mushrooms","player_choice":"Fought Mushrooms","floor":12.0,"gold_loss":0.0,"damage_taken":0.0},{"damage_healed":0.0,"max_hp_gain":5.0,"max_hp_loss":0.0,"gold_gain":0.0,"event_name":"Forgotten Altar","player_choice":"Shed Blood","floor":19.0,"gold_loss":0.0,"damage_taken":23.0},{"damage_healed":0.0,"max_hp_gain":0.0,"max_hp_loss":0.0,"gold_gain":0.0,"cards_transformed":["Strike_G"],"event_name":"Transmorgrifier","player_choice":"Transformed","floor":21.0,"gold_loss":0.0,"damage_taken":0.0,"cards_obtained":["Malaise"]},{"damage_healed":0.0,"max_hp_gain":0.0,"max_hp_loss":0.0,"gold_gain":0.0,"event_name":"Ghosts","player_choice":"Ignored","floor":28.0,"gold_loss":0.0,"damage_taken":0.0},{"damage_healed":0.0,"max_hp_gain":0.0,"max_hp_loss":0.0,"gold_gain":0.0,"event_name":"The Mausoleum","player_choice":"Ignored","floor":30.0,"gold_loss":0.0,"damage_taken":0.0},{"damage_healed":0,"gold_gain":0,"player_choice":"Memory 1","damage_taken":0,"max_hp_gain":0,"max_hp_loss":0,"event_name":"SensoryStone","floor":37,"gold_loss":0},{"damage_healed":0,"gold_gain":0,"player_choice":"Gave Potion","damage_taken":0,"relics_obtained":["Happy Flower"],"max_hp_gain":0,"max_hp_loss":0,"event_name":"WeMeetAgain","floor":47,"gold_loss":0}],"is_beta":false,"boss_relics":[{"not_picked":["SacredBark","Velvet Choker"],"picked":"Runic Pyramid"},{"not_picked":["Runic Dome","Snecko Eye"],"picked":"Fusion Hammer"}],"items_purged_floors":[36],"is_endless":false,"potions_floor_spawned":[1,7,12,16,20,22,24,27,38,39,40,44,45],"killed_by":"Time Eater","ascension_level":20}}