{"host":"laht7omblfcukqgz","time":1612194752,"event":{"mods":["Act Like it!","Astrologer","BaseMod","Beaked The Cultist","Card Forge","Colored Map","Colored Powertips","Gensokyo","GifTheSpireLib","HololiveMod","KinomotoSakuraMod(ñÿîVñ{?)","MarisaÅiñ∂âJÅ@ñÇóùçπÅj","Minty Spire (QoL Compilation)","Prisma Mod","RemiliaÅiÂQïƒ‰ª?Åj","StSLib","The Cursed"],"gold_per_floor":[185,185,197,197,217,251,181,195,241,269,313,325,367,394,406,516,528,552,564,392,419,283,311,311,344,419,448,459,459,485,499,499,599,899,917,965,869,888,904,937,955,984,1011,1043,1059,229,276,276,276,276,276,276,14,45,45],"floor_reached":56,"language":"JPN","playtime":4531,"items_purged":[],"score":1956,"play_id":"41c650e4-1b13-4f03-aa49-452ed0ebaeca","local_time":"20210202005232","is_ascension_mode":true,"campfire_choices":[{"data":"Hololive_Recruit","floor":15,"key":"SMITH"},{"floor":24,"key":"RECALL"},{"floor":29,"key":"REST"},{"data":"Hololive_StrengthChampion+7","floor":32,"key":"SMITH"},{"floor":49,"key":"REST"},{"data":"Gensokyo:RedCapeBlueCape","floor":52,"key":"SMITH"}],"circlet_count":0,"master_deck":["Hololive_Strike+1","Hololive_Strike+1","Hololive_Defend+1","Hololive_Defend+1","Hololive_Breathe+1","Hololive_CallCivia+1","Hololive_CallKiryuuCoco+1","Hololive_CallShirakamiFubuki+1","Hololive_CallDoris+1","Hololive_CallYozoraMel+1","Hololive_CallUruhaRushia+1","Hololive_StrengthChampion+9","Hololive_CandyCastle+1","Hololive_StrengthChampion+8","Hololive_CallMoonaHoshinova+1","Hololive_CocoNews+1","Hololive_Recruit+1","Hololive_CallYuzukiChoco+1","Hololive_CallOkamiMio+1","Hololive_StarCraft+1","Gensokyo:LittleGreenMen+1","Hololive_CallAkiRosenthal+1","Gensokyo:TekeTeke+1","Hololive_SummonFox+1","Hololive_BeCareful+1","Hololive_HuntDinosaur+1","Hololive_HighAtkLowDef+1","Hololive_CallInugamiKorone+1","Hololive_Psychosis+1","Hololive_CallHimemoriLuna+1","Hololive_Rebirth+1","CurseOfTheBell","Hololive_CallRoboco+1","Hololive_CallHoshimachiSuisei+1","Hololive_FlyingPonyTail+1","Hololive_CallUsadaPekora+1","Hololive_CallOmaruPolka+1","Hololive_CallManoAloe+1","Hololive_CallTokinoSora+1","Hololive_CallAkaiHaato+1","Hololive_ScarfAndHalo+1","Hololive_CallHoushouMarine+1","Gensokyo:RedCapeBlueCape+1","Hololive_Psychosis+1","Hololive_CallYogiri+1"],"relics":["Hololive_TheStar","Hammer of Thor","Seething Fire","Anvil of the Gods","Gensokyo:NagashiBinaDoll","Frozen Egg 2","Hololive_FriedShrimpLion","MawBank","Du-Vu Doll","Gensokyo:LunaticRedEyes","MealTicket","beaked:SacredDeck","Incense Burner","Oddly Smooth Stone","Potion Belt","Question Card","Meat on the Bone","Gambling Chip","Calling Bell","Vajra","Sundial","Old Coin","Darkstone Periapt","Lizard Tail","Lantern","Orichalcum","ClockworkSouvenir","Medical Kit","Cauldron","Strange Spoon","Molten Egg 2","Gremlin Horn","Blood Vial"],"acts_visited":["Gensokyo:Gensokyo","Gensokyo:Gensokyoer","Gensokyo:Gensokyoest","TheEnding"],"potions_floor_usage":[55,55,55,55,55],"damage_taken":[{"damage":0,"enemies":"Gensokyo:3_Fairies","floor":1,"turns":4},{"damage":0,"enemies":"Gensokyo:Python","floor":3,"turns":2},{"damage":0,"enemies":"Gensokyo:2_Kodama","floor":5,"turns":2},{"damage":0,"enemies":"Gensokyo:Cirno","floor":6,"turns":6},{"damage":0,"enemies":"Gensokyo:LivingMonolith","floor":8,"turns":2},{"damage":0,"enemies":"Gensokyo:Kitsune","floor":10,"turns":2},{"damage":0,"enemies":"Gensokyo:Aya","floor":11,"turns":4},{"damage":0,"enemies":"Gensokyo:Cirno","floor":13,"turns":7},{"damage":0,"enemies":"Gensokyo:Gryphon_and_Rabbit","floor":14,"turns":4},{"damage":0,"enemies":"Gensokyo:Reimu","floor":16,"turns":9},{"damage":0,"enemies":"Gensokyo:AngelMirror","floor":18,"turns":2},{"damage":0,"enemies":"Gensokyo:Chomper","floor":21,"turns":3},{"damage":0,"enemies":"Gensokyo:Reisen","floor":23,"turns":6},{"damage":0,"enemies":"Gensokyo:Koishi","floor":25,"turns":4},{"damage":0,"enemies":"Gensokyo:Tenshi","floor":27,"turns":4},{"damage":0,"enemies":"Gensokyo:Wraith","floor":28,"turns":4},{"damage":0,"enemies":"Gensokyo:Koishi","floor":30,"turns":4},{"damage":0,"enemies":"Gensokyo:Chomper_and_Gloop","floor":31,"turns":3},{"damage":0,"enemies":"Gensokyo:Kaguya","floor":33,"turns":7},{"damage":0,"enemies":"Gensokyo:AncientGuardian","floor":35,"turns":4},{"damage":0,"enemies":"Gensokyo:3_Boulders","floor":38,"turns":5},{"damage":0,"enemies":"Gensokyo:AtlasGolem","floor":39,"turns":3},{"damage":0,"enemies":"Gensokyo:Marisa","floor":40,"turns":5},{"damage":0,"enemies":"Gensokyo:SeedOfUnknown","floor":41,"turns":4},{"damage":0,"enemies":"Gensokyo:Doremy","floor":42,"turns":5},{"damage":0,"enemies":"Gensokyo:Kasen","floor":44,"turns":6},{"damage":0,"enemies":"Gensokyo:Dusk_and_Dawn","floor":45,"turns":4},{"damage":0,"enemies":"Gensokyo:Marisa","floor":47,"turns":3},{"damage":0,"enemies":"Gensokyo:Shinki","floor":50,"turns":7},{"damage":0,"enemies":"Shield and Spear","floor":54,"turns":5},{"damage":0,"enemies":"The Heart","floor":55,"turns":5}],"seed_played":"-6393193434654681164","potions_obtained":[{"floor":1,"key":"SkillPotion"},{"floor":3,"key":"SteroidPotion"},{"floor":6,"key":"Weak Potion"},{"floor":14,"key":"CultistPotion"},{"floor":25,"key":"BlessingOfTheForge"},{"floor":30,"key":"ColorlessPotion"},{"floor":46,"key":"Strength Potion"},{"floor":46,"key":"DistilledChaos"}],"is_trial":false,"path_per_floor":["M","?","M","?","M","E","?","M","T","M","E","?","E","M","R","B",null,"M","T","COS","M","$","E","R","E","T","E","M","R","E","M","R","B",null,"M","T","$","M","M","E","M","E","T","E","M","COS","E","?","R","B",null,"R","$","E","B",null],"character_chosen":"Hololive_HololiveCharacter","items_purchased":["Hololive_BeCareful","Hololive_CallHoshimachiSuisei+1","Hololive_FlyingPonyTail","Gremlin Horn"],"campfire_rested":2,"item_purchase_floors":[22,37,37,53],"current_hp_per_floor":[35,35,35,35,35,35,35,35,35,35,35,35,35,35,35,35,35,35,35,35,35,35,35,35,35,35,35,35,35,35,35,35,35,35,35,35,35,35,35,35,35,35,35,35,35,35,35,30,35,35,35,35,35,35,35],"gold":45,"neow_bonus":"HUNDRED_GOLD","is_daily":false,"chose_seed":false,"campfire_upgraded":3,"win_rate":0.0,"timestamp":1612194752,"path_taken":["M","?","M","?","M","E","?","?","T","M","E","?","E","M","R","BOSS","M","?","COS","M","$","E","R","E","T","E","M","R","E","?","R","BOSS","M","?","?","M","M","E","M","E","T","E","M","COS","E","?","R","BOSS","R","$","E","BOSS"],"items_purchased_type":["Card","Card","Card","Relic"],"build_version":"2020-12-22","purchased_purges":0,"victory":true,"max_hp_per_floor":[35,35,35,35,35,35,35,35,35,35,35,35,35,35,35,35,35,35,35,35,35,35,35,35,35,35,35,35,35,35,35,35,35,35,35,35,35,35,35,35,35,35,35,35,35,35,35,35,35,35,35,35,35,35,35],"card_choices":[{"not_picked":["Hololive_CallYuzukiChoco","Hololive_LuckPotion","Hololive_CallTokoyamiTowa"],"picked":"Hololive_CallUruhaRushia","floor":1},{"not_picked":["Hololive_LuckPotion","Hololive_HuntDinosaur","Hololive_RevenueBasedLive"],"picked":"Hololive_StrengthChampion","floor":3},{"not_picked":["Hololive_Breathe","Hololive_RevenueBasedLive","Hololive_Drill"],"picked":"Hololive_CandyCastle","floor":5},{"not_picked":["Hololive_CocoNews","Hololive_DevilCharm","Hololive_RevenueBasedLive"],"picked":"Hololive_StrengthChampion","floor":6},{"not_picked":["Hololive_HuntDinosaur","Hololive_RevenueBasedLive","Hololive_BringToTrial"],"picked":"Hololive_CallMoonaHoshinova+1","floor":8},{"not_picked":["Hololive_StrengthChampion","Hololive_LuckPotion","Hololive_HuntDinosaur"],"picked":"Hololive_CocoNews","floor":10},{"not_picked":["Hololive_Rebound","Hololive_OvertimeWork","Hololive_RevenueBasedLive"],"picked":"Hololive_Recruit","floor":11},{"not_picked":["Hololive_Breathe","Hololive_Rebound","Hololive_CallCivia+1"],"picked":"Hololive_CallYuzukiChoco+1","floor":13},{"not_picked":["Hololive_CallMomosuzuNene+1","Hololive_HuntDinosaur","Hololive_CocoNews"],"picked":"Hololive_CallOkamiMio+1","floor":14},{"not_picked":["Hololive_WolfAndLamb","Hololive_OpenUp","Hololive_HighAtkLowDef"],"picked":"Hololive_StarCraft","floor":16},{"not_picked":["Hololive_CallMurasakiShion+1","Hololive_OvertimeWork","Hololive_Rebound"],"picked":"Hololive_CallAkiRosenthal+1","floor":18},{"not_picked":["Hololive_Drill","Hololive_FlyingPonyTail","Hololive_LuckPotion"],"picked":"Hololive_SummonFox","floor":21},{"not_picked":["Hololive_CallAkiRosenthal+1","Hololive_ASMR","Hololive_Trident"],"picked":"Hololive_HuntDinosaur","floor":23},{"not_picked":["Hololive_CallYozoraMel+1","Hololive_CallNekomataOkayu+1","Hololive_Sequa"],"picked":"Hololive_HighAtkLowDef","floor":25},{"not_picked":["Hololive_Sequa","Hololive_BringToTrial","Hololive_CallShirakamiFubuki+1","Hololive_BeCareful"],"picked":"Hololive_CallInugamiKorone+1","floor":27},{"not_picked":["Hololive_HuntDinosaur","Hololive_Rebound","Hololive_Breathe","Hololive_LuckPotion"],"picked":"Hololive_Psychosis+1","floor":28},{"not_picked":["Hololive_HighAtkLowDef","Hololive_CallMoonaHoshinova+1","Hololive_RevenueBasedLive","Hololive_LuckPotion"],"picked":"Hololive_FlyingPonyTail+1","floor":30},{"not_picked":["Hololive_CallAkiRosenthal+1","Hololive_CallYogiri+1","Hololive_StrengthChampion","Hololive_CallFriendA+1"],"picked":"Hololive_CallHimemoriLuna+1","floor":31},{"not_picked":["Hololive_DDD","Hololive_StarCraft","Hololive_ScarfAndHalo","Hololive_OpenUp"],"picked":"Hololive_Rebirth","floor":33},{"not_picked":["Hololive_CallManoAloe+1","Hololive_CallShiranuiFlare+1","Hololive_CocoNews+1","Hololive_FlyingPonyTail+1"],"picked":"Hololive_CallRoboco+1","floor":35},{"not_picked":["Hololive_CallShiroganeNoel+1","Hololive_OvertimeWork","Hololive_CocoNews+1","Hololive_Drill"],"picked":"Hololive_CallUsadaPekora+1","floor":38},{"not_picked":["Hololive_CallNakiriAyame+1","Hololive_LuckPotion","Hololive_StrengthChampion","Hololive_CocoNews+1"],"picked":"Hololive_CallOmaruPolka+1","floor":39},{"not_picked":["Hololive_CocoNews+1","Hololive_OpenUp","Hololive_CallYukihanaLamy+1","Hololive_Rebound"],"picked":"Hololive_CallManoAloe+1","floor":40},{"not_picked":["Hololive_Breathe","Hololive_LuckPotion","Hololive_Sequa+1","Hololive_RevenueBasedLive"],"picked":"Hololive_CallTokinoSora+1","floor":41},{"not_picked":["Hololive_Sequa+1","Hololive_Breathe","Hololive_OvertimeWork+1","Hololive_ManjiGathering"],"picked":"Hololive_CallAkaiHaato+1","floor":42},{"not_picked":["Hololive_Teleport","Hololive_CallInugamiKorone+1","Hololive_CallTsunomakiWatame+1","Hololive_CallYogiri+1"],"picked":"Hololive_ScarfAndHalo","floor":44},{"not_picked":["Hololive_CallTokoyamiTowa+1","Hololive_StrengthChampion","Hololive_Psychosis+1","Hololive_Rebound"],"picked":"Hololive_CallHoushouMarine+1","floor":45},{"not_picked":["Hololive_Yoholoon+1","Hololive_HuntDinosaur+1","Hololive_Recruit","Hololive_Trident+1"],"picked":"Hololive_Psychosis+1","floor":47},{"not_picked":["Hololive_OvertimeWork+1","Hololive_CallShirakamiFubuki+1","Hololive_StarCraft","Hololive_Sequa+1"],"picked":"Hololive_CallYogiri+1","floor":54}],"player_experience":131971,"relics_obtained":[{"floor":6,"key":"Hololive_FriedShrimpLion"},{"floor":9,"key":"MawBank"},{"floor":11,"key":"Du-Vu Doll"},{"floor":13,"key":"MealTicket"},{"floor":19,"key":"Incense Burner"},{"floor":23,"key":"Oddly Smooth Stone"},{"floor":25,"key":"Potion Belt"},{"floor":26,"key":"Question Card"},{"floor":27,"key":"Meat on the Bone"},{"floor":30,"key":"Gambling Chip"},{"floor":34,"key":"Vajra"},{"floor":34,"key":"Sundial"},{"floor":34,"key":"Old Coin"},{"floor":40,"key":"Darkstone Periapt"},{"floor":42,"key":"Lizard Tail"},{"floor":43,"key":"Lantern"},{"floor":44,"key":"Orichalcum"},{"floor":47,"key":"Molten Egg 2"},{"floor":54,"key":"Blood Vial"}],"event_choices":[],"is_beta":false,"boss_relics":[{"not_picked":["Runic Pyramid","Hololive_TopUpMoneyS"],"picked":"beaked:SacredDeck"},{"not_picked":["Hololive_Finger","Velvet Choker"],"picked":"Calling Bell"}],"items_purged_floors":[],"is_endless":false,"potions_floor_spawned":[1,3,6,14,18,23,25,30,38,39,40,42,47,54],"ascension_level":1}}