{"host":"5x08nt64u3vxxcfi","time":1612146413,"event":{"mods":["BaseMod","Minty Spire (QoL Compilation)","StSLib","SuperFastMode"],"gold_per_floor":[119,66,85,85,112,142,142,142,142,142,142,157,197,32,32,125,125,141,62,80,80,55,55,96,96,121,121,152,152,186,201,201,296,296,311,184,0,20,20,20,353,353,353],"floor_reached":42,"language":"KOR","playtime":1416,"items_purged":["Strike_G"],"score":915,"play_id":"fa4b9019-7977-4d94-9661-2ba34f216aa8","local_time":"20210201112653","is_ascension_mode":true,"campfire_choices":[{"data":"Dash","floor":8.0,"key":"SMITH"},{"data":"Neutralize","floor":10.0,"key":"SMITH"},{"data":"Accuracy","floor":15.0,"key":"SMITH"},{"data":"Adrenaline","floor":23.0,"key":"SMITH"},{"data":"Setup","floor":25.0,"key":"SMITH"},{"data":"Night Terror","floor":27.0,"key":"SMITH"},{"floor":32,"key":"REST"},{"data":"Phantasmal Killer","floor":40,"key":"SMITH"}],"circlet_count":0,"master_deck":["AscendersBane","Strike_G","Strike_G","Strike_G","Strike_G","Defend_G","Defend_G","Defend_G","Defend_G","Defend_G","Survivor","Neutralize+1","Finisher","Slice","Well Laid Plans","Dash+1","Blade Dance","Reflex","Accuracy+1","PiercingWail","Caltrops","Adrenaline+1","Blade Dance","Night Terror","Dagger Throw","Blur","Setup+1","Well Laid Plans+1","Escape Plan","Night Terror+1","Backflip","Underhanded Strike","Predator+1","Phantasmal Killer+1","Cloak And Dagger","After Image","Footwork+1","Well Laid Plans","Footwork","PiercingWail","Calculated Gamble+1"],"relics":["Ring of the Serpent","NeowsBlessing","Centennial Puzzle","WingedGreaves","Eternal Feather","Prayer Wheel","Orrery","Ornamental Fan","Smiling Mask","Orichalcum","White Beast Statue","Bottled Flame","HoveringKite","Red Mask"],"acts_visited":["Exordium","TheCity","TheBeyond"],"potions_floor_usage":[33,42,42],"damage_taken":[{"damage":0.0,"enemies":"Jaw Worm","floor":1.0,"turns":1.0},{"damage":0.0,"enemies":"2 Louse","floor":3.0,"turns":1.0},{"damage":0.0,"enemies":"3 Sentries","floor":6.0,"turns":1.0},{"damage":0.0,"enemies":"Small Slimes","floor":12.0,"turns":2.0},{"damage":2.0,"enemies":"Lagavulin","floor":13.0,"turns":3.0},{"damage":25.0,"enemies":"Slime Boss","floor":16.0,"turns":6.0},{"damage":16.0,"enemies":"Shell Parasite","floor":18.0,"turns":3.0},{"damage":0.0,"enemies":"Spheric Guardian","floor":20.0,"turns":3.0},{"damage":18.0,"enemies":"Slavers","floor":24.0,"turns":4.0},{"damage":30.0,"enemies":"Gremlin Leader","floor":28.0,"turns":6.0},{"damage":22,"enemies":"Book of Stabbing","floor":30,"turns":6},{"damage":0,"enemies":"Snake Plant","floor":31,"turns":3},{"damage":31,"enemies":"Champ","floor":33,"turns":12},{"damage":43,"enemies":"3 Shapes","floor":35,"turns":8},{"damage":0,"enemies":"Orb Walker","floor":38,"turns":3},{"damage":34,"enemies":"Reptomancer","floor":42,"turns":6}],"seed_played":"1133915636966380814","potions_obtained":[{"floor":3.0,"key":"FearPotion"},{"floor":13.0,"key":"LiquidMemories"},{"floor":16.0,"key":"Explosive Potion"},{"floor":18.0,"key":"CunningPotion"},{"floor":28.0,"key":"SteroidPotion"},{"floor":30,"key":"LiquidBronze"},{"floor":33,"key":"Explosive Potion"},{"floor":35,"key":"Swift Potion"},{"floor":38,"key":"DistilledChaos"}],"is_trial":false,"path_per_floor":["M","$","M","?","T","E","?","R","T","R","?","M","E","$","R","B",null,"M","$","M","?","$","R","E","R","T","R","E","T","E","M","R","B",null,"M","$","?","M","?","R","?","E"],"character_chosen":"THE_SILENT","items_purchased":["Slice","Orrery","Setup","Backflip","Footwork"],"campfire_rested":1,"item_purchase_floors":[2,14,19,22,36],"current_hp_per_floor":[59,59,59,59,59,59,64,64,64,71,64,64,62,62,64,39,58,42,42,42,42,42,60,42,60,60,64,34,34,12,12,52,21,53,10,10,10,10,10,34,34,0,0],"gold":353,"neow_bonus":"THREE_ENEMY_KILL","is_daily":false,"chose_seed":false,"campfire_upgraded":7,"win_rate":0.0,"timestamp":1612146413,"path_taken":["M","$","M","?","?","E","?","R","T","R","?","M","E","$","R","BOSS","M","$","M","?","$","R","E","R","T","R","E","?","E","M","R","BOSS","M","$","?","M","?","R","?","E"],"items_purchased_type":["Card","Relic","Card","Card","Card"],"build_version":"2020-12-22","purchased_purges":1,"victory":false,"max_hp_per_floor":[66,66,66,66,66,66,71,71,71,71,64,64,64,64,64,64,64,64,64,64,64,64,64,64,64,64,64,64,64,64,64,64,64,64,64,64,64,64,61,61,61,61,61],"card_choices":[{"not_picked":["Backflip","PiercingWail"],"picked":"Finisher","floor":1.0},{"not_picked":["Outmaneuver","Prepared"],"picked":"Well Laid Plans","floor":3.0},{"not_picked":["Outmaneuver","Night Terror"],"picked":"Dash","floor":6.0},{"not_picked":["Distraction","Slice"],"picked":"Blade Dance","floor":12.0},{"not_picked":["Deadly Poison","Wraith Form v2"],"picked":"Reflex","floor":13.0},{"not_picked":["Leg Sweep","Sucker Punch"],"picked":"Accuracy","floor":14.0},{"not_picked":["Dagger Spray","Dagger Throw"],"picked":"PiercingWail","floor":14.0},{"not_picked":["Noxious Fumes","Underhanded Strike"],"picked":"Caltrops","floor":14.0},{"not_picked":["Dodge and Roll","Terror"],"picked":"Adrenaline","floor":14.0},{"not_picked":["Caltrops","Reflex"],"picked":"Blade Dance","floor":14.0},{"not_picked":["Doppelganger","Unload"],"picked":"Night Terror","floor":16.0},{"not_picked":["Flechettes","Poisoned Stab"],"picked":"Dagger Throw","floor":18.0},{"not_picked":["Outmaneuver","Dagger Spray"],"picked":"Blur","floor":18.0},{"not_picked":["Underhanded Strike","Cloak And Dagger"],"picked":"Well Laid Plans+1","floor":20.0},{"not_picked":["Bane","Masterful Stab"],"picked":"Escape Plan","floor":20.0},{"not_picked":["Reflex","Flying Knee"],"picked":"Underhanded Strike","floor":24.0},{"not_picked":["Masterful Stab","Flechettes"],"picked":"Predator+1","floor":28.0},{"not_picked":["Eviscerate","Outmaneuver","Poisoned Stab"],"picked":"SKIP","floor":30},{"not_picked":["Poisoned Stab","Deadly Poison"],"picked":"Phantasmal Killer","floor":31},{"not_picked":["Slice","Eviscerate"],"picked":"Cloak And Dagger","floor":31},{"not_picked":["Unload","A Thousand Cuts"],"picked":"After Image","floor":33},{"not_picked":["Setup+1","Catalyst"],"picked":"Footwork+1","floor":35},{"not_picked":["Dagger Spray","Deflect"],"picked":"Well Laid Plans","floor":35},{"not_picked":["Deadly Poison","Dash"],"picked":"PiercingWail","floor":38},{"not_picked":["Deflect+1","Outmaneuver"],"picked":"Calculated Gamble+1","floor":38}],"player_experience":121168,"relics_obtained":[{"floor":5.0,"key":"Centennial Puzzle"},{"floor":6.0,"key":"WingedGreaves"},{"floor":9.0,"key":"Eternal Feather"},{"floor":13.0,"key":"Prayer Wheel"},{"floor":24.0,"key":"Ornamental Fan"},{"floor":26.0,"key":"Smiling Mask"},{"floor":28.0,"key":"Orichalcum"},{"floor":29.0,"key":"White Beast Statue"},{"floor":30,"key":"Bottled Flame"}],"event_choices":[{"damage_healed":0.0,"max_hp_gain":0.0,"max_hp_loss":0.0,"gold_gain":0.0,"event_name":"The Cleric","player_choice":"Leave","floor":4.0,"gold_loss":0.0,"damage_taken":0.0},{"damage_healed":0.0,"max_hp_gain":5.0,"max_hp_loss":0.0,"gold_gain":0.0,"event_name":"Big Fish","player_choice":"Donut","floor":7.0,"gold_loss":0.0,"damage_taken":0.0},{"damage_healed":0.0,"max_hp_gain":0.0,"max_hp_loss":7.0,"gold_gain":0.0,"event_name":"Golden Idol","player_choice":"Lose Max HP","floor":11.0,"gold_loss":0.0,"damage_taken":0.0,"relics_obtained":["Golden Idol"]},{"damage_healed":0.0,"max_hp_gain":0.0,"max_hp_loss":0.0,"gold_gain":0.0,"event_name":"The Library","player_choice":"Read","floor":21.0,"gold_loss":0.0,"damage_taken":0.0,"cards_obtained":["Night Terror"]},{"damage_healed":0,"gold_gain":0,"player_choice":"Paid","damage_taken":0,"relics_obtained":["Red Mask"],"max_hp_gain":0,"max_hp_loss":0,"event_name":"Tomb of Lord Red Mask","floor":37,"gold_loss":184},{"damage_healed":0,"gold_gain":0,"player_choice":"Max HP","damage_taken":0,"max_hp_gain":0,"max_hp_loss":3,"event_name":"Winding Halls","floor":39,"gold_loss":0},{"damage_healed":0,"gold_gain":333,"player_choice":"Gave Idol","damage_taken":0,"max_hp_gain":0,"max_hp_loss":0,"event_name":"The Moai Head","floor":41,"relics_lost":["Golden Idol"],"gold_loss":0}],"is_beta":false,"boss_relics":[{"not_picked":["Velvet Choker","Fusion Hammer"],"picked":"Ring of the Serpent"},{"not_picked":["Coffee Dripper","Pandora\u0027s Box"],"picked":"HoveringKite"}],"items_purged_floors":[36],"is_endless":false,"potions_floor_spawned":[3,13,16,18,20,28,30,31,33,35,38],"killed_by":"Reptomancer","ascension_level":17}}