{"host":"p8f0otjoacyb9giz","time":1612198084,"event":{"mods":["AchievementEnabler","BaseMod","Downfall","Minty Spire (QoL Compilation)","StSLib"],"gold_per_floor":[99,112,127,142,160,160,239,261,274,304,329,329,329,329],"floor_reached":12,"language":"ENG","playtime":528,"items_purged":[],"score":90,"play_id":"558f2540-652f-445d-a587-f4632446e9d9","local_time":"20210201194804","is_ascension_mode":true,"campfire_choices":[{"floor":1,"key":"RECALL"}],"circlet_count":0,"master_deck":["sneckomod:Strike","sneckomod:Strike","sneckomod:Strike","sneckomod:Defend","sneckomod:Defend","sneckomod:Defend","sneckomod:TailWhip","sneckomod:SnekBite","sneckomod:Unknown","sneckomod:Unknown","sneckomod:RainOfDice","sneckomod:UnknownUncommonPower","sneckomod:DiceCrush","sneckomod:UnknownRareSkill","sneckomod:WideSting","sneckomod:UnknownColorless","sneckomod:MixItUp"],"relics":["sneckomod:SneckoSoul","Thread and Needle","Toy Ornithopter","Bottled Flame","Girya","Odd Mushroom"],"acts_visited":["Exordium"],"potions_floor_usage":[8,10,11,12],"damage_taken":[{"damage":2,"enemies":"Cultist","floor":2,"turns":5},{"damage":0,"enemies":"Small Slimes","floor":3,"turns":2},{"damage":0,"enemies":"2 Louse","floor":4,"turns":2},{"damage":9,"enemies":"Blue Slaver","floor":5,"turns":4},{"damage":11,"enemies":"Large Slime","floor":8,"turns":6},{"damage":0,"enemies":"2 Fungi Beasts","floor":9,"turns":3},{"damage":24,"enemies":"3 Sentries","floor":10,"turns":8},{"damage":11,"enemies":"The Mushroom Lair","floor":11,"turns":3},{"damage":32,"enemies":"Gremlin Nob","floor":12,"turns":5}],"seed_played":"-2356120671319272852","potions_obtained":[{"floor":3,"key":"hexamod:SoulburnPotion"},{"floor":5,"key":"LiquidMemories"},{"floor":8,"key":"PowerPotion"}],"is_trial":false,"path_per_floor":["R","M","M","M","M","?","T","M","M","E","?","E"],"character_chosen":"THE_SNECKO","items_purchased":[],"campfire_rested":0,"item_purchase_floors":[],"current_hp_per_floor":[81,79,79,79,70,58,58,52,52,33,27,0,0,0],"gold":329,"neow_bonus":"ONE_RARE_RELIC","is_daily":false,"chose_seed":false,"campfire_upgraded":0,"win_rate":0.0,"timestamp":1612198084,"path_taken":["R","M","M","M","M","?","T","M","M","E","?","E"],"items_purchased_type":[],"build_version":"2020-12-22","purchased_purges":0,"victory":false,"max_hp_per_floor":[81,81,81,81,81,81,81,81,81,81,81,81,81,81],"card_choices":[{"not_picked":["sneckomod:CheapStock","sneckomod:UnknownBlock"],"picked":"sneckomod:RainOfDice","floor":2},{"not_picked":["sneckomod:SoulRoll","sneckomod:QuickMove"],"picked":"sneckomod:UnknownUncommonPower","floor":3},{"not_picked":["sneckomod:UnknownUncommonSkill","sneckomod:QuickBite"],"picked":"sneckomod:DiceCrush","floor":4},{"not_picked":["sneckomod:SoulRoll","sneckomod:Unknown2Cost"],"picked":"sneckomod:UnknownRareSkill","floor":5},{"not_picked":["sneckomod:UnknownBlock","sneckomod:Unknown0Cost"],"picked":"sneckomod:WideSting","floor":8},{"not_picked":["sneckomod:UnknownStrike","sneckomod:UnknownVulnerable","sneckomod:SoulCleanse"],"picked":"SKIP","floor":9},{"not_picked":["sneckomod:SerpentIdol","sneckomod:UnknownUncommonSkill","sneckomod:Unknown1Cost"],"picked":"SKIP","floor":10},{"not_picked":["sneckomod:UnknownCommonAttack","sneckomod:SoulDraw"],"picked":"sneckomod:UnknownColorless","floor":11},{"not_picked":["sneckomod:SoulRoll","sneckomod:RainOfDice"],"picked":"sneckomod:MixItUp","floor":11}],"player_experience":431244,"relics_obtained":[{"floor":7,"key":"Bottled Flame"},{"floor":10,"key":"Girya"},{"floor":11,"key":"Odd Mushroom"}],"event_choices":[{"damage_healed":0,"gold_gain":0,"player_choice":"Success","damage_taken":12,"relics_obtained":["Toy Ornithopter"],"max_hp_gain":0,"max_hp_loss":0,"event_name":"Scrap Ooze","floor":6,"gold_loss":0},{"damage_healed":0,"gold_gain":0,"player_choice":"Fought Mushrooms","damage_taken":0,"max_hp_gain":0,"max_hp_loss":0,"event_name":"Mushrooms","floor":11,"gold_loss":0}],"is_beta":false,"boss_relics":[],"items_purged_floors":[],"is_endless":false,"potions_floor_spawned":[3,5,8],"killed_by":"Gremlin Nob","ascension_level":2}}