{"host":"eou1lapfs4ybncd8","time":1612211190,"event":{"mods":["BaseMod","Hubris","Infinite Spire","Minty Spire (QoL Compilation)","StSLib","The Clintock","The Cursed","The Druid","The Juggle","The Jungle"],"gold_per_floor":[118,138,148,21,38,38,69,69,145,145,161,199,199,199,199,319,319,418,418,436,436,436,436,459,459,505,519,519,543,570,570,570],"floor_reached":31,"language":"DEU","playtime":3034,"items_purged":["Defend_P"],"score":282,"play_id":"f68853a3-e88e-4b18-9d5c-9e9353bd3d9b","local_time":"20210201212630","is_ascension_mode":true,"campfire_choices":[{"data":"LikeWater","floor":6,"key":"SMITH"},{"data":"Wish","floor":8,"key":"SMITH"},{"data":"ClearTheMind","floor":15,"key":"SMITH"},{"data":"infinitespire:UltimateForm","floor":23,"key":"SMITH"},{"floor":25,"key":"REST"},{"data":"Eruption","floor":28,"key":"SMITH"}],"circlet_count":0,"master_deck":["Strike_P","Strike_P","Strike_P","Strike_P","Defend_P","Defend_P","Defend_P","Eruption+1","Vigilance","LikeWater+1","InnerPeace","ClearTheMind+1","Wish+1","Prostrate","Judgement","EmptyBody","hubris:Rewind+1","SandsOfTime","infinitespire:UltimateForm+1","Consecrate"],"relics":["HolyWater","NeowsBlessing","Centennial Puzzle","hubris:MobiusCoin","Golden Idol","hubris:SphereOfDissonance","Pear","hubris:ToyBattleship","Omamori"],"acts_visited":["Exordium","TheCity"],"potions_floor_usage":[31,31,31],"damage_taken":[{"damage":0,"enemies":"2 Louse","floor":1,"turns":2},{"damage":0,"enemies":"Jaw Worm","floor":2,"turns":1},{"damage":0,"enemies":"Small Slimes","floor":3,"turns":1},{"damage":10,"enemies":"Red Slaver","floor":5,"turns":5},{"damage":17,"enemies":"Gremlin Nob","floor":7,"turns":5},{"damage":6,"enemies":"Looter","floor":11,"turns":5},{"damage":5,"enemies":"3 Sentries","floor":12,"turns":10},{"damage":8,"enemies":"Slime Boss","floor":16,"turns":7},{"damage":3,"enemies":"Shell Parasite","floor":18,"turns":11},{"damage":0,"enemies":"Spheric Guardian","floor":20,"turns":2},{"damage":32,"enemies":"Chosen and Byrds","floor":24,"turns":6},{"damage":0,"enemies":"Cultist and Chosen","floor":27,"turns":7},{"damage":11,"enemies":"Centurion and Healer","floor":29,"turns":4},{"damage":14,"enemies":"Colosseum Slavers","floor":31,"turns":5},{"damage":30,"enemies":"Colosseum Nobs","floor":31,"turns":3}],"seed_played":"3746311307224199970","potions_obtained":[{"floor":5,"key":"LiquidBronze"},{"floor":11,"key":"CultistPotion"},{"floor":16,"key":"SteroidPotion"}],"is_trial":false,"path_per_floor":["M","M","M","$","M","R","E","R","T","?","M","E","?","?","R","B",null,"M","?","M","AVR","?","R","M","R","T","M","R","M","T","?"],"character_chosen":"WATCHER","items_purchased":["ClearTheMind"],"campfire_rested":1,"item_purchase_floors":[4],"current_hp_per_floor":[72,72,72,72,62,62,45,45,45,27,21,16,40,50,50,42,82,79,60,60,60,60,60,28,52,52,52,52,41,41,0,0],"gold":570,"neow_bonus":"THREE_ENEMY_KILL","is_daily":false,"chose_seed":false,"campfire_upgraded":5,"win_rate":0.0,"timestamp":1612211190,"path_taken":["M","M","M","$","M","R","E","R","T","?","M","E","?","?","R","BOSS","M","?","M","AVR","?","R","?","R","T","M","R","M","?","?"],"items_purchased_type":["Card"],"build_version":"2020-12-22","purchased_purges":1,"victory":false,"max_hp_per_floor":[72,72,72,72,72,72,72,72,72,72,72,72,72,82,82,82,82,82,82,82,82,82,82,82,82,82,82,82,82,82,82,82],"card_choices":[{"not_picked":["SignatureMove","CutThroughFate"],"picked":"EmptyFist","floor":1},{"not_picked":["TalkToTheHand","Protect"],"picked":"LikeWater","floor":2},{"not_picked":["ThirdEye","Meditate"],"picked":"InnerPeace","floor":3},{"not_picked":["FlyingSleeves","WreathOfFlame","BowlingBash"],"picked":"SKIP","floor":5},{"not_picked":["Study","SashWhip"],"picked":"Wish","floor":7},{"not_picked":["ForeignInfluence","WaveOfTheHand","EmptyFist"],"picked":"SKIP","floor":11},{"not_picked":["Collect","Wireheading"],"picked":"Prostrate","floor":12},{"not_picked":["Establishment","Scrawl"],"picked":"Judgement","floor":16},{"not_picked":["BowlingBash+1","Protect"],"picked":"EmptyBody","floor":18},{"not_picked":["infinitespire:NeuralNetwork","infinitespire:Oblivion"],"picked":"hubris:Rewind","floor":19},{"not_picked":["Nirvana","SashWhip"],"picked":"SandsOfTime","floor":20},{"not_picked":["CrushJoints+1","ThirdEye"],"picked":"Consecrate","floor":24},{"not_picked":["SashWhip","Consecrate","Collect"],"picked":"SKIP","floor":27},{"not_picked":["BattleHymn+1","ConjureBlade","TalkToTheHand"],"picked":"SKIP","floor":29}],"player_experience":388777,"relics_obtained":[{"floor":7,"key":"Centennial Puzzle"},{"floor":9,"key":"hubris:MobiusCoin"},{"floor":12,"key":"hubris:SphereOfDissonance"},{"floor":26,"key":"hubris:ToyBattleship"},{"floor":30,"key":"Omamori"}],"event_choices":[{"damage_healed":0,"gold_gain":0,"player_choice":"Take Damage","damage_taken":18,"relics_obtained":["Golden Idol"],"max_hp_gain":0,"max_hp_loss":0,"event_name":"Golden Idol","floor":10,"gold_loss":0},{"damage_healed":24,"gold_gain":0,"player_choice":"Banana","damage_taken":0,"max_hp_gain":0,"max_hp_loss":0,"event_name":"Big Fish","floor":13,"gold_loss":0},{"cards_removed":["EmptyFist"],"damage_healed":0,"gold_gain":0,"player_choice":"Gave Card","damage_taken":0,"relics_obtained":["Pear"],"max_hp_gain":0,"max_hp_loss":0,"event_name":"WeMeetAgain","floor":14,"gold_loss":0},{"damage_healed":0,"gold_gain":0,"player_choice":"Upgraded","damage_taken":0,"max_hp_gain":0,"max_hp_loss":0,"event_name":"Upgrade Shrine","floor":22,"gold_loss":0,"cards_upgraded":["hubris:Rewind"]},{"damage_healed":0,"gold_gain":0,"player_choice":"Fight","damage_taken":0,"max_hp_gain":0,"max_hp_loss":0,"event_name":"Colosseum","floor":31,"gold_loss":0},{"damage_healed":0,"gold_gain":0,"player_choice":"Fought Nobs","damage_taken":0,"max_hp_gain":0,"max_hp_loss":0,"event_name":"Colosseum","floor":31,"gold_loss":0}],"is_beta":false,"boss_relics":[{"not_picked":["Cursed Key","Empty Cage"],"picked":"HolyWater"}],"items_purged_floors":[4],"is_endless":false,"potions_floor_spawned":[5,11,16,20,27,31],"killed_by":"Colosseum Nobs","ascension_level":3}}