{"host":"5x08nt64u3vxxcfi","time":1612173042,"event":{"mods":["BaseMod","Minty Spire (QoL Compilation)","StSLib","SuperFastMode"],"gold_per_floor":[113,126,199,218,10,37,37,53,53,228,228,228,8,24,24,127,127,139,171,171,184,184,184,216,70,70,86,86,86,99,22,22,120,120,139,151,3,225,81,81,94,94,94,111,145,3,3,21,21,21],"floor_reached":51,"language":"KOR","playtime":839,"items_purged":["Doubt","Second Wind"],"score":1051,"play_id":"c6ab4a5f-77df-4856-8679-0cad4dccd25c","local_time":"20210201185042","is_ascension_mode":true,"campfire_choices":[{"data":"Pommel Strike","floor":7.0,"key":"SMITH"},{"data":"Pommel Strike","floor":12.0,"key":"SMITH"},{"data":"Apotheosis","floor":15.0,"key":"SMITH"},{"floor":23,"key":"RECALL"},{"data":"Ghostly","floor":28,"key":"SMITH"},{"data":"Uppercut","floor":32,"key":"SMITH"},{"data":"Ghostly","floor":40,"key":"SMITH"},{"data":"Corruption","floor":42,"key":"SMITH"},{"data":"Entrench","floor":49,"key":"SMITH"}],"circlet_count":0,"master_deck":["Strike_R+1","Strike_R+1","Strike_R+1","Strike_R+1","Strike_R+1","Defend_R+1","Defend_R+1","Defend_R+1","Defend_R+1","Bash","Pommel Strike+1","Wild Strike","Pommel Strike+1","Shrug It Off","Warcry","Twin Strike","Apotheosis+1","Perfected Strike","Offering","Disarm","Dual Wield","Ghostly","Ghostly","Ghostly","Ghostly+1","Ghostly+1","Thunderclap","Wild Strike","Rage","Wild Strike+1","Twin Strike","Uppercut+1","Immolate","Perfected Strike","Clothesline","Corruption+1","Perfected Strike+1","Perfected Strike","Entrench+1"],"relics":["Burning Blood","NeowsBlessing","PreservedInsect","Orichalcum","WingedGreaves","Coffee Dripper","Red Mask","Nunchaku","Darkstone Periapt","Nloth\u0027s Gift","Philosopher\u0027s Stone","Membership Card","FossilizedHelix","Shuriken","Omamori","Anchor"],"acts_visited":["Exordium","TheCity","TheBeyond"],"potions_floor_usage":[33,33,50,50],"damage_taken":[{"damage":0.0,"enemies":"Cultist","floor":1.0,"turns":1.0},{"damage":0.0,"enemies":"2 Louse","floor":2.0,"turns":1.0},{"damage":0.0,"enemies":"Jaw Worm","floor":4.0,"turns":1.0},{"damage":39.0,"enemies":"Lagavulin","floor":6.0,"turns":6.0},{"damage":16.0,"enemies":"Large Slime","floor":8.0,"turns":6.0},{"damage":0.0,"enemies":"3 Louse","floor":14.0,"turns":2.0},{"damage":24.0,"enemies":"Hexaghost","floor":16.0,"turns":9.0},{"damage":6.0,"enemies":"Chosen","floor":18.0,"turns":3.0},{"damage":40.0,"enemies":"Masked Bandits","floor":19.0,"turns":4.0},{"damage":11.0,"enemies":"2 Thieves","floor":21.0,"turns":4.0},{"damage":0,"enemies":"Gremlin Leader","floor":24,"turns":4},{"damage":6,"enemies":"Snecko","floor":27,"turns":5},{"damage":3,"enemies":"Centurion and Healer","floor":30,"turns":5},{"damage":27,"enemies":"Champ","floor":33,"turns":10},{"damage":0,"enemies":"3 Shapes","floor":35,"turns":3},{"damage":6,"enemies":"Orb Walker","floor":36,"turns":2},{"damage":12,"enemies":"Sphere and 2 Shapes","floor":41,"turns":3},{"damage":0,"enemies":"Spire Growth","floor":44,"turns":4},{"damage":1,"enemies":"Reptomancer","floor":45,"turns":4},{"damage":0,"enemies":"Maw","floor":48,"turns":6},{"damage":35,"enemies":"Time Eater","floor":50,"turns":10}],"seed_played":"4358578277786038660","potions_obtained":[{"floor":4.0,"key":"Dexterity Potion"},{"floor":6.0,"key":"DistilledChaos"},{"floor":14.0,"key":"Dexterity Potion"},{"floor":19.0,"key":"DistilledChaos"},{"floor":33,"key":"Ancient Potion"},{"floor":41,"key":"LiquidMemories"},{"floor":48,"key":"LiquidMemories"}],"is_trial":false,"path_per_floor":["M","M","?","M","$","E","R","M","T","?","?","R","$","M","R","B",null,"M","?","?","M","?","R","E","$","T","M","R","?","M","$","R","B",null,"M","M","$","?","$","R","M","R","T","M","E","$","?","M","R","B",null],"character_chosen":"IRONCLAD","items_purchased":["PreservedInsect","Shrug It Off","Apotheosis","Perfected Strike","Rage","Uppercut","Membership Card","FossilizedHelix","Perfected Strike","Anchor"],"campfire_rested":0,"item_purchase_floors":[5,5,13,13,25,31,37,39,46,46],"current_hp_per_floor":[78,80,80,80,80,47,47,37,37,37,34,34,34,40,40,22,66,66,32,32,27,27,27,33,33,33,33,33,33,36,36,36,15,34,40,40,40,40,40,40,34,34,34,40,40,40,40,40,40,11],"gold":21,"neow_bonus":"THREE_ENEMY_KILL","is_daily":false,"chose_seed":false,"campfire_upgraded":8,"win_rate":0.0,"timestamp":1612173042,"path_taken":["M","?","?","M","$","E","R","M","T","?","?","R","$","M","R","BOSS","M","?","?","M","?","R","E","$","T","M","R","?","M","$","R","BOSS","M","?","$","?","$","R","M","R","T","M","E","$","?","M","R","BOSS"],"items_purchased_type":["Relic","Card","Card","Card","Card","Card","Relic","Relic","Card","Relic"],"build_version":"2020-12-22","purchased_purges":2,"victory":true,"max_hp_per_floor":[80,80,80,80,80,80,80,80,80,80,80,80,80,80,80,80,80,80,80,40,40,40,40,40,40,40,40,40,40,40,40,40,40,40,40,40,40,40,40,40,40,40,40,40,40,40,40,40,40,40],"card_choices":[{"not_picked":["Heavy Blade","Headbutt"],"picked":"Pommel Strike","floor":1.0},{"not_picked":["Reckless Charge","Second Wind"],"picked":"Wild Strike","floor":2.0},{"not_picked":["Armaments","Sword Boomerang"],"picked":"Pommel Strike","floor":4.0},{"not_picked":["Havoc","Dark Embrace"],"picked":"Warcry","floor":6.0},{"not_picked":["Heavy Blade","Thunderclap"],"picked":"Twin Strike","floor":8.0},{"not_picked":["Clash","Flex","Bludgeon"],"picked":"SKIP","floor":14.0},{"not_picked":["Reaper","Exhume"],"picked":"Offering","floor":16.0},{"not_picked":["Spot Weakness","Infernal Blade"],"picked":"Disarm","floor":18.0},{"not_picked":["Flex","Feel No Pain"],"picked":"Dual Wield","floor":19.0},{"not_picked":["Shrug It Off","Pummel+1"],"picked":"Thunderclap","floor":21.0},{"not_picked":["True Grit","Bloodletting+1"],"picked":"Wild Strike","floor":24},{"not_picked":["Bloodletting","True Grit"],"picked":"Wild Strike+1","floor":27},{"not_picked":["Rupture","Dropkick"],"picked":"Twin Strike","floor":30},{"not_picked":["Reaper","Offering"],"picked":"Immolate","floor":33},{"not_picked":["Clothesline","Impervious"],"picked":"Perfected Strike","floor":35},{"not_picked":["Fire Breathing+1","Armaments"],"picked":"Clothesline","floor":36},{"not_picked":["Combust+1","Burning Pact+1"],"picked":"Corruption","floor":41},{"not_picked":["Rampage","Rage"],"picked":"Perfected Strike+1","floor":44},{"not_picked":["Headbutt","Impervious"],"picked":"Second Wind","floor":45},{"not_picked":["Spot Weakness+1","Cleave+1"],"picked":"Entrench","floor":48}],"player_experience":127851,"relics_obtained":[{"floor":6.0,"key":"Orichalcum"},{"floor":9.0,"key":"Mercury Hourglass"},{"floor":19.0,"key":"Red Mask"},{"floor":24,"key":"Nunchaku"},{"floor":26,"key":"Darkstone Periapt"},{"floor":43,"key":"Shuriken"},{"floor":45,"key":"Omamori"}],"event_choices":[{"damage_healed":0.0,"max_hp_gain":0.0,"max_hp_loss":0.0,"gold_gain":73.0,"event_name":"Golden Wing","player_choice":"Gained Gold","floor":3.0,"gold_loss":0.0,"damage_taken":0.0},{"damage_healed":0.0,"max_hp_gain":0.0,"max_hp_loss":0.0,"gold_gain":175.0,"event_name":"Liars Game","player_choice":"AGREE","floor":10.0,"gold_loss":0.0,"damage_taken":0.0,"cards_obtained":["Doubt"]},{"damage_healed":0.0,"max_hp_gain":0.0,"max_hp_loss":0.0,"gold_gain":0.0,"event_name":"Scrap Ooze","player_choice":"Success","floor":11.0,"gold_loss":0.0,"damage_taken":3.0,"relics_obtained":["WingedGreaves"]},{"damage_healed":0.0,"max_hp_gain":0.0,"max_hp_loss":0.0,"gold_gain":0.0,"event_name":"Masked Bandits","player_choice":"Fought Bandits","floor":19.0,"gold_loss":0.0,"damage_taken":0.0},{"damage_healed":0.0,"max_hp_gain":0.0,"max_hp_loss":40.0,"gold_gain":0.0,"event_name":"Ghosts","player_choice":"Became a Ghost","floor":20.0,"gold_loss":0.0,"damage_taken":0.0,"cards_obtained":["Ghostly","Ghostly","Ghostly","Ghostly","Ghostly"]},{"damage_healed":0,"gold_gain":0,"player_choice":"Simplicity","damage_taken":0,"max_hp_gain":0,"max_hp_loss":0,"event_name":"Back to Basics","floor":22,"gold_loss":0,"cards_upgraded":["Strike_R","Strike_R","Strike_R","Strike_R","Strike_R","Defend_R","Defend_R","Defend_R","Defend_R"]},{"damage_healed":0,"gold_gain":0,"player_choice":"Traded Relic","damage_taken":0,"relics_obtained":["Nloth\u0027s Gift"],"max_hp_gain":0,"max_hp_loss":0,"event_name":"N\u0027loth","floor":29,"relics_lost":["Mercury Hourglass"],"gold_loss":0},{"damage_healed":0,"gold_gain":222,"player_choice":"Wore Mask","damage_taken":0,"max_hp_gain":0,"max_hp_loss":0,"event_name":"Tomb of Lord Red Mask","floor":38,"gold_loss":0},{"damage_healed":0,"gold_gain":0,"player_choice":"0 cards matched","damage_taken":0,"max_hp_gain":0,"max_hp_loss":0,"event_name":"Match and Keep!","floor":47,"gold_loss":0,"cards_obtained":[]}],"is_beta":false,"boss_relics":[{"not_picked":["Busted Crown","Runic Cube"],"picked":"Coffee Dripper"},{"not_picked":["Black Blood","Black Star"],"picked":"Philosopher\u0027s Stone"}],"items_purged_floors":[25,46],"is_endless":false,"potions_floor_spawned":[4,6,14,19,33,41,45,48],"ascension_level":6}}