{"host":"kkntor5wdjky96yl","time":1612193957,"event":{"mods":["AchievementEnabler","BaseMod","Colored Map","KOR Keyword Fix","Minty Spire (QoL Compilation)","Shop Mod","StSLib","SuperFastMode","Swap Starting Deck Mod"],"gold_per_floor":[118,137,137,150,165,192,192,202,247,277,277,277,308,321,321,421,421,437,387,399,110,125,151,169,194,243,243,255,255,255,283,283,385,385,404,419,419,419,435,467,467,485,559,591,608,634,634,644,644,644,644],"floor_reached":50,"language":"KOR","playtime":3052,"items_purged":["Streamline"],"score":697,"play_id":"208a3de3-5515-4d73-bd58-e8eafe4ae81a","local_time":"20210202003917","is_ascension_mode":true,"campfire_choices":[{"data":"Hologram","floor":7,"key":"SMITH"},{"data":"Echo Form","floor":12,"key":"SMITH"},{"data":"Recycle","floor":15,"key":"SMITH"},{"floor":27,"key":"REST"},{"floor":29,"key":"REST"},{"floor":32,"key":"REST"},{"floor":41,"key":"REST"},{"floor":47,"key":"REST"},{"floor":49,"key":"REST"}],"circlet_count":0,"master_deck":["Meteor Strike","Streamline","Streamline","Streamline","Conserve Battery","Conserve Battery","Conserve Battery+1","Double Energy+1","Recycle+1","Fusion","Aggregate+1","Hologram+1","Hologram+1","Echo Form+1","Seek","Sunder","FTL","Creative AI","Reinforced Body+1","Aggregate+1"],"relics":["FrozenCore","swapstartingdeckmod:DeadBlossom","Mercury Hourglass","Oddly Smooth Stone","Smiling Mask","Centennial Puzzle","MerchantsRug","Tiny Chest","The Courier","Anchor","Bottled Tornado","SlaversCollar","Du-Vu Doll","Blood Vial","HornCleat","Meat on the Bone","Lantern"],"acts_visited":["Exordium","TheCity","TheBeyond"],"potions_floor_usage":[16,20,39,39,44,50,50,50],"damage_taken":[{"damage":4,"enemies":"Jaw Worm","floor":1,"turns":2},{"damage":0,"enemies":"Cultist","floor":2,"turns":3},{"damage":0,"enemies":"2 Louse","floor":4,"turns":2},{"damage":0,"enemies":"Looter","floor":5,"turns":2},{"damage":4,"enemies":"Lagavulin","floor":6,"turns":4},{"damage":10,"enemies":"Exordium Thugs","floor":8,"turns":2},{"damage":0,"enemies":"Gremlin Nob","floor":10,"turns":2},{"damage":6,"enemies":"Lagavulin","floor":13,"turns":4},{"damage":0,"enemies":"Exordium Wildlife","floor":14,"turns":2},{"damage":19,"enemies":"The Guardian","floor":16,"turns":7},{"damage":0,"enemies":"Shell Parasite","floor":18,"turns":5},{"damage":0,"enemies":"3 Byrds","floor":20,"turns":2},{"damage":3,"enemies":"Snake Plant","floor":22,"turns":4},{"damage":28,"enemies":"Slavers","floor":23,"turns":4},{"damage":12,"enemies":"Cultist and Chosen","floor":24,"turns":6},{"damage":11,"enemies":"Gremlin Leader","floor":25,"turns":4},{"damage":0,"enemies":"Sentry and Sphere","floor":28,"turns":4},{"damage":5,"enemies":"Book of Stabbing","floor":31,"turns":4},{"damage":61,"enemies":"Champ","floor":33,"turns":10},{"damage":6,"enemies":"3 Shapes","floor":35,"turns":5},{"damage":5,"enemies":"Orb Walker","floor":36,"turns":3},{"damage":0,"enemies":"Spire Growth","floor":39,"turns":5},{"damage":0,"enemies":"Giant Head","floor":40,"turns":8},{"damage":0,"enemies":"Jaw Worm Horde","floor":42,"turns":5},{"damage":14,"enemies":"Reptomancer","floor":44,"turns":8},{"damage":0,"enemies":"Transient","floor":45,"turns":5},{"damage":22,"enemies":"Giant Head","floor":46,"turns":8},{"damage":0,"enemies":"Spire Growth","floor":48,"turns":5},{"damage":70,"enemies":"Donu and Deca","floor":50,"turns":8}],"seed_played":"-7402822366457178329","potions_obtained":[{"floor":1,"key":"DistilledChaos"},{"floor":4,"key":"LiquidBronze"},{"floor":5,"key":"SpeedPotion"},{"floor":8,"key":"FearPotion"},{"floor":16,"key":"Energy Potion"},{"floor":22,"key":"FairyPotion"},{"floor":23,"key":"SpeedPotion"},{"floor":25,"key":"Dexterity Potion"},{"floor":36,"key":"Strength Potion"},{"floor":40,"key":"Swift Potion"},{"floor":45,"key":"Swift Potion"},{"floor":46,"key":"AttackPotion"}],"is_trial":false,"path_per_floor":["M","M","?","M","M","E","R","M","T","E","?","R","E","M","R","B",null,"M","?","M","$","M","E","M","E","T","R","M","R","?","E","R","B",null,"M","M","?","T","M","E","R","M","T","E","M","E","R","M","R","B"],"character_chosen":"DEFECT","items_purchased":["War Paint","MerchantsRug"],"campfire_rested":6,"item_purchase_floors":[21,21],"current_hp_per_floor":[71,71,71,71,71,67,67,57,57,62,62,62,56,56,56,37,80,80,80,80,80,77,49,37,26,26,39,39,52,52,47,60,13,56,50,45,45,45,45,45,58,59,59,46,47,32,45,46,59,0,0],"gold":644,"neow_bonus":"","is_daily":false,"chose_seed":false,"campfire_upgraded":3,"win_rate":0.0,"timestamp":1612193957,"path_taken":["M","M","?","M","?","E","R","M","T","E","?","R","E","M","R","BOSS","M","?","?","$","M","E","M","E","T","R","M","R","?","E","R","BOSS","M","?","?","?","M","E","R","M","T","E","M","E","R","M","R","BOSS"],"items_purchased_type":["Relic","Relic"],"build_version":"2020-12-22","purchased_purges":1,"victory":false,"max_hp_per_floor":[75,75,75,75,75,75,75,75,75,85,85,85,85,85,85,85,85,85,85,85,85,85,85,85,85,85,85,85,85,85,85,85,85,85,85,85,85,85,85,85,85,85,85,85,85,85,85,85,85,85,85],"card_choices":[{"not_picked":["Storm","Tempest"],"picked":"Fusion","floor":1},{"not_picked":["Cold Snap","Stack"],"picked":"Aggregate","floor":2},{"not_picked":["Sweeping Beam","Steam"],"picked":"Hologram","floor":4},{"not_picked":["Coolheaded","Cold Snap","Barrage"],"picked":"SKIP","floor":5},{"not_picked":["Electrodynamics","Chill"],"picked":"Hologram","floor":6},{"not_picked":["Undo","Doom and Gloom","Beam Cell"],"picked":"SKIP","floor":8},{"not_picked":["Conserve Battery","Compile Driver"],"picked":"Echo Form","floor":10},{"not_picked":["Rainbow","Conserve Battery","Streamline"],"picked":"SKIP","floor":13},{"not_picked":["Coolheaded","Cold Snap","Hologram"],"picked":"SKIP","floor":14},{"not_picked":["Thunder Strike","Amplify"],"picked":"Seek","floor":16},{"not_picked":["Chaos","Coolheaded"],"picked":"Sunder","floor":18},{"not_picked":["Coolheaded+1","Streamline+1"],"picked":"FTL","floor":20},{"not_picked":["Hologram","Go for the Eyes+1","Compile Driver"],"picked":"SKIP","floor":22},{"not_picked":["Stack","Go for the Eyes","Force Field+1"],"picked":"SKIP","floor":23},{"not_picked":["Steam","Darkness","Genetic Algorithm"],"picked":"SKIP","floor":24},{"not_picked":["Barrage","Lockon","Rebound"],"picked":"SKIP","floor":25},{"not_picked":["Multi-Cast","Compile Driver","Sweeping Beam+1"],"picked":"SKIP","floor":28},{"not_picked":["Darkness","Rip and Tear","Compile Driver"],"picked":"SKIP","floor":31},{"not_picked":["Hyperbeam","All For One"],"picked":"Creative AI","floor":33},{"not_picked":["Conserve Battery","Capacitor"],"picked":"Reinforced Body+1","floor":35},{"not_picked":["Go for the Eyes+1","Compile Driver","Coolheaded+1"],"picked":"SKIP","floor":36},{"not_picked":["Ball Lightning+1","FTL","Cold Snap"],"picked":"SKIP","floor":39},{"not_picked":["Genetic Algorithm+1","Gash+1","Turbo"],"picked":"SKIP","floor":40},{"not_picked":["Redo+1","Force Field+1","Steam"],"picked":"SKIP","floor":42},{"not_picked":["Go for the Eyes+1","Beam Cell+1","Lockon+1"],"picked":"SKIP","floor":44},{"not_picked":["Force Field+1","Go for the Eyes"],"picked":"Aggregate+1","floor":45},{"not_picked":["Recycle+1","Fission","Lockon+1"],"picked":"SKIP","floor":46},{"not_picked":["Turbo+1","Gash+1","Go for the Eyes"],"picked":"SKIP","floor":48}],"player_experience":126314,"relics_obtained":[{"floor":6,"key":"Mercury Hourglass"},{"floor":9,"key":"Oddly Smooth Stone"},{"floor":10,"key":"Pear"},{"floor":13,"key":"Centennial Puzzle"},{"floor":23,"key":"Tiny Chest"},{"floor":25,"key":"The Courier"},{"floor":26,"key":"Anchor"},{"floor":31,"key":"Bottled Tornado"},{"floor":38,"key":"Du-Vu Doll"},{"floor":40,"key":"Blood Vial"},{"floor":43,"key":"HornCleat"},{"floor":44,"key":"Meat on the Bone"},{"floor":46,"key":"Lantern"}],"event_choices":[{"damage_healed":0,"gold_gain":0,"player_choice":"Upgraded","damage_taken":0,"max_hp_gain":0,"max_hp_loss":0,"event_name":"Upgrade Shrine","floor":3,"gold_loss":0,"cards_upgraded":["Double Energy"]},{"damage_healed":0,"gold_gain":0,"player_choice":"Searched \u00271\u0027 times","damage_taken":0,"relics_obtained":["Smiling Mask"],"max_hp_gain":0,"max_hp_loss":0,"event_name":"Dead Adventurer","floor":11,"gold_loss":0},{"damage_healed":0,"gold_gain":0,"player_choice":"Bet on Murderer","damage_taken":0,"max_hp_gain":0,"max_hp_loss":0,"event_name":"The Joust","floor":19,"gold_loss":50},{"damage_healed":0,"gold_gain":0,"player_choice":"Bought 0 Potions","damage_taken":0,"max_hp_gain":0,"max_hp_loss":0,"event_name":"The Woman in Blue","floor":30,"gold_loss":0},{"damage_healed":0,"gold_gain":0,"player_choice":"Upgraded","damage_taken":0,"max_hp_gain":0,"max_hp_loss":0,"event_name":"Upgrade Shrine","floor":37,"gold_loss":0,"cards_upgraded":["Hologram"]}],"is_beta":false,"boss_relics":[{"not_picked":["Velvet Choker","Coffee Dripper"],"picked":"FrozenCore"},{"not_picked":["Astrolabe","Nuclear Battery"],"picked":"SlaversCollar"}],"items_purged_floors":[21],"is_endless":false,"potions_floor_spawned":[1,4,5,8,16,22,23,25,28,36,40,45,46],"killed_by":"Donu and Deca","ascension_level":1}}