{"host":"sian7qp8a9pc9xwd","time":1612223466,"event":{"mods":["BaseMod","Minty Spire (QoL Compilation)","StSLib","SuperFastMode"],"gold_per_floor":[112,112,112,123,135,165,165,199,199,199,199],"floor_reached":10,"language":"ENG","playtime":329,"items_purged":[],"score":118,"play_id":"1c2d9c00-e498-4b8d-bd14-3480d7f3609c","local_time":"20210201185106","is_ascension_mode":true,"campfire_choices":[],"circlet_count":0,"master_deck":["AscendersBane","Strike_R","Strike_R","Strike_R","Strike_R","Defend_R","Defend_R","Defend_R","Defend_R","Bash","True Grit","Twin Strike","Flex","Seeing Red","Twin Strike"],"relics":["Burning Blood","NeowsBlessing","Blood Vial","Pocketwatch","Paper Frog"],"acts_visited":["Exordium"],"potions_floor_usage":[6,8],"damage_taken":[{"damage":0,"enemies":"Small Slimes","floor":1,"turns":1},{"damage":0,"enemies":"Cultist","floor":4,"turns":1},{"damage":0,"enemies":"Jaw Worm","floor":5,"turns":1},{"damage":40,"enemies":"Lagavulin","floor":6,"turns":8},{"damage":41,"enemies":"3 Sentries","floor":8,"turns":13},{"damage":13,"enemies":"Lagavulin","floor":10,"turns":4}],"seed_played":"-2343384453343036757","potions_obtained":[{"floor":4,"key":"Energy Potion"},{"floor":6,"key":"Fruit Juice"}],"is_trial":false,"path_per_floor":["M","?","?","M","M","E","?","E","T","E"],"character_chosen":"IRONCLAD","items_purchased":[],"campfire_rested":0,"item_purchase_floors":[],"current_hp_per_floor":[78,83,75,81,85,51,44,16,16,5,5],"gold":199,"neow_bonus":"THREE_ENEMY_KILL","is_daily":false,"chose_seed":false,"campfire_upgraded":0,"win_rate":0.0,"timestamp":1612223466,"path_taken":["M","?","?","?","?","E","?","E","T","E"],"items_purchased_type":[],"build_version":"2020-12-22","purchased_purges":0,"victory":false,"max_hp_per_floor":[80,85,85,85,85,85,85,90,90,90,90],"card_choices":[{"not_picked":["Body Slam","Thunderclap"],"picked":"True Grit","floor":1},{"not_picked":["Flex","Feel No Pain"],"picked":"Twin Strike","floor":4},{"not_picked":["Dark Embrace","Clash"],"picked":"Flex","floor":5},{"not_picked":["Exhume","Clash"],"picked":"Seeing Red","floor":6},{"not_picked":["Clothesline","Brutality"],"picked":"Twin Strike","floor":8}],"player_experience":864681,"relics_obtained":[{"floor":6,"key":"Blood Vial"},{"floor":8,"key":"Pocketwatch"},{"floor":9,"key":"Paper Frog"}],"event_choices":[{"damage_healed":0,"gold_gain":0,"player_choice":"Donut","damage_taken":0,"max_hp_gain":5,"max_hp_loss":0,"event_name":"Big Fish","floor":2,"gold_loss":0},{"damage_healed":0,"gold_gain":0,"player_choice":"Damaged","damage_taken":8,"max_hp_gain":0,"max_hp_loss":0,"event_name":"Wheel of Change","floor":3,"gold_loss":0},{"cards_removed":["Strike_R"],"damage_healed":0,"gold_gain":0,"player_choice":"Card Removal","damage_taken":7,"max_hp_gain":0,"max_hp_loss":0,"event_name":"Golden Wing","floor":7,"gold_loss":0}],"is_beta":false,"boss_relics":[],"items_purged_floors":[],"is_endless":false,"potions_floor_spawned":[4,6],"killed_by":"Lagavulin","ascension_level":11}}