{"host":"7jl348xfsxr8glry","time":1612165704,"event":{"mods":["AchievementEnabler","BaseMod","Colored Map","Minty Spire (QoL Compilation)","Random Character Button","Unceasing Turn Reminder"],"gold_per_floor":[113,125,300,315,315,315,329,329,379,420,449,480,492,523,535,645,657,683,18,18,30,48,48,48,48,71,81,0,0,0,0,0,104,104,118,65,84,84,84],"floor_reached":38,"language":"ENG","playtime":2922,"items_purged":["Doubt"],"score":432,"play_id":"4d8c327c-a4b8-490e-8282-bc3ba733289c","local_time":"20210201184824","is_ascension_mode":true,"campfire_choices":[{"data":"Twin Strike","floor":6,"key":"SMITH"},{"data":"Headbutt","floor":8,"key":"SMITH"},{"floor":13,"key":"REST"},{"floor":15,"key":"REST"},{"floor":23,"key":"REST"},{"floor":25,"key":"REST"},{"floor":30,"key":"REST"},{"data":"Demon Form","floor":32,"key":"SMITH"}],"circlet_count":0,"master_deck":["Strike_R","Strike_R","Strike_R","Strike_R","Strike_R","Defend_R","Defend_R","Defend_R","Defend_R","Bash+1","Headbutt+1","Infernal Blade+1","Twin Strike+1","Burning Pact","Iron Wave","Inflame","Demon Form+1","Wild Strike+1","Flex","Flex","Writhe","Shame","Twin Strike+1","Shrug It Off","Rampage+1"],"relics":["Burning Blood","MawBank","Ancient Tea Set","SlaversCollar","Bottled Tornado","Oddly Smooth Stone","DollysMirror","Gremlin Horn","Vajra","Tiny Chest","Black Star"],"acts_visited":["Exordium","TheCity","TheBeyond"],"potions_floor_usage":[4,12,16,22,27,38],"damage_taken":[{"damage":0,"enemies":"Small Slimes","floor":1,"turns":3},{"damage":6,"enemies":"Cultist","floor":2,"turns":3},{"damage":0,"enemies":"Jaw Worm","floor":4,"turns":2},{"damage":15,"enemies":"3 Louse","floor":7,"turns":3},{"damage":35,"enemies":"3 Sentries","floor":10,"turns":10},{"damage":8,"enemies":"Blue Slaver","floor":11,"turns":3},{"damage":1,"enemies":"Exordium Thugs","floor":12,"turns":3},{"damage":13,"enemies":"Large Slime","floor":14,"turns":3},{"damage":69,"enemies":"The Guardian","floor":16,"turns":11},{"damage":22,"enemies":"Spheric Guardian","floor":18,"turns":4},{"damage":22,"enemies":"Shell Parasite","floor":21,"turns":4},{"damage":32,"enemies":"Sentry and Sphere","floor":22,"turns":5},{"damage":12,"enemies":"Snake Plant","floor":27,"turns":3},{"damage":47,"enemies":"Collector","floor":33,"turns":8},{"damage":30,"enemies":"Orb Walker","floor":35,"turns":3},{"damage":32,"enemies":"3 Shapes","floor":37,"turns":3},{"damage":34,"enemies":"Writhing Mass","floor":38,"turns":3}],"seed_played":"-1245479532671260270","potions_obtained":[{"floor":2,"key":"Block Potion"},{"floor":4,"key":"DuplicationPotion"},{"floor":10,"key":"SkillPotion"},{"floor":12,"key":"SpeedPotion"},{"floor":14,"key":"Swift Potion"},{"floor":18,"key":"PowerPotion"},{"floor":22,"key":"HeartOfIron"},{"floor":27,"key":"BlessingOfTheForge"},{"floor":33,"key":"Swift Potion"}],"is_trial":false,"path_per_floor":["M","M","?","M","?","R","M","R","T","E","M","M","R","M","R","B",null,"M","$","?","M","M","R","$","R","T","M","?","?","R","$","R","B",null,"M","$","M","M"],"character_chosen":"IRONCLAD","items_purchased":["Bottled Tornado","Flex","Oddly Smooth Stone","DollysMirror","Shrug It Off"],"campfire_rested":5,"item_purchase_floors":[19,19,19,19,36],"current_hp_per_floor":[80,80,80,80,80,80,71,71,71,42,40,45,69,62,80,17,80,64,64,64,48,22,46,46,70,70,64,64,64,80,80,80,39,80,56,56,30,0,0],"gold":84,"neow_bonus":"UPGRADE_CARD","is_daily":false,"chose_seed":false,"campfire_upgraded":3,"win_rate":0.0,"timestamp":1612165704,"path_taken":["M","M","?","M","?","R","M","R","T","E","M","?","R","M","R","BOSS","M","$","?","M","M","R","$","R","T","M","?","?","R","?","R","BOSS","M","$","M","M"],"items_purchased_type":["Relic","Card","Relic","Relic","Card"],"build_version":"2020-12-22","purchased_purges":1,"victory":false,"max_hp_per_floor":[80,80,80,80,80,80,80,80,80,80,80,80,80,80,80,80,80,80,80,80,80,80,80,80,80,80,80,80,80,80,80,80,80,80,80,80,80,80,80],"card_choices":[{"not_picked":["Warcry","Clothesline"],"picked":"Headbutt","floor":1},{"not_picked":["Dark Embrace","Clash"],"picked":"Infernal Blade","floor":2},{"not_picked":["Power Through","Body Slam"],"picked":"Twin Strike","floor":4},{"not_picked":["Body Slam","Sentinel"],"picked":"Burning Pact","floor":7},{"not_picked":["True Grit","Twin Strike"],"picked":"Iron Wave","floor":10},{"not_picked":["Anger","Rage"],"picked":"Inflame","floor":11},{"not_picked":["Sword Boomerang","Reaper","Perfected Strike"],"picked":"SKIP","floor":12},{"not_picked":["Clash","Dual Wield","Blood for Blood"],"picked":"SKIP","floor":14},{"not_picked":["Fiend Fire","Immolate"],"picked":"Demon Form","floor":16},{"not_picked":["Searing Blow+1","Iron Wave"],"picked":"Wild Strike+1","floor":18},{"not_picked":["Body Slam","Clothesline","Sever Soul"],"picked":"SKIP","floor":21},{"not_picked":["Hemokinesis","Anger","Rupture"],"picked":"SKIP","floor":22},{"not_picked":["Shockwave","Clothesline","Blood for Blood"],"picked":"SKIP","floor":27},{"not_picked":["Sword Boomerang","Dropkick+1"],"picked":"Twin Strike+1","floor":35},{"not_picked":["Flex","Anger"],"picked":"Rampage+1","floor":37}],"player_experience":195731,"relics_obtained":[{"floor":9,"key":"MawBank"},{"floor":10,"key":"Ancient Tea Set"},{"floor":26,"key":"Vajra"}],"event_choices":[{"damage_healed":0,"gold_gain":175,"player_choice":"AGREE","damage_taken":0,"max_hp_gain":0,"max_hp_loss":0,"event_name":"Liars Game","floor":3,"gold_loss":0,"cards_obtained":["Doubt"]},{"damage_healed":0,"gold_gain":0,"player_choice":"Upgraded","damage_taken":0,"max_hp_gain":0,"max_hp_loss":0,"event_name":"Upgrade Shrine","floor":5,"gold_loss":0,"cards_upgraded":["Infernal Blade"]},{"damage_healed":0,"gold_gain":0,"player_choice":"Opened","damage_taken":0,"relics_obtained":["Gremlin Horn"],"max_hp_gain":0,"max_hp_loss":0,"event_name":"The Mausoleum","floor":20,"gold_loss":0,"cards_obtained":["Writhe"]},{"damage_healed":0,"gold_gain":0,"player_choice":"Paid Fearfully","damage_taken":0,"max_hp_gain":0,"max_hp_loss":0,"event_name":"Masked Bandits","floor":28,"gold_loss":81},{"damage_healed":0,"gold_gain":0,"player_choice":"Stole Relic","damage_taken":0,"relics_obtained":["Tiny Chest"],"max_hp_gain":0,"max_hp_loss":0,"event_name":"Addict","floor":29,"gold_loss":0,"cards_obtained":["Shame"]}],"is_beta":false,"boss_relics":[{"not_picked":["Runic Cube","Pandora\u0027s Box"],"picked":"SlaversCollar"},{"not_picked":["Philosopher\u0027s Stone","Busted Crown"],"picked":"Black Star"}],"items_purged_floors":[19],"is_endless":false,"potions_floor_spawned":[2,4,10,12,14,18,22,27,33,35],"killed_by":"Writhing Mass","ascension_level":3}}