{"host":"klqcd4cqxrk2p1u3","time":1612142771,"event":{"mods":["BaseMod","Downfall","Minty Spire (QoL Compilation)","StSLib"],"gold_per_floor":[99,113,113,29,39,39,39,51,51,36,48,48,48,76,94,94,94,94],"floor_reached":16,"language":"ENG","playtime":2170,"items_purged":[],"score":100,"play_id":"fc83002b-9180-42fc-9876-d43148b37ee7","local_time":"20210131202611","is_ascension_mode":false,"campfire_choices":[{"floor":1,"key":"RECALL"},{"data":"bronze:BuggyMess","floor":6,"key":"SMITH"},{"data":"bronze:GetLatest","floor":9,"key":"SMITH"},{"floor":13,"key":"REST"}],"circlet_count":0,"master_deck":["bronze:Strike","bronze:Strike","bronze:Strike","bronze:Strike","bronze:Defend","bronze:Defend","bronze:Defend","bronze:Replicate","bronze:Goto","bronze:Repair","bronze:BuggyMess+1","bronze:ChosenStrike","bronze:ChosenStrike","bronze:GetLatest+1","bronze:Optimize","bronze:OilSpill","bronze:Constructor","bronze:Terminator"],"relics":["bronze:BronzeCore","downfall:ShatteredFragment","Centennial Puzzle"],"acts_visited":["Exordium"],"potions_floor_usage":[14,14,15,16],"damage_taken":[{"damage":0,"enemies":"Small Slimes","floor":2,"turns":5},{"damage":0,"enemies":"downfall:FleeingMerchant","floor":4,"turns":4},{"damage":1,"enemies":"Cultist","floor":5,"turns":3},{"damage":1,"enemies":"2 Louse","floor":8,"turns":2},{"damage":5,"enemies":"downfall:FleeingMerchant","floor":10,"turns":4},{"damage":0,"enemies":"2 Fungi Beasts","floor":11,"turns":3},{"damage":34,"enemies":"Lagavulin","floor":14,"turns":6},{"damage":3,"enemies":"Lots of Slimes","floor":15,"turns":3},{"damage":51,"enemies":"SI_SHIV_ARCHETYPE","floor":16,"turns":5}],"seed_played":"4325433063154790077","potions_obtained":[{"floor":5,"key":"sneckomod:MuddlingPotion"},{"floor":8,"key":"SkillPotion"},{"floor":11,"key":"SkillPotion"},{"floor":14,"key":"Swift Potion"}],"is_trial":false,"path_per_floor":["R","M","?","$","M","R","T","M","R","$","M","?","R","E","M","B"],"character_chosen":"THE_AUTOMATON","items_purchased":["bronze:ChosenStrike"],"campfire_rested":1,"item_purchase_floors":[4],"current_hp_per_floor":[77,77,77,77,77,77,77,77,77,77,77,56,77,43,50,0,0,0],"gold":94,"neow_bonus":"TEN_PERCENT_HP_BONUS","is_daily":false,"chose_seed":false,"campfire_upgraded":2,"win_rate":0.0,"timestamp":1612142771,"path_taken":["R","M","?","?","M","R","T","M","R","$","M","?","R","E","M","BOSS"],"items_purchased_type":["Card"],"build_version":"2020-12-22","purchased_purges":0,"victory":false,"max_hp_per_floor":[77,77,77,77,77,77,77,77,77,77,77,77,77,77,77,77,77,77],"card_choices":[{"not_picked":["bronze:BitShift","bronze:Allocate"],"picked":"bronze:Repair","floor":2},{"not_picked":["bronze:OilSpill","bronze:BitShift"],"picked":"bronze:BuggyMess","floor":4},{"not_picked":["bronze:Refactor","bronze:BronzeArmor"],"picked":"bronze:ChosenStrike","floor":5},{"not_picked":["bronze:Flail","bronze:Safeguard"],"picked":"bronze:GetLatest","floor":8},{"not_picked":["bronze:Frontload","bronze:WildBeam"],"picked":"bronze:Optimize","floor":10},{"not_picked":["bronze:BugBarrage","bronze:WildBeam"],"picked":"bronze:OilSpill","floor":11},{"not_picked":["bronze:CutThrough","bronze:WhirlingStrike"],"picked":"bronze:Constructor","floor":14},{"not_picked":["bronze:DigitalCarnage","bronze:Separator"],"picked":"bronze:Terminator","floor":15}],"player_experience":1369607,"relics_obtained":[{"floor":14,"key":"Centennial Puzzle"}],"event_choices":[{"cards_removed":["bronze:Defend"],"damage_healed":0,"gold_gain":0,"player_choice":"Offered Basic","damage_taken":0,"max_hp_gain":0,"max_hp_loss":0,"event_name":"Bonfire Elementals","floor":3,"gold_loss":0}],"is_beta":false,"boss_relics":[],"items_purged_floors":[],"is_endless":false,"potions_floor_spawned":[5,8,11,14],"killed_by":"SI_SHIV_ARCHETYPE","ascension_level":0}}