{"host":"bf5upntvbdompq33","time":1612150523,"event":{"mods":["BaseMod","Colored Map","Colored Powertips","Curses Come First","Minty Spire (QoL Compilation)","StSLib"],"gold_per_floor":[213,233,13,31,31,56,56,86,86,99,134,134,34,109,109,183,183,200,123,35,45,65,92,92,7,7,7,7,27,40,51,51,51,51],"floor_reached":33,"language":"ENG","playtime":1925,"items_purged":["Strike_R","Strike_R"],"score":594,"play_id":"2ea3076a-bb0a-4148-a28a-e7a51a97f082","local_time":"20210131203523","is_ascension_mode":true,"campfire_choices":[{"data":"Wild Strike","floor":7,"key":"SMITH"},{"floor":12,"key":"REST"},{"data":"Immolate","floor":15,"key":"SMITH"},{"data":"Dark Embrace","floor":24,"key":"SMITH"},{"data":"Power Through","floor":27,"key":"SMITH"},{"floor":32,"key":"REST"}],"circlet_count":0,"master_deck":["AscendersBane","Strike_R","Strike_R","Defend_R","Defend_R","Defend_R","Defend_R","Bash","Wild Strike+1","Clothesline","Wild Strike","Immolate+1","Power Through+1","Spot Weakness","Reaper","Headbutt","Dark Embrace+1","Flame Barrier","Shrug It Off","Carnage","Pommel Strike"],"relics":["Burning Blood","Medical Kit","Bag of Marbles","Incense Burner","Shuriken","StrikeDummy","Mark of Pain","MealTicket","Oddly Smooth Stone","Potion Belt","Letter Opener"],"acts_visited":["Exordium","TheCity"],"potions_floor_usage":[16,16,18,31,33],"damage_taken":[{"damage":8,"enemies":"2 Louse","floor":1,"turns":2},{"damage":1,"enemies":"Cultist","floor":2,"turns":4},{"damage":7,"enemies":"Jaw Worm","floor":4,"turns":4},{"damage":35,"enemies":"Lagavulin","floor":6,"turns":5},{"damage":8,"enemies":"Gremlin Nob","floor":8,"turns":3},{"damage":10,"enemies":"Gremlin Gang","floor":10,"turns":4},{"damage":22,"enemies":"Lagavulin","floor":11,"turns":6},{"damage":0,"enemies":"Slime Boss","floor":16,"turns":4},{"damage":16,"enemies":"Shell Parasite","floor":18,"turns":3},{"damage":7,"enemies":"2 Thieves","floor":21,"turns":3},{"damage":11,"enemies":"Chosen and Byrds","floor":22,"turns":6},{"damage":13,"enemies":"Gremlin Leader","floor":23,"turns":6},{"damage":8,"enemies":"Snecko","floor":29,"turns":4},{"damage":18,"enemies":"Snake Plant","floor":30,"turns":3},{"damage":22,"enemies":"Sentry and Sphere","floor":31,"turns":6},{"damage":111,"enemies":"Champ","floor":33,"turns":11}],"seed_played":"8917904465507254472","potions_obtained":[{"floor":8,"key":"LiquidMemories"},{"floor":10,"key":"Strength Potion"},{"floor":18,"key":"Fruit Juice"},{"floor":22,"key":"Weak Potion"},{"floor":31,"key":"BloodPotion"}],"is_trial":false,"path_per_floor":["M","M","$","M","$","E","R","E","T","M","E","R","$","?","R","B",null,"M","$","?","M","M","E","R","?","T","R","?","M","M","M","R","B"],"character_chosen":"IRONCLAD","items_purchased":["Medical Kit","Dark Embrace"],"campfire_rested":2,"item_purchase_floors":[3,19],"current_hp_per_floor":[70,75,75,74,74,45,45,43,43,39,23,47,47,39,39,45,71,66,66,66,72,80,73,73,73,73,73,73,77,65,49,74,0,0],"gold":51,"neow_bonus":"HUNDRED_GOLD","is_daily":false,"chose_seed":false,"campfire_upgraded":4,"win_rate":0.0,"timestamp":1612150523,"path_taken":["M","M","$","M","$","E","R","E","T","M","E","R","$","?","R","BOSS","M","?","?","?","M","E","R","?","T","R","?","?","M","M","R","BOSS"],"items_purchased_type":["Relic","Card"],"build_version":"2020-12-22","purchased_purges":2,"victory":false,"max_hp_per_floor":[80,80,80,80,80,80,80,80,80,80,80,80,80,80,80,80,80,85,85,85,85,85,85,85,85,85,85,85,85,85,85,85,85,85],"card_choices":[{"not_picked":["Thunderclap","Anger"],"picked":"Wild Strike","floor":1},{"not_picked":["Sword Boomerang","Havoc"],"picked":"Clothesline","floor":2},{"not_picked":["Cleave","Shrug It Off"],"picked":"Wild Strike","floor":4},{"not_picked":["Wild Strike","Intimidate"],"picked":"Immolate","floor":6},{"not_picked":["Anger","Shrug It Off"],"picked":"Power Through","floor":8},{"not_picked":["Thunderclap","Perfected Strike","Warcry"],"picked":"SKIP","floor":10},{"not_picked":["Wild Strike","Sword Boomerang"],"picked":"Spot Weakness","floor":11},{"not_picked":["Bludgeon","Demon Form"],"picked":"Reaper","floor":16},{"not_picked":["Havoc","Burning Pact"],"picked":"Headbutt","floor":18},{"not_picked":["Intimidate","Body Slam"],"picked":"Flame Barrier","floor":21},{"not_picked":["Havoc","Twin Strike","Dropkick"],"picked":"SKIP","floor":22},{"not_picked":["Rage","Clash+1"],"picked":"Shrug It Off","floor":23},{"not_picked":["Dropkick","Dual Wield","Twin Strike"],"picked":"SKIP","floor":29},{"not_picked":["Bloodletting","Body Slam+1","Warcry"],"picked":"SKIP","floor":30},{"not_picked":["Flame Barrier","Ghostly Armor"],"picked":"Pommel Strike","floor":31}],"player_experience":1281013,"relics_obtained":[{"floor":6,"key":"Bag of Marbles"},{"floor":8,"key":"Incense Burner"},{"floor":9,"key":"Shuriken"},{"floor":11,"key":"StrikeDummy"},{"floor":23,"key":"Oddly Smooth Stone"},{"floor":26,"key":"Letter Opener"}],"event_choices":[{"damage_healed":0,"gold_gain":75,"player_choice":"Touch","damage_taken":8,"max_hp_gain":0,"max_hp_loss":0,"event_name":"FaceTrader","floor":14,"gold_loss":0},{"damage_healed":0,"gold_gain":0,"player_choice":"Paid Gold","damage_taken":0,"relics_obtained":["MealTicket"],"max_hp_gain":0,"max_hp_loss":0,"event_name":"WeMeetAgain","floor":20,"gold_loss":88},{"damage_healed":0,"gold_gain":0,"player_choice":"Obtained Relic","damage_taken":0,"relics_obtained":["Potion Belt"],"max_hp_gain":0,"max_hp_loss":0,"event_name":"Addict","floor":25,"gold_loss":85},{"damage_healed":0,"gold_gain":0,"cards_transformed":["Strike_R"],"player_choice":"Transformed","damage_taken":0,"max_hp_gain":0,"max_hp_loss":0,"event_name":"Transmorgrifier","floor":28,"gold_loss":0,"cards_obtained":["Carnage"]}],"is_beta":false,"boss_relics":[{"not_picked":["SacredBark","Cursed Key"],"picked":"Mark of Pain"}],"items_purged_floors":[3,13],"is_endless":false,"potions_floor_spawned":[8,10,11,18,22,31],"killed_by":"Champ","ascension_level":13}}