{"host":"1c17lcvl7acx821p","time":1612198191,"event":{"mods":["AchievementEnabler","BaseMod","Colored Map","Minty Spire (QoL Compilation)","Quick Restart","Relic Sorter","StSLib"],"gold_per_floor":[113,113,124,139,150,150,183,183,207,237,237,19,38,67,67,141,141,155,155,155,29,47,75,75,104,104,104,138,237,197,213,213,213,287,287,300,319,332,332,349,381,381,409,409,441,441,459,490,490,490,490],"floor_reached":52,"language":"ENG","playtime":2280,"items_purged":["Writhe"],"score":1683,"play_id":"8d2c2811-5e7c-4f00-8750-d333d39f67c2","local_time":"20210201184951","is_ascension_mode":true,"campfire_choices":[{"data":"Streamline","floor":6.0,"key":"SMITH"},{"data":"Undo","floor":8.0,"key":"SMITH"},{"floor":11.0,"key":"REST"},{"data":"Beam Cell","floor":15.0,"key":"SMITH"},{"floor":24.0,"key":"REST"},{"data":"Defragment","floor":27.0,"key":"SMITH"},{"floor":32.0,"key":"REST"},{"floor":33.0,"key":"REST"},{"data":"Fission","floor":42.0,"key":"SMITH"},{"floor":46.0,"key":"REST"},{"floor":50,"key":"RECALL"}],"circlet_count":0,"master_deck":["AscendersBane","Zap+1","Dualcast+1","Cold Snap+1","Coolheaded+1","Streamline+1","Undo+1","Machine Learning+1","Loop+1","Coolheaded+1","Sweeping Beam+1","Beam Cell+1","Barrage+1","Rainbow+1","Hologram+1","Buffer+1","Barrage+1","Consume+1","Auto Shields+1","Barrage+1","Biased Cognition+1","Writhe","Capacitor+1","Compile Driver+1","Leap+1","Heatsinks+1","Turbo+1","Defragment+1","Doubt","Steam Power+1","Storm+1","Fission+1","Reinforced Body+1","Doubt","Amplify+1"],"relics":["Cursed Key","PreservedInsect","Boot","Dream Catcher","Happy Flower","Pandora\u0027s Box","Orichalcum","Turnip","Shuriken","Bag of Preparation","InkBottle","Busted Crown","Juzu Bracelet","Regal Pillow","CaptainsWheel","Sundial","Oddly Smooth Stone","Mark of the Bloom"],"acts_visited":["Exordium","TheCity","TheBeyond"],"potions_floor_usage":[51],"damage_taken":[{"damage":0.0,"enemies":"Small Slimes","floor":1.0,"turns":3.0},{"damage":0.0,"enemies":"Cultist","floor":3.0,"turns":4.0},{"damage":0.0,"enemies":"2 Louse","floor":4.0,"turns":4.0},{"damage":17.0,"enemies":"Lots of Slimes","floor":5.0,"turns":4.0},{"damage":14.0,"enemies":"Lagavulin","floor":7.0,"turns":8.0},{"damage":10.0,"enemies":"3 Sentries","floor":10.0,"turns":8.0},{"damage":0.0,"enemies":"Exordium Thugs","floor":13.0,"turns":4.0},{"damage":0.0,"enemies":"Lagavulin","floor":14.0,"turns":5.0},{"damage":22.0,"enemies":"Hexaghost","floor":16.0,"turns":9.0},{"damage":3.0,"enemies":"3 Byrds","floor":18.0,"turns":4.0},{"damage":6.0,"enemies":"Shell Parasite","floor":22.0,"turns":5.0},{"damage":21.0,"enemies":"Slavers","floor":23.0,"turns":6.0},{"damage":11.0,"enemies":"Book of Stabbing","floor":25.0,"turns":4.0},{"damage":21.0,"enemies":"Gremlin Leader","floor":28.0,"turns":7.0},{"damage":7.0,"enemies":"Snecko","floor":31.0,"turns":6.0},{"damage":20.0,"enemies":"Champ","floor":34.0,"turns":7.0},{"damage":25.0,"enemies":"3 Darklings","floor":36.0,"turns":4.0},{"damage":0.0,"enemies":"Orb Walker","floor":37.0,"turns":3.0},{"damage":0.0,"enemies":"Jaw Worm Horde","floor":38.0,"turns":3.0},{"damage":0.0,"enemies":"Transient","floor":40.0,"turns":5.0},{"damage":0.0,"enemies":"Giant Head","floor":41.0,"turns":5.0},{"damage":13.0,"enemies":"Nemesis","floor":43.0,"turns":7.0},{"damage":0.0,"enemies":"Giant Head","floor":45.0,"turns":7.0},{"damage":5,"enemies":"Maw","floor":47,"turns":4},{"damage":18,"enemies":"Nemesis","floor":48,"turns":3},{"damage":0,"enemies":"Awakened One","floor":51,"turns":8}],"seed_played":"-5799331034229771442","potions_obtained":[{"floor":1.0,"key":"CultistPotion"},{"floor":2.0,"key":"PotionOfCapacity"},{"floor":10.0,"key":"Explosive Potion"},{"floor":25.0,"key":"AttackPotion"},{"floor":28.0,"key":"Block Potion"},{"floor":34.0,"key":"SkillPotion"},{"floor":40.0,"key":"GamblersBrew"},{"floor":43.0,"key":"PotionOfCapacity"},{"floor":45.0,"key":"DuplicationPotion"}],"is_trial":false,"path_per_floor":["M","?","M","M","M","R","E","R","T","E","R","$","M","E","R","B",null,"M","$","?","$","M","E","R","E","T","R","E","?","?","M","R","R","B",null,"M","M","M","?","M","E","R","E","T","E","R","M","E","?","R","B",null],"character_chosen":"DEFECT","items_purchased":["Loop","Coolheaded","Sweeping Beam","Capacitor","Compile Driver"],"campfire_rested":5,"item_purchase_floors":[12,12,12,21,21],"current_hp_per_floor":[64,64,64,64,47,47,33,33,33,23,44,44,44,44,44,22,59,56,56,56,56,50,29,50,39,39,39,18,18,18,11,32,53,33,62,37,37,37,37,37,37,37,24,24,24,60,55,37,37,37,37],"gold":490,"neow_bonus":"BOSS_RELIC","is_daily":false,"chose_seed":false,"campfire_upgraded":5,"win_rate":0.0,"timestamp":1612198191,"path_taken":["M","?","M","M","M","R","E","R","T","E","R","$","M","E","R","BOSS","M","$","?","$","M","E","R","E","T","R","E","?","?","M","R","R","BOSS","M","M","?","?","M","E","R","E","T","E","R","M","E","?","R","BOSS"],"items_purchased_type":["Card","Card","Card","Card","Card"],"build_version":"2020-12-22","purchased_purges":1,"victory":true,"max_hp_per_floor":[71,71,71,71,71,71,71,71,71,71,71,71,71,71,71,71,71,71,71,71,71,71,71,71,71,71,71,71,71,71,71,71,71,71,71,71,71,71,71,71,71,71,71,71,71,71,71,71,71,71,71],"card_choices":[{"not_picked":["Reprogram","Gash"],"picked":"Cold Snap","floor":1.0},{"not_picked":["Leap","Force Field"],"picked":"Coolheaded","floor":3.0},{"not_picked":["Turbo","Storm","Stack"],"picked":"SKIP","floor":4.0},{"not_picked":["Aggregate","Hologram"],"picked":"Streamline","floor":5.0},{"not_picked":["Leap","Heatsinks"],"picked":"Undo","floor":7.0},{"not_picked":["Heatsinks","Stack","Redo"],"picked":"SKIP","floor":10.0},{"not_picked":["Chill","Capacitor"],"picked":"Machine Learning","floor":11.0},{"not_picked":["Storm","Redo"],"picked":"Beam Cell","floor":13.0},{"not_picked":["Gash","Steam"],"picked":"Barrage","floor":14.0},{"not_picked":["Meteor Strike","Creative AI"],"picked":"Rainbow","floor":16.0},{"not_picked":["Lockon","Consume","Skim"],"picked":"SKIP","floor":18.0},{"not_picked":["Turbo","Redo"],"picked":"Leap","floor":22.0},{"not_picked":["Genetic Algorithm","Stack"],"picked":"Heatsinks","floor":23.0},{"not_picked":["Rebound","Ball Lightning"],"picked":"Turbo","floor":24.0},{"not_picked":["Hyperbeam","Ball Lightning"],"picked":"Defragment","floor":25.0},{"not_picked":["Consume","Coolheaded"],"picked":"Steam Power","floor":28.0},{"not_picked":["Streamline+1","Cold Snap","Go for the Eyes"],"picked":"SKIP","floor":31.0},{"not_picked":["Sweeping Beam","Genetic Algorithm"],"picked":"Storm+1","floor":32.0},{"not_picked":["Rainbow","Amplify"],"picked":"Fission","floor":34.0},{"not_picked":["Gash"],"picked":"SKIP","floor":36.0},{"not_picked":[],"picked":"Reinforced Body+1","floor":37.0},{"not_picked":["Stack"],"picked":"SKIP","floor":38.0},{"not_picked":["Storm"],"picked":"SKIP","floor":40.0},{"not_picked":["Leap"],"picked":"SKIP","floor":41.0},{"not_picked":["Barrage"],"picked":"SKIP","floor":43.0},{"not_picked":[],"picked":"Amplify","floor":45.0},{"not_picked":["Rebound"],"picked":"SKIP","floor":47},{"not_picked":["Conserve Battery"],"picked":"SKIP","floor":48}],"player_experience":264256,"relics_obtained":[{"floor":7.0,"key":"PreservedInsect"},{"floor":9.0,"key":"Boot"},{"floor":10.0,"key":"Dream Catcher"},{"floor":14.0,"key":"Happy Flower"},{"floor":23.0,"key":"Turnip"},{"floor":25.0,"key":"Shuriken"},{"floor":26.0,"key":"Bag of Preparation"},{"floor":28.0,"key":"InkBottle"},{"floor":41.0,"key":"Juzu Bracelet"},{"floor":43.0,"key":"Regal Pillow"},{"floor":44.0,"key":"CaptainsWheel"},{"floor":45.0,"key":"Sundial"},{"floor":48,"key":"Oddly Smooth Stone"}],"event_choices":[{"damage_healed":0.0,"max_hp_gain":0.0,"max_hp_loss":0.0,"gold_gain":0.0,"event_name":"Lab","player_choice":"Got Potions","floor":2.0,"gold_loss":0.0,"damage_taken":0.0},{"damage_healed":0.0,"max_hp_gain":0.0,"max_hp_loss":0.0,"gold_gain":0.0,"event_name":"The Mausoleum","player_choice":"Opened","floor":20.0,"gold_loss":0.0,"damage_taken":0.0,"relics_obtained":["Orichalcum"],"cards_obtained":["Writhe"]},{"damage_healed":0.0,"max_hp_gain":0.0,"max_hp_loss":0.0,"gold_gain":99.0,"event_name":"Nest","player_choice":"Stole From Cult","floor":29.0,"gold_loss":0.0,"damage_taken":0.0},{"damage_healed":0.0,"max_hp_gain":0.0,"max_hp_loss":0.0,"gold_gain":0.0,"event_name":"Designer","player_choice":"Upgraded Two","floor":30.0,"gold_loss":40.0,"damage_taken":0.0,"cards_upgraded":["Rainbow","Barrage"]},{"cards_removed":["Doom and Gloom"],"damage_healed":0.0,"max_hp_gain":0.0,"max_hp_loss":0.0,"gold_gain":0.0,"event_name":"Falling","player_choice":"Removed Attack","floor":39.0,"gold_loss":0.0,"damage_taken":0.0},{"damage_healed":0,"gold_gain":0,"player_choice":"Upgrade","damage_taken":0,"relics_obtained":["Mark of the Bloom"],"max_hp_gain":0,"max_hp_loss":0,"event_name":"MindBloom","floor":49,"gold_loss":0,"cards_upgraded":["Zap","Dualcast","Cold Snap","Coolheaded","Machine Learning","Loop","Coolheaded","Sweeping Beam","Barrage","Hologram","Buffer","Barrage","Consume","Auto Shields","Biased Cognition","Capacitor","Compile Driver","Leap","Heatsinks","Turbo","Steam Power","Amplify"]}],"is_beta":false,"boss_relics":[{"not_picked":["Runic Dome","Tiny House"],"picked":"Pandora\u0027s Box"},{"not_picked":["Velvet Choker","Coffee Dripper"],"picked":"Busted Crown"}],"items_purged_floors":[12],"is_endless":false,"potions_floor_spawned":[1,4,10,25,28,34,40,43,45,48],"ascension_level":14}}