{"host":"dscols65uipasqd2","time":1612163756,"event":{"mods":["2.2 Compatiblity","AchievementEnabler","Aspiration","BaseMod","Colored Powertips","Downfall","Energized Spire","GifTheSpireLib","Hermit","Hubris","Infinite Spire","JesterMod","Jorbs\u0027s Wanderer Trilogy","Magitek Elite","Marisa????????","Minty Spire (QoL Compilation)","Rare Cards Sparkle","Replay The Spire","StSLib","Stuff the Spire","The Cursed","The Disciple","The Hierophant","The Judge","The Jungle","TheFirefly"],"gold_per_floor":[99,111,111,111,111,140,164,64,79,106,124,124,144,158,174,174,174,174],"floor_reached":16,"language":"ENG","playtime":812,"items_purged":[],"score":118,"play_id":"7979a30d-47f2-4171-a8a1-172e69ac485f","local_time":"20210201021556","is_ascension_mode":true,"campfire_choices":[{"floor":8,"key":"REST"},{"floor":12,"key":"REST"}],"circlet_count":0,"master_deck":["sneckomod:Strike","sneckomod:Strike","sneckomod:Strike","sneckomod:Defend","sneckomod:Defend","sneckomod:Defend","sneckomod:TailWhip","sneckomod:SnekBite+1","sneckomod:Unknown","bronze:Backtrace","sneckomod:UnknownClassGREEN","sneckomod:CheapStock","sneckomod:UnknownClassPURPLE","sneckomod:UnknownUncommonSkill+1","sneckomod:Nope+1","sneckomod:UnknownClassBLUE+1","sneckomod:SnekBeam","sneckomod:UnknownBlock+1"],"relics":["sneckomod:SneckoSoul","hubris:Reverence","hubris:SlimyHat","downfall:HeartBlessingBlue","Toxic Egg 2"],"acts_visited":["Exordium"],"potions_floor_usage":[6,10,16,16],"damage_taken":[{"damage":11,"enemies":"Jaw Worm","floor":2,"turns":3},{"damage":30,"enemies":"3 Sentries","floor":6,"turns":9},{"damage":7,"enemies":"2 Louse","floor":9,"turns":3},{"damage":50,"enemies":"Lagavulin","floor":10,"turns":10},{"damage":2,"enemies":"Small Slimes","floor":11,"turns":4},{"damage":29,"enemies":"Gremlin Gang","floor":13,"turns":4},{"damage":11,"enemies":"Blue Slaver","floor":14,"turns":5},{"damage":5,"enemies":"3 Louse","floor":15,"turns":3},{"damage":9,"enemies":"SI_SHIV_ARCHETYPE","floor":16,"turns":3}],"seed_played":"-7940419972622789305","potions_obtained":[{"floor":0,"key":"DuplicationPotion"},{"floor":0,"key":"BlessingOfTheForge"},{"floor":0,"key":"Weak Potion"},{"floor":5,"key":"PowerPotion"},{"floor":6,"key":"Elixir"},{"floor":14,"key":"CultistPotion"},{"floor":15,"key":"Languid Potion"}],"is_trial":false,"path_per_floor":["R","M","?","?","?","E","T","R","M","E","M","R","M","M","M","B"],"character_chosen":"THE_SNECKO","items_purchased":[],"campfire_rested":2,"item_purchase_floors":[],"current_hp_per_floor":[90,79,72,72,72,42,42,82,75,25,23,53,24,13,8,0,0,0],"gold":174,"neow_bonus":"THREE_SMALL_POTIONS","is_daily":false,"chose_seed":false,"campfire_upgraded":0,"win_rate":0.0,"timestamp":1612163756,"path_taken":["R","M","?","?","?","E","T","R","M","E","M","R","?","M","M","BOSS"],"items_purchased_type":[],"build_version":"2020-12-22","purchased_purges":0,"victory":false,"max_hp_per_floor":[90,90,90,90,90,90,90,100,100,100,100,100,100,100,100,100,100,100],"card_choices":[{"not_picked":["sneckomod:UnknownWeak","sneckomod:SoulDraw"],"picked":"sneckomod:UnknownClassGREEN","floor":2},{"not_picked":["sneckomod:RainOfDice","sneckomod:UnknownClassJESTER_ORANGE"],"picked":"sneckomod:CheapStock","floor":6},{"not_picked":["sneckomod:RainOfDice","sneckomod:UnknownClassMARISA_DERIVATIONS"],"picked":"sneckomod:UnknownClassPURPLE","floor":9},{"not_picked":["sneckomod:Cheat+1","sneckomod:UnknownClassINFINITE_BLACK+1"],"picked":"sneckomod:UnknownUncommonSkill+1","floor":10},{"not_picked":["sneckomod:UnknownUncommonPower","sneckomod:UnknownStrike"],"picked":"sneckomod:Nope+1","floor":11},{"not_picked":["sneckomod:SoulCleanse+1","sneckomod:UnknownClassSLIMEBOUND+1"],"picked":"sneckomod:UnknownClassBLUE+1","floor":13},{"not_picked":["sneckomod:GlitteringGambit+1","sneckomod:UnknownClassLAVENDER+1"],"picked":"sneckomod:SnekBeam","floor":14},{"not_picked":["sneckomod:UnknownClassINFINITE_BLACK+1","sneckomod:SoulCleanse+1"],"picked":"sneckomod:UnknownBlock+1","floor":15}],"player_experience":533031,"relics_obtained":[{"floor":6,"key":"hubris:SlimyHat"},{"floor":10,"key":"Toxic Egg 2"}],"event_choices":[{"damage_healed":0,"gold_gain":0,"player_choice":"Success","damage_taken":7,"relics_obtained":["hubris:Reverence"],"max_hp_gain":0,"max_hp_loss":0,"event_name":"Scrap Ooze","floor":3,"gold_loss":0},{"damage_healed":0,"gold_gain":0,"player_choice":"Got Potions","damage_taken":0,"max_hp_gain":0,"max_hp_loss":0,"event_name":"Lab","floor":5,"gold_loss":0}],"is_beta":false,"boss_relics":[],"items_purged_floors":[],"is_endless":false,"potions_floor_spawned":[2,6,14,15],"killed_by":"SI_SHIV_ARCHETYPE","ascension_level":1}}