{"host":"2se5dq1do2gp0x9k","time":1612162192,"event":{"mods":["AchievementEnabler","BaseMod","Block Reminder","Colored Map","Colored Powertips","Minty Spire (QoL Compilation)","Relic Stats","StSLib","SuperFastMode"],"gold_per_floor":[110,126,40,40,40,79,109,148,148,188,113,126,126,151,151,241,241,257,272,272,187,187,187,187],"floor_reached":23,"language":"ENG","playtime":836,"items_purged":["Strike_B"],"score":564,"play_id":"11b09fed-18ad-4b45-aeeb-4a8fb85f01bb","local_time":"20210131224952","is_ascension_mode":true,"campfire_choices":[{"data":"Buffer","floor":15.0,"key":"SMITH"}],"circlet_count":0,"master_deck":["AscendersBane","Strike_B","Defend_B+1","Defend_B","Defend_B","Defend_B","Zap","Dualcast","Streamline+1","Beam Cell","Genetic Algorithm+1","Doom and Gloom+1","Reinforced Body","Buffer+1","Skim","Hologram","Rainbow","Compile Driver+1","Loop","Machine Learning"],"relics":["Cracked Core","NeowsBlessing","Golden Idol","Molten Egg 2","War Paint","Omamori","FossilizedHelix","Ornamental Fan","Snecko Eye","Matryoshka"],"acts_visited":["Exordium","TheCity"],"potions_floor_usage":[23,23],"damage_taken":[{"damage":0.0,"enemies":"Cultist","floor":1.0,"turns":1.0},{"damage":0.0,"enemies":"Small Slimes","floor":2.0,"turns":1.0},{"damage":0.0,"enemies":"Gremlin Nob","floor":6.0,"turns":1.0},{"damage":36.0,"enemies":"3 Sentries","floor":8.0,"turns":6.0},{"damage":10.0,"enemies":"Lagavulin","floor":10.0,"turns":7.0},{"damage":0.0,"enemies":"2 Louse","floor":12.0,"turns":2.0},{"damage":0.0,"enemies":"Large Slime","floor":14.0,"turns":6.0},{"damage":0.0,"enemies":"The Guardian","floor":16.0,"turns":13.0},{"damage":9.0,"enemies":"3 Byrds","floor":18.0,"turns":6.0},{"damage":11.0,"enemies":"2 Thieves","floor":19.0,"turns":4.0},{"damage":17,"enemies":"Gremlin Leader","floor":23,"turns":9}],"seed_played":"6128754738042141920","potions_obtained":[{"floor":2.0,"key":"SpeedPotion"},{"floor":10.0,"key":"Dexterity Potion"},{"floor":16.0,"key":"SkillPotion"}],"is_trial":false,"path_per_floor":["M","M","$","?","?","E","?","E","T","E","$","M","?","M","R","B",null,"M","M","$","?","?","E"],"character_chosen":"DEFECT","items_purchased":["Genetic Algorithm"],"campfire_rested":0,"item_purchase_floors":[3],"current_hp_per_floor":[64,64,64,64,64,64,64,28,28,18,18,18,18,18,18,18,53,44,33,33,33,33,16,16],"gold":187,"neow_bonus":"THREE_ENEMY_KILL","is_daily":false,"chose_seed":false,"campfire_upgraded":1,"win_rate":0.0,"timestamp":1612162192,"path_taken":["M","M","?","?","?","E","?","E","T","E","?","M","?","M","R","BOSS","M","M","$","?","?","E"],"items_purchased_type":["Card"],"build_version":"2020-12-22","purchased_purges":1,"victory":false,"max_hp_per_floor":[71,71,71,64,64,64,64,64,64,64,64,64,64,64,64,64,64,64,64,64,64,64,64,64],"relic_stats":{"counters":[11,56],"Golden Idol":56,"Ornamental Fan":[12],"Snecko Eye":[46,35,40,38],"War Paint":["Genetic Algorithm","Defend_B"],"obtain_stats":[{"Matryoshka":21,"NeowsBlessing":0,"Golden Idol":4,"Ornamental Fan":10,"Snecko Eye":17,"Molten Egg 2":6,"Omamori":8,"War Paint":7,"Cracked Core":0,"FossilizedHelix":9},{"Matryoshka":10,"NeowsBlessing":0,"Golden Idol":2,"Ornamental Fan":5,"Snecko Eye":8,"Molten Egg 2":3,"Omamori":4,"War Paint":3,"Cracked Core":0,"FossilizedHelix":4},{"Matryoshka":47,"NeowsBlessing":0,"Golden Idol":2,"Ornamental Fan":16,"Snecko Eye":37,"Molten Egg 2":3,"Omamori":9,"War Paint":3,"Cracked Core":0,"FossilizedHelix":9}]},"card_choices":[{"not_picked":["Redo","Sweeping Beam"],"picked":"Streamline","floor":1.0},{"not_picked":["Compile Driver","Conserve Battery"],"picked":"Beam Cell","floor":2.0},{"not_picked":["Go for the Eyes+1","Sweeping Beam+1"],"picked":"Doom and Gloom+1","floor":6.0},{"not_picked":["Consume","Meteor Strike+1"],"picked":"Reinforced Body","floor":8.0},{"not_picked":["Go for the Eyes+1","Turbo"],"picked":"Buffer","floor":10.0},{"not_picked":["Redo","Darkness"],"picked":"Skim","floor":12.0},{"not_picked":["Heatsinks","Chill"],"picked":"Hologram","floor":14.0},{"not_picked":["Meteor Strike+1","Multi-Cast"],"picked":"Rainbow","floor":16.0},{"not_picked":["Redo","Hologram"],"picked":"Compile Driver+1","floor":18.0},{"not_picked":["Streamline+1","Barrage+1","Sweeping Beam+1"],"picked":"SKIP","floor":19.0}],"player_experience":4041417,"relics_obtained":[{"floor":6.0,"key":"Molten Egg 2"},{"floor":8.0,"key":"Omamori"},{"floor":9.0,"key":"FossilizedHelix"},{"floor":10.0,"key":"Ornamental Fan"}],"event_choices":[{"damage_healed":0.0,"max_hp_gain":0.0,"max_hp_loss":7.0,"gold_gain":0.0,"event_name":"Golden Idol","player_choice":"Lose Max HP","floor":4.0,"gold_loss":0.0,"damage_taken":0.0,"relics_obtained":["Golden Idol"]},{"damage_healed":0.0,"max_hp_gain":0.0,"max_hp_loss":0.0,"gold_gain":0.0,"event_name":"Living Wall","player_choice":"Grow","floor":5.0,"gold_loss":0.0,"damage_taken":0.0,"cards_upgraded":["Streamline"]},{"damage_healed":0.0,"max_hp_gain":0.0,"max_hp_loss":0.0,"gold_gain":30.0,"event_name":"Dead Adventurer","player_choice":"Searched \u00273\u0027 times","floor":7.0,"gold_loss":0.0,"damage_taken":0.0,"relics_obtained":["War Paint"]},{"damage_healed":0.0,"max_hp_gain":0.0,"max_hp_loss":0.0,"gold_gain":0.0,"event_name":"Liars Game","player_choice":"Ignored","floor":13.0,"gold_loss":0.0,"damage_taken":0.0},{"damage_healed":0.0,"max_hp_gain":0.0,"max_hp_loss":0.0,"gold_gain":0.0,"event_name":"Addict","player_choice":"Obtained Relic","floor":21.0,"gold_loss":85.0,"damage_taken":0.0,"relics_obtained":["Matryoshka"]},{"damage_healed":0.0,"max_hp_gain":0.0,"max_hp_loss":0.0,"gold_gain":0.0,"cards_transformed":["Strike_B","Strike_B"],"event_name":"Drug Dealer","player_choice":"Became Test Subject","floor":22.0,"gold_loss":0.0,"damage_taken":0.0,"cards_obtained":["Loop","Machine Learning"]}],"is_beta":false,"boss_relics":[{"not_picked":["Runic Pyramid","Inserter"],"picked":"Snecko Eye"}],"items_purged_floors":[11],"is_endless":false,"potions_floor_spawned":[2,10,16,18,19],"killed_by":"Gremlin Leader","ascension_level":20}}