{"host":"ew66i0vuc7r9fnl7","time":1612187201,"event":{"mods":["Arknights","BaseMod","DeckTracker","Koishi","Minty Spire (QoL Compilation)","StSLib"],"gold_per_floor":[119,194,194,369,369,369,392,317,317,317,331,331,356,277,277,277,277],"floor_reached":16,"language":"KOR","playtime":375,"items_purged":["Doubt"],"score":88,"play_id":"0fb1b531-82ba-4dfa-8dff-860027512648","local_time":"20210201224641","is_ascension_mode":false,"campfire_choices":[{"data":"ats:Emotion Absorption","floor":6,"key":"SMITH"},{"data":"ats:Armor Crushing Shot","floor":10,"key":"SMITH"},{"data":"ats:Hook Shot","floor":12,"key":"SMITH"},{"data":"ats:Charging Defense","floor":15,"key":"SMITH"}],"circlet_count":0,"master_deck":["ats:Strike C","ats:Strike G","ats:Strike S","ats:Armor Crushing Shot+1","ats:Defend","ats:Defend","ats:Defend","ats:Defend","ats:Emotion Absorption+1","ats:Hook Shot+1","ats:Charging Defense+1"],"relics":["ats:Sanity","Golden Idol","Happy Flower","Toy Ornithopter"],"acts_visited":["Exordium"],"potions_floor_usage":[16],"damage_taken":[{"damage":0,"enemies":"Small Slimes","floor":1,"turns":3},{"damage":0,"enemies":"2 Louse","floor":7,"turns":4},{"damage":4,"enemies":"Jaw Worm","floor":11,"turns":3},{"damage":6,"enemies":"Large Slime","floor":13,"turns":7},{"damage":21,"enemies":"Slime Boss","floor":16,"turns":6}],"seed_played":"-1517050096427104349","potions_obtained":[{"floor":7,"key":"SkillPotion"}],"is_trial":false,"path_per_floor":["M","?","?","?","?","R","M","$","T","R","M","R","M","$","R","B"],"character_chosen":"DOCTOR_CLASS","items_purchased":["ats:Charging Defense"],"campfire_rested":0,"item_purchase_floors":[14],"current_hp_per_floor":[72,61,43,43,40,40,40,40,40,40,36,36,30,30,30,14,14],"gold":277,"neow_bonus":"REMOVE_CARD","is_daily":false,"chose_seed":false,"campfire_upgraded":4,"win_rate":0.0,"timestamp":1612187201,"path_taken":["M","?","?","?","?","R","M","$","T","R","M","R","?","$","R","BOSS"],"items_purchased_type":["Card"],"build_version":"2020-12-22","purchased_purges":1,"victory":false,"max_hp_per_floor":[72,72,72,72,72,72,72,72,72,72,72,72,72,72,72,72,72],"card_choices":[{"not_picked":["ats:Hammer On","ats:Overload"],"picked":"ats:Hook Shot","floor":1},{"not_picked":["ats:Cat Scratch","ats:Defend Order","ats:Guard Mode"],"picked":"SKIP","floor":7},{"not_picked":["ats:Consecutive Shot Auto","ats:Revitalization","ats:Shell Defense"],"picked":"SKIP","floor":11},{"not_picked":["ats:Poison Spread","ats:Revitalization","ats:Soul Absorption"],"picked":"SKIP","floor":13}],"player_experience":640029,"relics_obtained":[{"floor":9,"key":"Toy Ornithopter"}],"event_choices":[{"damage_healed":0,"gold_gain":75,"player_choice":"Gather Gold","damage_taken":11,"max_hp_gain":0,"max_hp_loss":0,"event_name":"World of Goop","floor":2,"gold_loss":0},{"damage_healed":0,"gold_gain":0,"player_choice":"Take Damage","damage_taken":18,"relics_obtained":["Golden Idol"],"max_hp_gain":0,"max_hp_loss":0,"event_name":"Golden Idol","floor":3,"gold_loss":0},{"damage_healed":0,"gold_gain":175,"player_choice":"AGREE","damage_taken":0,"max_hp_gain":0,"max_hp_loss":0,"event_name":"Liars Game","floor":4,"gold_loss":0,"cards_obtained":["Doubt"]},{"damage_healed":0,"gold_gain":0,"player_choice":"Success","damage_taken":3,"relics_obtained":["Happy Flower"],"max_hp_gain":0,"max_hp_loss":0,"event_name":"Scrap Ooze","floor":5,"gold_loss":0}],"is_beta":false,"boss_relics":[],"items_purged_floors":[8],"is_endless":false,"potions_floor_spawned":[7],"killed_by":"Slime Boss","ascension_level":0}}