{"host":"nnxvcju6x1qybncj","time":1612194253,"event":{"mods":["BaseMod","Block Reminder","Curses Come First","Custom Start","Dark Map","Displayed Cursed Tome","Downfall","Evolution","Jorbs\u0027s Wanderer Trilogy","Minty Spire (QoL Compilation)","Quick Restart","Relic Stats","StSLib"],"gold_per_floor":[110,185,203,9,9,35,35,69,93,93,110,110,120,131,131,208,208,221,26,36,36,47,47,66,66,66,66,100,100,100,116,116,194,194,211,231,243,243,243,243],"floor_reached":39,"language":"ENG","playtime":1758,"items_purged":[],"score":766,"play_id":"7aa30423-19c6-45e2-91b2-540392097c16","local_time":"20210201164413","is_ascension_mode":true,"campfire_choices":[{"data":"Neutralize","floor":7,"key":"SMITH"},{"data":"Predator","floor":10,"key":"SMITH"},{"data":"Footwork","floor":12,"key":"SMITH"},{"floor":15,"key":"REST"},{"floor":23,"key":"REST"},{"data":"Accuracy","floor":25,"key":"SMITH"},{"floor":27,"key":"REST"},{"floor":32,"key":"REST"}],"circlet_count":0,"master_deck":["AscendersBane","Strike_G","Strike_G","Strike_G","Strike_G","Strike_G","Defend_G","Defend_G","Defend_G","Defend_G","Defend_G","Survivor","Neutralize+1","Skewer+1","Predator+1","Footwork","Footwork+1","Backflip","Underhanded Strike","Cloak And Dagger","Blade Dance","Corpse Explosion","Backflip+1","Accuracy+1","Terror","Deflect","Prepared+1","Blade Dance+1","Finisher","Good Instincts","Envenom","Footwork","Envenom","Blur+1","Dagger Throw+1","Bandage Up"],"relics":["Ring of the Snake","EVO:Axolotl","NeowsBlessing","Membership Card","Bag of Marbles","Mercury Hourglass","Orichalcum","Cursed Key","Ornamental Fan","Enchiridion","Ancient Tea Set","SlaversCollar"],"acts_visited":["Exordium","TheCity","TheBeyond"],"potions_floor_usage":[8,13,16,31,39],"damage_taken":[{"damage":0,"enemies":"2 Louse","floor":1,"turns":1},{"damage":0,"enemies":"Jaw Worm","floor":3,"turns":1},{"damage":0,"enemies":"Lagavulin","floor":6,"turns":1},{"damage":12,"enemies":"3 Sentries","floor":8,"turns":10},{"damage":4,"enemies":"Small Slimes","floor":11,"turns":2},{"damage":2,"enemies":"Gremlin Gang","floor":13,"turns":3},{"damage":0,"enemies":"Exordium Wildlife","floor":14,"turns":3},{"damage":19,"enemies":"The Guardian","floor":16,"turns":11},{"damage":3,"enemies":"2 Thieves","floor":18,"turns":2},{"damage":0,"enemies":"3 Byrds","floor":20,"turns":3},{"damage":8,"enemies":"Sentry and Sphere","floor":22,"turns":5},{"damage":0,"enemies":"Centurion and Healer","floor":24,"turns":4},{"damage":8,"enemies":"Gremlin Leader","floor":28,"turns":5},{"damage":17,"enemies":"Snake Plant","floor":31,"turns":5},{"damage":35,"enemies":"Automaton","floor":33,"turns":10},{"damage":0,"enemies":"Orb Walker","floor":35,"turns":3},{"damage":20,"enemies":"3 Shapes","floor":36,"turns":5},{"damage":13,"enemies":"3 Darklings","floor":37,"turns":2},{"damage":28,"enemies":"Writhing Mass","floor":39,"turns":5}],"seed_played":"-2796616833832562286","potions_obtained":[{"floor":6,"key":"ColorlessPotion"},{"floor":11,"key":"CunningPotion"},{"floor":14,"key":"Dexterity Potion"},{"floor":22,"key":"SkillPotion"},{"floor":33,"key":"Weak Potion"},{"floor":36,"key":"Ancient Potion"}],"is_trial":false,"path_per_floor":["M","?","M","$","?","E","R","E","T","R","M","R","M","M","R","B",null,"M","$","M","?","M","R","M","R","T","R","E","?","?","M","R","B",null,"M","M","M","?","M"],"character_chosen":"THE_SILENT","items_purchased":["Footwork","Membership Card","Accuracy","Ornamental Fan","Terror"],"campfire_rested":4,"item_purchase_floors":[4,4,19,19,19],"current_hp_per_floor":[59,48,48,48,48,48,48,36,36,36,32,32,30,30,49,30,57,54,54,54,38,30,49,49,49,49,66,58,58,58,41,60,25,56,56,36,23,23,0,0],"gold":243,"neow_bonus":"THREE_ENEMY_KILL","is_daily":false,"chose_seed":false,"campfire_upgraded":4,"win_rate":0.0,"timestamp":1612194253,"path_taken":["M","?","M","$","?","E","R","E","T","R","M","R","M","M","R","BOSS","M","$","M","?","M","R","M","R","T","R","E","?","?","M","R","BOSS","M","?","M","?","M"],"items_purchased_type":["Card","Relic","Card","Relic","Card"],"build_version":"2020-12-22","purchased_purges":0,"victory":false,"max_hp_per_floor":[66,66,66,66,66,66,66,66,66,66,66,66,66,66,66,66,66,66,66,66,66,66,66,66,66,66,66,66,66,66,66,66,66,66,66,66,66,66,66,66],"relic_stats":{"counters":[19,80],"Ornamental Fan":[68],"Orichalcum":[78],"Cursed Key":0,"obtain_stats":[{"SlaversCollar":34,"NeowsBlessing":0,"Ornamental Fan":19,"Enchiridion":21,"Bag of Marbles":6,"EVO:Axolotl":0,"Membership Card":4,"Orichalcum":9,"Cursed Key":17,"Ancient Tea Set":28,"Ring of the Snake":0,"Mercury Hourglass":8},{"SlaversCollar":15,"NeowsBlessing":0,"Ornamental Fan":9,"Enchiridion":10,"Bag of Marbles":3,"EVO:Axolotl":0,"Membership Card":2,"Orichalcum":4,"Cursed Key":8,"Ancient Tea Set":13,"Ring of the Snake":0,"Mercury Hourglass":4},{"SlaversCollar":65,"NeowsBlessing":0,"Ornamental Fan":33,"Enchiridion":36,"Bag of Marbles":3,"EVO:Axolotl":0,"Membership Card":2,"Orichalcum":13,"Cursed Key":31,"Ancient Tea Set":50,"Ring of the Snake":0,"Mercury Hourglass":13}],"Ring of the Snake":[38],"Mercury Hourglass":[297]},"card_choices":[{"not_picked":["Blade Dance","Dodge and Roll"],"picked":"Skewer","floor":1},{"not_picked":["Calculated Gamble","Dagger Spray"],"picked":"Predator","floor":3},{"not_picked":["Acrobatics","Infinite Blades"],"picked":"Footwork","floor":6},{"not_picked":["Outmaneuver","Accuracy"],"picked":"Backflip","floor":8},{"not_picked":["Masterful Stab","Poisoned Stab"],"picked":"Underhanded Strike","floor":11},{"not_picked":["Flying Knee","Poisoned Stab"],"picked":"Cloak And Dagger","floor":13},{"not_picked":["Predator","Choke"],"picked":"Blade Dance","floor":14},{"not_picked":["Die Die Die","A Thousand Cuts"],"picked":"Corpse Explosion","floor":16},{"not_picked":["PiercingWail","Flying Knee"],"picked":"Backflip+1","floor":18},{"not_picked":["Heel Hook","Bane"],"picked":"Deflect","floor":20},{"not_picked":["Quick Slash","Dagger Spray"],"picked":"Prepared+1","floor":22},{"not_picked":["Prepared","Terror"],"picked":"Blade Dance+1","floor":24},{"not_picked":["Cloak And Dagger","Sucker Punch"],"picked":"Finisher","floor":28},{"not_picked":["Acrobatics","PiercingWail"],"picked":"Footwork","floor":31},{"not_picked":["Unload","Malaise"],"picked":"Envenom","floor":33},{"not_picked":["Escape Plan","Flying Knee"],"picked":"Blur+1","floor":35},{"not_picked":["Dagger Spray","Eviscerate+1"],"picked":"Dagger Throw+1","floor":36},{"not_picked":["Underhanded Strike","Blade Dance","Deadly Poison+1"],"picked":"SKIP","floor":37},{"not_picked":["Swift Strike","Forethought"],"picked":"Bandage Up","floor":38}],"player_experience":713985,"relics_obtained":[{"floor":6,"key":"Bag of Marbles"},{"floor":8,"key":"Mercury Hourglass"},{"floor":9,"key":"Orichalcum"},{"floor":28,"key":"Ancient Tea Set"}],"event_choices":[{"damage_healed":0,"gold_gain":75,"player_choice":"Gather Gold","damage_taken":11,"max_hp_gain":0,"max_hp_loss":0,"event_name":"World of Goop","floor":2,"gold_loss":0},{"damage_healed":0,"gold_gain":0,"player_choice":"Grow","damage_taken":0,"max_hp_gain":0,"max_hp_loss":0,"event_name":"Living Wall","floor":5,"gold_loss":0,"cards_upgraded":["Skewer"]},{"damage_healed":0,"gold_gain":0,"player_choice":"Obtained Book","damage_taken":16,"max_hp_gain":0,"max_hp_loss":0,"event_name":"Cursed Tome","floor":21,"gold_loss":0},{"damage_healed":0,"gold_gain":0,"player_choice":"Ignored","damage_taken":0,"max_hp_gain":0,"max_hp_loss":0,"event_name":"Beggar","floor":29,"gold_loss":0},{"damage_healed":0,"gold_gain":0,"player_choice":"2 cards matched","damage_taken":0,"max_hp_gain":0,"max_hp_loss":0,"event_name":"Match and Keep!","floor":30,"gold_loss":0,"cards_obtained":["Good Instincts","Envenom"]},{"damage_healed":0,"gold_gain":0,"player_choice":"Memory 1","damage_taken":0,"max_hp_gain":0,"max_hp_loss":0,"event_name":"SensoryStone","floor":38,"gold_loss":0}],"is_beta":false,"boss_relics":[{"not_picked":["Runic Pyramid","Velvet Choker"],"picked":"Cursed Key"},{"not_picked":["HoveringKite","Runic Dome"],"picked":"SlaversCollar"}],"items_purged_floors":[],"is_endless":false,"potions_floor_spawned":[6,11,14,22,33,36],"killed_by":"Writhing Mass","ascension_level":14}}