{"host":"74uvi6kym3vf3uk6","time":1612162657,"event":{"mods":["AchievementEnabler","Astrologer","BaseMod","Better Altar","Better Match","Better Note","Better Sensory Stone","Better Skull","Better Third Choice","CatGirl Mod","ChefMod","Colored Map","Colored Powertips","Conspire","Custom Start","Dark Map","Halation","Hermit","Highlight Path","Infinite Spire","Minty Spire (QoL Compilation)","Permanent Neow","Rare Cards Sparkle","Replay The Spire","Shop Mod","StSLib","The Construct","The Elementalist","The Exalted","The Florist","The Poker Player","The Runesmith","The Vixen","TheBandit"],"gold_per_floor":[118,131,144,144,144,162,236,268,268,296,296,311,324,324,344,363,363,463,463,473,473,473,85,102,102,102,102,156,173,173,173,173],"floor_reached":30,"language":"ENG","playtime":4155,"items_purged":[],"score":292,"play_id":"adf8ad83-f3df-4429-985c-61de593a95e7","local_time":"20210201005737","is_ascension_mode":false,"campfire_choices":[{"floor":9,"key":"REST"},{"floor":14,"key":"REST"},{"floor":17,"key":"REST"},{"floor":25,"key":"REST"}],"circlet_count":0,"master_deck":["wariomod:Strike","wariomod:Strike","wariomod:Strike","wariomod:Strike","wariomod:Defend","wariomod:Defend","wariomod:Defend","wariomod:Defend","wariomod:Step","wariomod:Leap","wariomod:GreaterGuard","wariomod:EndlessBlast","wariomod:ChargeForth","wariomod:ShipSmash","wariomod:Leapslam","wariomod:ChargeForth","wariomod:Bomblaster","wariomod:DanceDash","wariomod:AwfulLook","wariomod:PoisonBombs","wariomod:PoisonBombs","wariomod:GreaterGuard","Bromod:Flow","wariomod:BoomBoom","wariomod:DiceyMove","wariomod:DiceyMove","wariomod:ChargeForth","Bromod:Flow","wariomod:Bombshield"],"relics":["wariomod:TheHat","Juzu Bracelet","Snack Pack","conspire:TopHat","Lantern","Ring of Chaos","MealTicket","halation:Jellyphish","MerchantsRug","construct:WeddingRing","Replay:Baseball","halation:PrussianBluePaint"],"acts_visited":["Exordium","TheCity"],"potions_floor_usage":[8,18,30,30,30],"damage_taken":[{"damage":5,"enemies":"2 Louse","floor":1,"turns":3},{"damage":10,"enemies":"Jaw Worm","floor":2,"turns":6},{"damage":1,"enemies":"Cultist","floor":3,"turns":4},{"damage":6,"enemies":"Exordium Thugs","floor":6,"turns":3},{"damage":2,"enemies":"Replay:BlueRogue","floor":8,"turns":5},{"damage":13,"enemies":"Gremlin Nob","floor":10,"turns":4},{"damage":21,"enemies":"Large Slime","floor":12,"turns":6},{"damage":23,"enemies":"3 Louse","floor":13,"turns":3},{"damage":0,"enemies":"2 Fungi Beasts","floor":15,"turns":2},{"damage":0,"enemies":"Looter","floor":16,"turns":2},{"damage":0,"enemies":"Slime Boss","floor":18,"turns":6},{"damage":50,"enemies":"conspire:FuzzyDice","floor":20,"turns":5},{"damage":31,"enemies":"3 Byrds","floor":24,"turns":4},{"damage":23,"enemies":"conspire:HollyBat","floor":29,"turns":9},{"damage":21,"enemies":"Book of Stabbing","floor":30,"turns":2}],"seed_played":"-628459496770165811","potions_obtained":[{"floor":3,"key":"Weak Potion"},{"floor":6,"key":"Venom Potion"},{"floor":10,"key":"ColorlessPotion"},{"floor":12,"key":"SteroidPotion"},{"floor":18,"key":"CultistPotion"},{"floor":20,"key":"CultistPotion"}],"is_trial":false,"path_per_floor":["M","M","M","PTL","PTL","M","?","E","R","E","T","M","M","R","M","M","R","B",null,"M","?","AVR","$","M","R","NM","?","T","M","E"],"character_chosen":"THE_BANDIT","items_purchased":["halation:Jellyphish","wariomod:BoomBoom","MerchantsRug","wariomod:DiceyMove"],"campfire_rested":4,"item_purchase_floors":[23,23,23,23],"current_hp_per_floor":[75,65,64,64,64,58,58,56,80,69,69,48,25,49,49,51,75,80,80,32,32,32,47,18,42,42,42,42,21,0,0,0],"gold":173,"neow_bonus":"RANDOM_COMMON_RELIC","is_daily":false,"chose_seed":false,"campfire_upgraded":0,"win_rate":0.0,"timestamp":1612162657,"path_taken":["M","M","M","PTL","PTL","M","?","E","R","E","T","M","M","R","M","M","R","BOSS","M","?","AVR","?","M","R","NM","?","T","M","E"],"items_purchased_type":["Relic","Card","Relic","Card"],"build_version":"2020-12-22","purchased_purges":0,"victory":false,"max_hp_per_floor":[80,80,80,80,80,80,80,80,80,80,80,80,80,80,80,80,80,80,80,80,80,80,80,80,80,80,80,80,80,80,80,80],"card_choices":[{"not_picked":["wariomod:Leapslam","wariomod:TheGrandJourney"],"picked":"wariomod:GreaterGuard","floor":1},{"not_picked":["wariomod:SpikeSlash","wariomod:Leapslam"],"picked":"wariomod:EndlessBlast","floor":2},{"not_picked":["wariomod:Game","wariomod:Boomsmack"],"picked":"wariomod:ChargeForth","floor":3},{"not_picked":["wariomod:Bombshield","wariomod:GreaterGuard"],"picked":"wariomod:ShipSmash","floor":6},{"not_picked":["wariomod:Goblast","wariomod:SpikeSlash"],"picked":"wariomod:Leapslam","floor":8},{"not_picked":["wariomod:BlastDash","wariomod:Hopshield"],"picked":"wariomod:ChargeForth","floor":10},{"not_picked":["wariomod:f","wariomod:GreaterGuard"],"picked":"wariomod:Bomblaster","floor":12},{"not_picked":["wariomod:SilenceBombs","wariomod:SmackSlam"],"picked":"wariomod:DanceDash","floor":13},{"not_picked":["wariomod:Goblast","wariomod:HappyHop"],"picked":"wariomod:AwfulLook","floor":15},{"not_picked":["wariomod:DiceyMove","wariomod:Game"],"picked":"wariomod:PoisonBombs","floor":16},{"not_picked":["wariomod:AbandonGame","wariomod:ShipSmash"],"picked":"wariomod:PoisonBombs","floor":18},{"not_picked":["wariomod:SpikeSlash","wariomod:DropBash"],"picked":"wariomod:GreaterGuard","floor":20},{"not_picked":["wariomod:TheGrandJourney","wariomod:SmallSprint+1"],"picked":"wariomod:ChargeForth","floor":24},{"not_picked":["wariomod:WhirlwindBurst+1","wariomod:DiceyMove"],"picked":"wariomod:Bombshield","floor":29}],"player_experience":194406,"relics_obtained":[{"floor":8,"key":"Snack Pack"},{"floor":10,"key":"conspire:TopHat"},{"floor":11,"key":"Lantern"},{"floor":28,"key":"Replay:Baseball"}],"event_choices":[{"damage_healed":0,"gold_gain":74,"player_choice":"Gained Gold","damage_taken":0,"max_hp_gain":0,"max_hp_loss":0,"event_name":"Golden Wing","floor":7,"gold_loss":0},{"cards_removed":["wariomod:Step"],"damage_healed":0,"gold_gain":0,"player_choice":"Take \u0026 Give","damage_taken":0,"max_hp_gain":0,"max_hp_loss":0,"event_name":"betterNote:BetterNote","floor":21,"gold_loss":0,"cards_obtained":["Bromod:Flow"]},{"damage_healed":0,"gold_gain":0,"player_choice":"Copied","damage_taken":0,"max_hp_gain":0,"max_hp_loss":0,"event_name":"Duplicator","floor":27,"gold_loss":0,"cards_obtained":["Bromod:Flow"]}],"is_beta":false,"boss_relics":[{"not_picked":["Bromod:ArcaneBarrier","Snecko Eye"],"picked":"Ring of Chaos"}],"items_purged_floors":[],"is_endless":false,"potions_floor_spawned":[3,6,10,12,18,20],"killed_by":"Book of Stabbing","ascension_level":0}}