{"host":"5t6k5h959q0wkklw","time":1612215299,"event":{"mods":["BaseMod","BetterRewards","Conspire","Downfall","Hubris","Infinite Spire","Marisa????????","Minty Spire (QoL Compilation)","Replay The Spire","StSLib","The Necromancer","The Poker Player","The Servant 0.9.4"],"gold_per_floor":[110,127,146,163,163,163,192,210,210,225,137,137,149,70,70,70,70,70],"floor_reached":16,"language":"ENG","playtime":1096,"items_purged":[],"score":106,"play_id":"1f4d76da-dc62-4ada-8389-4e3a61d476da","local_time":"20210201163459","is_ascension_mode":false,"metric_token":850,"campfire_choices":[{"floor":6,"key":"REST"},{"floor":12,"key":"REST"},{"data":"PokerPlayerMod:VarietyAttack","floor":15,"key":"SMITH"}],"circlet_count":0,"master_deck":["PokerPlayerMod:Diamond1","PokerPlayerMod:Diamond2","PokerPlayerMod:Diamond3","PokerPlayerMod:Diamond4","PokerPlayerMod:Diamond5","PokerPlayerMod:Spade1","PokerPlayerMod:Spade2","PokerPlayerMod:Spade3","PokerPlayerMod:Spade4","PokerPlayerMod:Club1","PokerPlayerMod:Club2","PokerPlayerMod:Heart2","PokerPlayerMod:TrumpStrike","PokerPlayerMod:BadJoker","PokerPlayerMod:Mulligan","PokerPlayerMod:VarietyAttack+1","PokerPlayerMod:Fold","PokerPlayerMod:DartThrow","PokerPlayerMod:CardBurn","PokerPlayerMod:CloakAndDiamond","PokerPlayerMod:Diamond7","PokerPlayerMod:ClubsClub","PokerPlayerMod:DiamondStrike","PokerPlayerMod:FlyingCard","PokerPlayerMod:Diamond5","PokerPlayerMod:ClubShade"],"relics":["PokerPlayerMod:DeckCase","hubris:Macrotransations","hubris:FruitBowl","hubris:GlazedTorus","Thread and Needle"],"acts_visited":["Exordium"],"potions_floor_usage":[],"damage_taken":[{"damage":0,"enemies":"Cultist","floor":1,"turns":2},{"damage":5,"enemies":"Jaw Worm","floor":2,"turns":2},{"damage":0,"enemies":"2 Louse","floor":3,"turns":2},{"damage":0,"enemies":"Gremlin Gang","floor":4,"turns":2},{"damage":20,"enemies":"Lagavulin","floor":7,"turns":5},{"damage":4,"enemies":"Large Slime","floor":8,"turns":4},{"damage":6,"enemies":"Exordium Thugs","floor":10,"turns":2},{"damage":0,"enemies":"Lots of Slimes","floor":11,"turns":1},{"damage":0,"enemies":"Gremlin Gang","floor":13,"turns":1},{"damage":20,"enemies":"The Guardian","floor":16,"turns":9}],"seed_played":"-4232580520189935754","potions_obtained":[{"floor":4,"key":"Guardian:BlockOnCardUsePotion"},{"floor":7,"key":"Milkshake"},{"floor":8,"key":"Block Potion"}],"is_trial":false,"path_per_floor":["M","M","M","M","$","R","E","M","T","M","M","R","M","$","R","B"],"character_chosen":"THE_POKER_PLAYER","items_purchased":["hubris:Macrotransations","hubris:FruitBowl","PokerPlayerMod:ClubShade"],"campfire_rested":2,"item_purchase_floors":[5,5,14],"current_hp_per_floor":[52,47,47,52,14,29,11,9,9,3,3,18,18,18,18,0,0,0],"gold":70,"neow_bonus":"ONE_RANDOM_RARE_CARD","is_daily":false,"chose_seed":false,"campfire_upgraded":1,"win_rate":0.0,"timestamp":1612215299,"path_taken":["M","M","M","?","?","R","E","M","T","M","M","R","M","$","R","BOSS"],"items_purchased_type":["Relic","Relic","Card"],"build_version":"2020-12-22","purchased_purges":0,"victory":false,"max_hp_per_floor":[52,52,52,52,52,52,52,52,52,52,52,52,52,52,52,52,52,52],"card_choices":[{"not_picked":["PokerPlayerMod:Club3","PokerPlayerMod:Configure"],"picked":"PokerPlayerMod:Fold","floor":1},{"not_picked":["PokerPlayerMod:Raise","PokerPlayerMod:Diamond3"],"picked":"PokerPlayerMod:DartThrow","floor":2},{"not_picked":["PokerPlayerMod:Diamond4","PokerPlayerMod:Club3"],"picked":"PokerPlayerMod:CardBurn","floor":3},{"not_picked":["PokerPlayerMod:Diamond3","PokerPlayerMod:ClubsClub"],"picked":"PokerPlayerMod:CloakAndDiamond","floor":4},{"not_picked":["PokerPlayerMod:DartThrow","PokerPlayerMod:Spade3"],"picked":"PokerPlayerMod:Diamond7","floor":7},{"not_picked":["PokerPlayerMod:Duplicate","PokerPlayerMod:Raise"],"picked":"PokerPlayerMod:ClubsClub","floor":8},{"not_picked":["PokerPlayerMod:Diamond1","PokerPlayerMod:CloakAndDiamond"],"picked":"PokerPlayerMod:DiamondStrike","floor":10},{"not_picked":["PokerPlayerMod:Diamond3","PokerPlayerMod:Club3"],"picked":"PokerPlayerMod:FlyingCard","floor":11},{"not_picked":["PokerPlayerMod:DartThrow","PokerPlayerMod:Club2"],"picked":"PokerPlayerMod:Diamond5","floor":13}],"player_experience":137364,"relics_obtained":[{"floor":7,"key":"hubris:GlazedTorus"},{"floor":9,"key":"Thread and Needle"}],"event_choices":[],"is_beta":false,"boss_relics":[],"items_purged_floors":[],"is_endless":false,"potions_floor_spawned":[3,4,7,8],"killed_by":"The Guardian","ascension_level":0}}