{"host":"o3nki8hvugtioqst","time":1612195417,"event":{"mods":["BaseMod","Minty Spire (QoL Compilation)","Quick Restart","Rare Cards Sparkle","StSLib","SuperFastMode","The Cursed"],"gold_per_floor":[116,216,32,32,58,58,10,36,36,61,25,61,92,92,92,205,205,236,269,299,344,353,391,391,140,196,225,267,300,158,158,158,266,266,299,308,332,347,374,374,130,151,160,189,169,169,201,222,222,222,222,222,17,44,44,44],"floor_reached":55,"language":"ENG","playtime":2370,"items_purged":[],"score":956,"play_id":"800d3ec9-36c1-4418-9c8e-c9bfce27b87b","local_time":"20210201180337","is_ascension_mode":false,"campfire_choices":[{"data":"TheCursedMod:SpitefulPray","floor":6,"key":"SMITH"},{"data":"TheCursedMod:SpitefulPlan","floor":15,"key":"SMITH"},{"data":"TheCursedMod:CursedRelics","floor":24,"key":"SMITH"},{"floor":32,"key":"REST"},{"data":"TheCursedMod:VoidForm","floor":40,"key":"SMITH"},{"floor":46,"key":"RECALL"},{"data":"Secret Weapon","floor":49,"key":"SMITH"},{"data":"TheCursedMod:CollectTribute","floor":52,"key":"SMITH"}],"circlet_count":0,"master_deck":["TheCursedMod:Defend_TheCursed","TheCursedMod:Defend_TheCursed","TheCursedMod:Defend_TheCursed","TheCursedMod:Defend_TheCursed","TheCursedMod:CursedWand+1","TheCursedMod:CleanUpWorkshop","TheCursedMod:Dregs","TheCursedMod:CursedBlade","TheCursedMod:SpitefulPray+1","TheCursedMod:SurpriseAttack","TheCursedMod:DemonSword","TheCursedMod:SpitefulPlan+1","TheCursedMod:CursedAmulet","TheCursedMod:CollectTribute+1","TheCursedMod:SmokeScreen+1","TheCursedMod:CircleOfFocus+1","TheCursedMod:TacticalStrike+1","TheCursedMod:CircleOfBlood+1","TheCursedMod:CursedSpellbook","TheCursedMod:SurpriseAttack+1","Bite","Bite","Bite","Bite","Bite+1","Necronomicurse","TheCursedMod:CursedRelics+1","Pain","TheCursedMod:TroublousMinions","TheCursedMod:TroublousMinions+1","TheCursedMod:Evocation+1","TheCursedMod:VoidForm+1","TheCursedMod:RavingStaff+1","TheCursedMod:Hemoplague+1","Pain","TheCursedMod:SurpriseAttack","Finesse","Secret Weapon+1","Flash of Steel","TheCursedMod:BlessingInDisguise","Clumsy","TheCursedMod:Stretching+1","TheCursedMod:CursedRelics","TheCursedMod:LuckyCharm"],"relics":["TheCursedMod:BlackMagic101","CeramicFish","Vajra","Question Card","Pantograph","Gremlin Horn","Prayer Wheel","Bird Faced Urn","Cursed Key","Necronomicon","Strawberry","Letter Opener","Whetstone","MawBank","Centennial Puzzle","Busted Crown","WarpedTongs","HornCleat","Eternal Feather","Anchor","Orichalcum"],"acts_visited":["Exordium","TheCity","TheBeyond","TheEnding"],"potions_floor_usage":[10,16,16,33,44,48,55,55],"damage_taken":[{"damage":2,"enemies":"Small Slimes","floor":1,"turns":5},{"damage":1,"enemies":"Cultist","floor":5,"turns":3},{"damage":5,"enemies":"3 Sentries","floor":8,"turns":7},{"damage":17,"enemies":"Gremlin Nob","floor":10,"turns":4},{"damage":39,"enemies":"Lagavulin","floor":12,"turns":8},{"damage":0,"enemies":"2 Louse","floor":13,"turns":1},{"damage":29,"enemies":"The Guardian","floor":16,"turns":9},{"damage":7,"enemies":"3 Byrds","floor":18,"turns":4},{"damage":17,"enemies":"Spheric Guardian","floor":19,"turns":4},{"damage":1,"enemies":"3 Cultists","floor":20,"turns":5},{"damage":0,"enemies":"Gremlin Leader","floor":23,"turns":4},{"damage":19,"enemies":"Snecko","floor":27,"turns":4},{"damage":41,"enemies":"Book of Stabbing","floor":28,"turns":4},{"damage":0,"enemies":"Snake Plant","floor":29,"turns":1},{"damage":46,"enemies":"Champ","floor":33,"turns":7},{"damage":0,"enemies":"Orb Walker","floor":35,"turns":1},{"damage":7,"enemies":"3 Shapes","floor":37,"turns":1},{"damage":2,"enemies":"Maw","floor":38,"turns":2},{"damage":7,"enemies":"Writhing Mass","floor":42,"turns":3},{"damage":30,"enemies":"Nemesis","floor":44,"turns":5},{"damage":3,"enemies":"Reptomancer","floor":47,"turns":1},{"damage":26,"enemies":"Transient","floor":48,"turns":5},{"damage":87,"enemies":"Time Eater","floor":50,"turns":6},{"damage":21,"enemies":"Shield and Spear","floor":54,"turns":3},{"damage":103,"enemies":"The Heart","floor":55,"turns":6}],"seed_played":"-4424293854052662456","potions_obtained":[{"floor":8,"key":"CultistPotion"},{"floor":10,"key":"FairyPotion"},{"floor":13,"key":"ColorlessPotion"},{"floor":19,"key":"FearPotion"},{"floor":20,"key":"EssenceOfSteel"},{"floor":28,"key":"DistilledChaos"},{"floor":35,"key":"PowerPotion"},{"floor":45,"key":"Explosive Potion"},{"floor":48,"key":"SmokeBomb"},{"floor":54,"key":"ColorlessPotion"}],"is_trial":false,"path_per_floor":["M","?","$","?","M","R","$","E","T","E","$","E","M","?","R","B",null,"M","M","M","?","?","E","R","$","T","M","E","M","$","?","R","B",null,"M","?","M","M","?","R","$","M","T","E","?","R","E","M","R","B",null,"R","$","E","B"],"character_chosen":"THE_CURSED","items_purchased":["CeramicFish","TheCursedMod:LuckyCharm","Fire Potion","TheCursedMod:SurpriseAttack","Letter Opener","Centennial Puzzle","HornCleat","TheCursedMod:CursedRelics","TheCursedMod:LuckyCharm"],"campfire_rested":1,"item_purchase_floors":[3,3,7,11,25,30,41,53,53],"current_hp_per_floor":[80,80,80,80,79,79,79,74,74,57,57,18,18,18,18,16,82,75,62,69,57,41,64,64,64,64,47,29,29,29,18,38,35,69,69,69,69,68,58,58,58,66,66,49,49,69,69,56,69,22,69,69,69,63,0,0],"gold":44,"neow_bonus":"TEN_PERCENT_HP_BONUS","is_daily":false,"chose_seed":false,"campfire_upgraded":6,"win_rate":0.0,"timestamp":1612195417,"path_taken":["M","?","?","?","M","R","$","E","T","E","$","E","?","?","R","BOSS","M","M","M","?","?","E","R","$","T","M","E","M","$","?","R","BOSS","M","?","?","M","?","R","$","M","T","E","?","R","E","?","R","BOSS","R","$","E","BOSS"],"items_purchased_type":["Relic","Card","Potion","Card","Relic","Relic","Relic","Card","Card"],"build_version":"2020-12-22","purchased_purges":0,"victory":false,"max_hp_per_floor":[82,82,82,82,82,82,82,82,82,82,82,82,82,82,82,82,82,82,82,82,57,57,64,64,64,64,64,64,64,64,69,69,69,69,69,69,69,69,69,69,69,69,69,69,69,69,69,69,69,69,69,69,69,69,69,69],"card_choices":[{"not_picked":["TheCursedMod:RapidMovement","TheCursedMod:FleshFromBone"],"picked":"TheCursedMod:CursedBlade","floor":1},{"not_picked":["TheCursedMod:RapidMovement","TheCursedMod:SoulCrush"],"picked":"TheCursedMod:SpitefulPray","floor":5},{"not_picked":["TheCursedMod:CursedBlade","TheCursedMod:EmpowerCircles","TheCursedMod:TacticalStrike"],"picked":"SKIP","floor":8},{"not_picked":["TheCursedMod:CursedAmulet","TheCursedMod:VitalStrike","TheCursedMod:Stretching","TheCursedMod:CircleOfAmplification"],"picked":"SKIP","floor":10},{"not_picked":["TheCursedMod:SoulCrush","TheCursedMod:AshesToAshes","TheCursedMod:BloodBarrier"],"picked":"TheCursedMod:DemonSword","floor":12},{"not_picked":["TheCursedMod:CircleOfFlame","TheCursedMod:Stigma","TheCursedMod:CursedShiv"],"picked":"TheCursedMod:SpitefulPlan","floor":13},{"not_picked":["TheCursedMod:SpitefulStrike","TheCursedMod:CursedMace","TheCursedMod:SpitefulPray"],"picked":"TheCursedMod:CursedAmulet","floor":13},{"not_picked":["TheCursedMod:UltimatePain","TheCursedMod:Neurasthenia","TheCursedMod:ForbiddenAlchemy"],"picked":"TheCursedMod:CollectTribute","floor":16},{"not_picked":["TheCursedMod:Mangle","TheCursedMod:StingEye","TheCursedMod:DoubleShield+1"],"picked":"TheCursedMod:SmokeScreen+1","floor":18},{"not_picked":["TheCursedMod:AshesToAshes+1","TheCursedMod:WearCloak","TheCursedMod:Stretching"],"picked":"TheCursedMod:CircleOfFocus+1","floor":18},{"not_picked":["TheCursedMod:CursedBlade","TheCursedMod:CircleOfFlame","TheCursedMod:StingEye"],"picked":"TheCursedMod:TacticalStrike+1","floor":19},{"not_picked":["TheCursedMod:RavingStaff","TheCursedMod:Mangle","TheCursedMod:WearCloak"],"picked":"TheCursedMod:CircleOfBlood+1","floor":19},{"not_picked":["TheCursedMod:CursedMace+1","TheCursedMod:Obscuration","TheCursedMod:VitalStrike"],"picked":"TheCursedMod:CursedSpellbook","floor":20},{"not_picked":["TheCursedMod:Torture+1","TheCursedMod:CursedMace+1","TheCursedMod:RavingStaff"],"picked":"TheCursedMod:SurpriseAttack+1","floor":20},{"not_picked":["TheCursedMod:Hemoplague","TheCursedMod:SmokeScreen","TheCursedMod:BloodBarrier"],"picked":"TheCursedMod:CursedRelics","floor":23},{"not_picked":["TheCursedMod:VitalStrike","TheCursedMod:FleshFromBone+1","TheCursedMod:StingEye"],"picked":"TheCursedMod:TroublousMinions","floor":27},{"not_picked":["TheCursedMod:FleshFromBone","TheCursedMod:Hemoplague","TheCursedMod:CursedShiv","TheCursedMod:CircleOfCorruption"],"picked":"SKIP","floor":27},{"not_picked":["TheCursedMod:CursedShiv","TheCursedMod:CursedAmulet","TheCursedMod:Stretching"],"picked":"TheCursedMod:TroublousMinions+1","floor":28},{"not_picked":["TheCursedMod:SmokeScreen+1","TheCursedMod:SoulCrush","TheCursedMod:ReleasedStrength"],"picked":"TheCursedMod:Evocation+1","floor":29},{"not_picked":["TheCursedMod:Stigma+1","TheCursedMod:Hemoplague","TheCursedMod:Torture","TheCursedMod:SmokeScreen"],"picked":"SKIP","floor":29},{"not_picked":["TheCursedMod:ShockAndAwe","TheCursedMod:AntiAging","TheCursedMod:Neurasthenia"],"picked":"TheCursedMod:VoidForm","floor":33},{"not_picked":["TheCursedMod:Torture+1"],"picked":"TheCursedMod:RavingStaff+1","floor":35},{"not_picked":["TheCursedMod:VitalStrike+1"],"picked":"TheCursedMod:Hemoplague+1","floor":35},{"not_picked":["TheCursedMod:Hemoplague"],"picked":"TheCursedMod:SurpriseAttack","floor":37},{"not_picked":["TheCursedMod:RavingStaff+1","TheCursedMod:FleshFromBone+1"],"picked":"SKIP","floor":37},{"not_picked":["TheCursedMod:Obscuration+1","TheCursedMod:CursedMace+1"],"picked":"SKIP","floor":38},{"not_picked":["TheCursedMod:SpitefulPlan+1","TheCursedMod:SpitefulStrike"],"picked":"SKIP","floor":38},{"not_picked":["PanicButton"],"picked":"Finesse","floor":39},{"not_picked":["Purity"],"picked":"Secret Weapon","floor":39},{"not_picked":["PanicButton"],"picked":"Flash of Steel","floor":39},{"not_picked":["TheCursedMod:SpitefulPray"],"picked":"TheCursedMod:BlessingInDisguise","floor":42},{"not_picked":["TheCursedMod:Wield","TheCursedMod:Stigma"],"picked":"SKIP","floor":42},{"not_picked":["TheCursedMod:DoubleShield+1","TheCursedMod:CursedMace+1"],"picked":"SKIP","floor":44},{"not_picked":["TheCursedMod:Obscuration","TheCursedMod:FleshFromBone"],"picked":"SKIP","floor":47},{"not_picked":["TheCursedMod:CircleOfWindfury"],"picked":"TheCursedMod:Stretching+1","floor":48},{"not_picked":["TheCursedMod:FuryStrike+1","TheCursedMod:WearCloak"],"picked":"SKIP","floor":48},{"not_picked":["TheCursedMod:SpitefulStrike+1","TheCursedMod:CircleOfCorruption"],"picked":"SKIP","floor":54}],"player_experience":241541,"relics_obtained":[{"floor":8,"key":"Question Card"},{"floor":9,"key":"Pantograph"},{"floor":10,"key":"Gremlin Horn"},{"floor":12,"key":"Prayer Wheel"},{"floor":22,"key":"Necronomicon"},{"floor":23,"key":"Strawberry"},{"floor":26,"key":"Whetstone"},{"floor":28,"key":"MawBank"},{"floor":44,"key":"Eternal Feather"},{"floor":47,"key":"Anchor"},{"floor":54,"key":"Orichalcum"}],"event_choices":[{"damage_healed":0,"gold_gain":100,"player_choice":"Gold","damage_taken":0,"max_hp_gain":0,"max_hp_loss":0,"event_name":"Wheel of Change","floor":2,"gold_loss":0},{"cards_removed":["TheCursedMod:LuckyCharm"],"damage_healed":0,"gold_gain":0,"player_choice":"Gave Card","damage_taken":0,"relics_obtained":["Vajra"],"max_hp_gain":0,"max_hp_loss":0,"event_name":"WeMeetAgain","floor":4,"gold_loss":0},{"damage_healed":0,"gold_gain":0,"player_choice":"Searched \u00272\u0027 times","damage_taken":0,"relics_obtained":["Bird Faced Urn"],"max_hp_gain":0,"max_hp_loss":0,"event_name":"Dead Adventurer","floor":14,"gold_loss":0},{"damage_healed":0,"gold_gain":0,"player_choice":"Became a vampire","damage_taken":0,"max_hp_gain":0,"max_hp_loss":25,"event_name":"Vampires","floor":21,"gold_loss":0,"cards_obtained":["Bite","Bite","Bite","Bite","Bite"]},{"damage_healed":0,"gold_gain":0,"player_choice":"Obtained Book","damage_taken":16,"max_hp_gain":0,"max_hp_loss":0,"event_name":"Cursed Tome","floor":22,"gold_loss":0},{"damage_healed":0,"gold_gain":0,"player_choice":"Shed Blood","damage_taken":16,"max_hp_gain":5,"max_hp_loss":0,"event_name":"Forgotten Altar","floor":31,"gold_loss":0},{"damage_healed":0,"gold_gain":0,"player_choice":"Rummage","damage_taken":0,"relics_obtained":["WarpedTongs"],"max_hp_gain":0,"max_hp_loss":0,"event_name":"Accursed Blacksmith","floor":36,"gold_loss":0,"cards_obtained":["Pain"]},{"damage_healed":0,"gold_gain":0,"player_choice":"Memory 3","damage_taken":10,"max_hp_gain":0,"max_hp_loss":0,"event_name":"SensoryStone","floor":39,"gold_loss":0},{"damage_healed":0,"gold_gain":0,"player_choice":"Bought 1 Potion","damage_taken":0,"max_hp_gain":0,"max_hp_loss":0,"event_name":"The Woman in Blue","floor":45,"gold_loss":0}],"is_beta":false,"boss_relics":[{"not_picked":["SlaversCollar","TheCursedMod:BlackMagicAdvanced"],"picked":"Cursed Key"},{"not_picked":["TheCursedMod:FourLeafCloverCharm","Runic Dome"],"picked":"Busted Crown"}],"items_purged_floors":[],"is_endless":false,"potions_floor_spawned":[8,10,13,19,20,27,28,35,48,54],"killed_by":"The Heart","ascension_level":0}}