{"host":"h0a8ax0qh8ne70gi","time":1612145666,"event":{"mods":["AchievementEnabler","BaseMod","BetterRewards","Card Filter","Gold Saver","Grow up Mod","Minty Spire (QoL Compilation)","Permanent Neow","Remove Card Discount Mod","StSLib"],"gold_per_floor":[847,253,253,263,208,208,238,238,287,320,333,350,378,218,218,319,319,319,244,170,170,170,170,170,170,170,170,170,170,170,170,170,170,170,170,170,170,170,170,170,170,170,170,170,50,50,50,50,50,50,50,50,50,50,50],"floor_reached":56,"language":"ENG","playtime":4865,"items_purged":["Strike_G","Strike_G","Strike_G","Strike_G"],"score":1410,"play_id":"9ebef2b6-b839-432b-9638-cb21200d710a","local_time":"20210131181426","is_ascension_mode":true,"campfire_choices":[{"floor":6,"key":"RECALL"},{"data":"Envenom","floor":15,"key":"SMITH"},{"data":"Noxious Fumes","floor":23,"key":"SMITH"},{"data":"Endless Agony","floor":28,"key":"SMITH"},{"data":"Bouncing Flask","floor":32,"key":"SMITH"},{"data":"Noxious Fumes","floor":44,"key":"SMITH"},{"data":"Noxious Fumes","floor":46,"key":"SMITH"},{"data":"Noxious Fumes","floor":49,"key":"SMITH"},{"data":"Deadly Poison","floor":52,"key":"SMITH"}],"circlet_count":0,"master_deck":["Defend_G","Defend_G","Defend_G","Defend_G","Defend_G","Survivor","Neutralize","Envenom+1","Poisoned Stab","Noxious Fumes+1","Bouncing Flask+1","Poisoned Stab","Backflip","Deadly Poison+1","Noxious Fumes+1","Noxious Fumes+1","Deadly Poison+1","Distraction+1","Night Terror+1","Burst+1","Deadly Poison+1","Endless Agony+1","Noxious Fumes+1","Distraction+1","Distraction+1","Bouncing Flask+1","Bouncing Flask+1","Adrenaline+1","Deadly Poison+1","Catalyst+1","Catalyst+1","Endless Agony+1","Corpse Explosion+1","Catalyst+1","Endless Agony+1"],"relics":["Ring of the Snake","Bottled Tornado","HandDrill","CultistMask","Ice Cream","Toxic Egg 2","Bird Faced Urn","Snake Skull","Ectoplasm","Potion Belt","The Courier","HornCleat","Runic Pyramid","Smiling Mask","Happy Flower","TwistedFunnel","Kunai"],"acts_visited":["Exordium","TheCity","TheBeyond","TheEnding"],"potions_floor_usage":[],"damage_taken":[{"damage":12,"enemies":"2 Louse","floor":1,"turns":4},{"damage":3,"enemies":"Cultist","floor":4,"turns":4},{"damage":14,"enemies":"3 Sentries","floor":7,"turns":7},{"damage":13,"enemies":"Lagavulin","floor":10,"turns":5},{"damage":1,"enemies":"Jaw Worm","floor":11,"turns":4},{"damage":13,"enemies":"Exordium Wildlife","floor":12,"turns":4},{"damage":28,"enemies":"3 Sentries","floor":13,"turns":7},{"damage":39,"enemies":"Slime Boss","floor":16,"turns":7},{"damage":2,"enemies":"Chosen","floor":18,"turns":4},{"damage":33,"enemies":"2 Thieves","floor":19,"turns":4},{"damage":23,"enemies":"3 Cultists","floor":21,"turns":4},{"damage":15,"enemies":"Snake Plant","floor":22,"turns":3},{"damage":42,"enemies":"Centurion and Healer","floor":25,"turns":5},{"damage":20,"enemies":"Gremlin Leader","floor":27,"turns":5},{"damage":23,"enemies":"Book of Stabbing","floor":29,"turns":5},{"damage":14,"enemies":"Chosen and Byrds","floor":30,"turns":4},{"damage":44,"enemies":"Collector","floor":33,"turns":6},{"damage":0,"enemies":"Orb Walker","floor":35,"turns":3},{"damage":9,"enemies":"3 Shapes","floor":37,"turns":3},{"damage":33,"enemies":"Sphere and 2 Shapes","floor":38,"turns":3},{"damage":0,"enemies":"Maw","floor":39,"turns":2},{"damage":73,"enemies":"Reptomancer","floor":40,"turns":4},{"damage":19,"enemies":"3 Darklings","floor":41,"turns":4},{"damage":6,"enemies":"Writhing Mass","floor":42,"turns":3},{"damage":19,"enemies":"4 Shapes","floor":47,"turns":2},{"damage":0,"enemies":"Spire Growth","floor":48,"turns":2},{"damage":48,"enemies":"Donu and Deca","floor":50,"turns":4},{"damage":27,"enemies":"Shield and Spear","floor":54,"turns":3},{"damage":91,"enemies":"The Heart","floor":55,"turns":4}],"seed_played":"-8430182269320199195","potions_obtained":[{"floor":1,"key":"Energy Potion"},{"floor":4,"key":"Ancient Potion"},{"floor":7,"key":"GamblersBrew"}],"is_trial":false,"path_per_floor":["M","$","?","M","$","R","E","?","T","E","M","M","E","$","R","B",null,"M","M","$","M","M","R","?","M","T","E","R","E","M","?","R","B",null,"M","?","M","M","M","E","M","M","T","R","$","R","M","M","R","B",null,"R","$","E","B",null],"character_chosen":"THE_SILENT","items_purchased":["Noxious Fumes","Bottled Tornado","HandDrill","Bouncing Flask","Poisoned Stab","Deadly Poison","Snake Skull","Noxious Fumes","TwistedFunnel"],"campfire_rested":0,"item_purchase_floors":[2,2,2,2,2,5,14,20,45],"current_hp_per_floor":[71,81,91,98,108,118,114,117,127,124,133,130,112,122,132,115,243,253,238,248,245,246,256,266,240,250,248,258,255,255,265,275,251,413,423,433,436,415,427,368,361,371,381,391,401,411,406,418,428,394,583,593,603,588,511],"gold":50,"neow_bonus":"THREE_RARE_CARDS","is_daily":false,"chose_seed":false,"campfire_upgraded":8,"win_rate":0.0,"timestamp":1612145666,"path_taken":["M","$","?","M","?","R","E","?","T","E","M","M","E","$","R","BOSS","M","M","$","M","M","R","?","M","T","E","R","E","M","?","R","BOSS","M","?","M","M","M","E","M","?","T","R","$","R","M","M","R","BOSS","R","$","E","BOSS"],"items_purchased_type":["Card","Relic","Relic","Card","Card","Card","Relic","Card","Relic"],"build_version":"2020-12-22","purchased_purges":4,"victory":true,"max_hp_per_floor":[83,93,103,113,123,133,143,153,163,173,183,193,203,213,223,233,243,253,263,273,283,293,303,313,323,333,343,353,363,373,383,393,403,413,423,433,443,453,463,473,483,493,503,513,523,533,543,553,563,573,583,593,603,613,623],"card_choices":[{"not_picked":["Adrenaline","After Image"],"picked":"Envenom","floor":0},{"not_picked":["Tactician","Reflex"],"picked":"Poisoned Stab","floor":1},{"not_picked":["Poisoned Stab","Bane"],"picked":"Backflip","floor":4},{"not_picked":["Footwork","Catalyst"],"picked":"Noxious Fumes","floor":7},{"not_picked":["Deflect+1","Deadly Poison+1"],"picked":"Noxious Fumes","floor":10},{"not_picked":["Caltrops","Backflip+1"],"picked":"Deadly Poison+1","floor":11},{"not_picked":["Backflip+1","Deflect+1"],"picked":"Distraction+1","floor":12},{"not_picked":["Well Laid Plans","Deflect+1"],"picked":"Night Terror+1","floor":13},{"not_picked":["Night Terror+1","Envenom"],"picked":"Burst+1","floor":16},{"not_picked":["Blur+1","Dodge and Roll+1"],"picked":"Deadly Poison+1","floor":18},{"not_picked":["Caltrops","Deflect+1"],"picked":"Endless Agony","floor":19},{"not_picked":["Dodge and Roll+1","Deflect+1","Bane+1"],"picked":"SKIP","floor":21},{"not_picked":["Deflect+1","Bane"],"picked":"Distraction+1","floor":22},{"not_picked":["Backflip+1","Poisoned Stab","Footwork+1"],"picked":"SKIP","floor":25},{"not_picked":["Deadly Poison+1","Reflex+1"],"picked":"Distraction+1","floor":27},{"not_picked":["Poisoned Stab+1","Caltrops"],"picked":"Bouncing Flask+1","floor":29},{"not_picked":["Backflip+1","Dodge and Roll+1"],"picked":"Bouncing Flask+1","floor":30},{"not_picked":["Night Terror+1","Envenom"],"picked":"Adrenaline+1","floor":33},{"not_picked":["Deflect+1","Endless Agony"],"picked":"Deadly Poison+1","floor":35},{"not_picked":["Poisoned Stab+1","Deflect+1"],"picked":"Catalyst+1","floor":37},{"not_picked":["Bane","Dodge and Roll+1"],"picked":"Catalyst+1","floor":38},{"not_picked":["Reflex+1","Bane","Dodge and Roll+1"],"picked":"SKIP","floor":39},{"not_picked":["Dash+1","Poisoned Stab"],"picked":"Endless Agony+1","floor":40},{"not_picked":["Backflip+1","Deadly Poison+1","Blur+1"],"picked":"SKIP","floor":41},{"not_picked":["Deflect+1","Dash"],"picked":"Corpse Explosion+1","floor":42},{"not_picked":["Bouncing Flask+1","Backflip+1"],"picked":"Catalyst+1","floor":47},{"not_picked":["Backflip+1","Poisoned Stab+1","Bane"],"picked":"SKIP","floor":48},{"not_picked":["Reflex+1","Backflip+1"],"picked":"Endless Agony+1","floor":54}],"player_experience":128917,"relics_obtained":[{"floor":7,"key":"Ice Cream"},{"floor":10,"key":"Toxic Egg 2"},{"floor":13,"key":"Bird Faced Urn"},{"floor":26,"key":"Potion Belt"},{"floor":27,"key":"The Courier"},{"floor":29,"key":"HornCleat"},{"floor":40,"key":"Smiling Mask"},{"floor":43,"key":"Happy Flower"},{"floor":54,"key":"Kunai"}],"event_choices":[{"damage_healed":0,"gold_gain":0,"player_choice":"Trade","damage_taken":0,"relics_obtained":["CultistMask"],"max_hp_gain":0,"max_hp_loss":0,"event_name":"FaceTrader","floor":3,"gold_loss":0},{"cards_removed":["Strike_G"],"damage_healed":0,"gold_gain":0,"player_choice":"Card Removal","damage_taken":7,"max_hp_gain":0,"max_hp_loss":0,"event_name":"Golden Wing","floor":8,"gold_loss":0},{"damage_healed":0,"gold_gain":0,"player_choice":"Ignored","damage_taken":0,"max_hp_gain":0,"max_hp_loss":0,"event_name":"Ghosts","floor":24,"gold_loss":0},{"damage_healed":0,"gold_gain":0,"player_choice":"Ignored","damage_taken":0,"max_hp_gain":0,"max_hp_loss":0,"event_name":"Vampires","floor":31,"gold_loss":0},{"damage_healed":0,"gold_gain":0,"player_choice":"Ignored","damage_taken":0,"max_hp_gain":0,"max_hp_loss":0,"event_name":"SecretPortal","floor":36,"gold_loss":0}],"is_beta":false,"boss_relics":[{"not_picked":["Fusion Hammer","Cursed Key"],"picked":"Ectoplasm"},{"not_picked":["Tiny House","Calling Bell"],"picked":"Runic Pyramid"}],"items_purged_floors":[2,5,14,14],"is_endless":false,"potions_floor_spawned":[1,4,7,13,16,19,22,25,29,33,35,37,38,41],"ascension_level":2}}