{"host":"qz0goigh82dax5l2","time":1612158552,"event":{"mods":["Act Like it!","Alarm Clock","BaseMod","Gensokyo","KomeijiMod","Minty Spire (QoL Compilation)","Smile Girya","StSLib"],"gold_per_floor":[119,119,139,219,219,234,234,252,252,267,267,12,41,51,51,152,202,220,230,1,1,17,51,51,51,351,385,385,385],"floor_reached":28,"language":"ZHS","playtime":2088,"items_purged":[],"score":283,"play_id":"41f1598c-34b2-4e4e-8a69-a7b615f38087","local_time":"20210201134912","is_ascension_mode":false,"campfire_choices":[{"floor":7,"key":"RECALL"},{"data":"DochyakuKami+1","floor":11,"key":"SWEEP"},{"data":"RoshinSou+1","floor":15,"key":"SWEEP"},{"floor":25,"key":"REST"}],"circlet_count":0,"master_deck":["Strike_Komeiji","Strike_Komeiji","Strike_Komeiji","Strike_Komeiji+1","Defend_Komeiji","Defend_Komeiji","Defend_Komeiji","Defend_Komeiji","HisouNoKen","GroundStardust+1","JyouchiJin+1","DochyakuKami+1","DochyakuKami+1","NingyouKasou+1","RoshinSou+1","MunenMusou","FreezeTouchMe","NingyouSousou+1","NingyouSousou+1","GasuOrimono","Agarareta+1","VampireKiss","KokorosuKi+1","NingyouKisou+1","NingyouKisou+1","Reinforced Body","OoedoNingyou+1"],"relics":["KomeijisEye","SpellCardsRule","MusicBox","Gensokyo:Justice","Meat on the Bone","HornCleat","Tiny House","CrystalOfMemory","Old Coin","WingedGreaves"],"acts_visited":["Gensokyo:Gensokyo","Gensokyo:Gensokyoer"],"potions_floor_usage":[16,19,19,19,19,19,28,28,28],"damage_taken":[{"damage":4,"enemies":"Gensokyo:2_Kodama","floor":1,"turns":4},{"damage":7,"enemies":"Gensokyo:Gryphon","floor":3,"turns":2},{"damage":0,"enemies":"Gensokyo:3_Fairies","floor":6,"turns":4},{"damage":5,"enemies":"Gensokyo:VengefulSpirit","floor":8,"turns":4},{"damage":10,"enemies":"Gensokyo:Kitsune","floor":10,"turns":5},{"damage":1,"enemies":"Gensokyo:Cirno","floor":13,"turns":4},{"damage":1,"enemies":"Gensokyo:2_Rabbits","floor":14,"turns":5},{"damage":21,"enemies":"Gensokyo:Reimu","floor":16,"turns":8},{"damage":15,"enemies":"Gensokyo:CosmicMonolith","floor":18,"turns":7},{"damage":26,"enemies":"Gensokyo:3_Dogs","floor":19,"turns":5},{"damage":0,"enemies":"Gensokyo:3_Gloops","floor":22,"turns":3},{"damage":11,"enemies":"Gensokyo:Koishi","floor":23,"turns":6},{"damage":0,"enemies":"Gensokyo:Reisen","floor":27,"turns":5},{"damage":63,"enemies":"Gensokyo:Tenshi","floor":28,"turns":5}],"seed_played":"7031186256798465908","potions_obtained":[{"floor":6,"key":"SpeedPotion"},{"floor":8,"key":"DistilledChaos"},{"floor":10,"key":"Swift Potion"},{"floor":14,"key":"EntropicBrew"},{"floor":17,"key":"UndeadPotion"},{"floor":19,"key":"Block Potion"}],"is_trial":false,"path_per_floor":["M","?","M","?","?","M","R","M","T","M","R","$","E","M","R","B",null,"M","M","$","?","M","E","?","R","T","E","E"],"character_chosen":"KomeijiSatori","items_purchased":["Meat on the Bone","GasuOrimono","Agarareta+1","VampireKiss","KokorosuKi+1"],"campfire_rested":1,"item_purchase_floors":[12,20,20,20,20],"current_hp_per_floor":[51,51,44,44,55,55,55,50,50,40,45,45,44,43,48,39,60,45,37,37,37,40,32,32,50,50,56,0,0],"gold":385,"neow_bonus":"TEN_PERCENT_HP_BONUS","is_daily":false,"chose_seed":false,"campfire_upgraded":0,"win_rate":0.0,"timestamp":1612158552,"path_taken":["M","?","?","?","?","M","R","M","T","?","R","$","E","M","R","BOSS","M","M","?","?","M","E","?","R","T","E","E"],"items_purchased_type":["Relic","Card","Card","Card","Card"],"build_version":"2020-12-22","purchased_purges":0,"victory":false,"max_hp_per_floor":[55,55,55,55,55,55,55,55,55,55,55,55,55,55,55,55,60,60,60,60,60,60,60,60,60,60,60,60,60],"card_choices":[{"not_picked":["KeiseiJin+1","NingyouSP+1"],"picked":"HisouNoKen","floor":1},{"not_picked":["DemonLordCradle","SeekerDolls"],"picked":"GroundStardust+1","floor":3},{"not_picked":["RoshinSou+1","MusuNoYume"],"picked":"JyouchiJin+1","floor":6},{"not_picked":["SelfTokamak","Melting"],"picked":"Mishyaguji+1","floor":8},{"not_picked":["Sabishigari+1","TenguNoTaiko"],"picked":"SenyouGoraku+1","floor":10},{"not_picked":["HenyouMirume","Agarareta+1"],"picked":"DochyakuKami+1","floor":13},{"not_picked":["Sabishigari+1","SelfTokamak"],"picked":"NingyouKasou+1","floor":14},{"not_picked":["HelanNingyou","JigokuNoTaiyou"],"picked":"MunenMusou","floor":16},{"not_picked":["GroundStardust+1","SeekerWire+1"],"picked":"FreezeTouchMe","floor":17},{"not_picked":["ShyakuBuku","DemonLordCradle"],"picked":"NingyouSousou+1","floor":18},{"not_picked":["KeiseiJin+1","SelfTokamak+1"],"picked":"NingyouSousou+1","floor":19},{"not_picked":["KoKei+1","SeekerWire+1"],"picked":"NingyouKisou+1","floor":22},{"not_picked":["MiraiBunraku","JyouchiJin+1"],"picked":"NingyouKisou+1","floor":23},{"not_picked":["KouPou+1","DemonLordCradle"],"picked":"OoedoNingyou+1","floor":27}],"player_experience":64709,"relics_obtained":[{"floor":13,"key":"HornCleat"},{"floor":23,"key":"CrystalOfMemory"},{"floor":26,"key":"Old Coin"},{"floor":27,"key":"WingedGreaves"}],"event_choices":[],"is_beta":false,"boss_relics":[{"not_picked":["Calling Bell","Snecko Eye"],"picked":"Tiny House"}],"items_purged_floors":[],"is_endless":false,"potions_floor_spawned":[6,8,10,14,19,22],"killed_by":"Gensokyo:Tenshi","ascension_level":0}}