{"host":"lr515x7bpk6b6t09","time":1612140017,"event":{"mods":["Act Like it!","BaseMod","CapriCore","Downfall","Gensokyo","Marisa£®ÏF”Í°°ƒß¿Ì…≥£©","Minty Spire (QoL Compilation)","Prisma Mod","Quick Restart","Relic Stats","Shop Mod","StSLib","The Cursed","The Jungle","Waifu the Spire","Youmu£®ªÍ∆«—˝√Œ£©","[IsaacMod]“‘»ˆº‚À˛","°æ“≈ŒÔø®≈∆°øREMEMod"],"gold_per_floor":[119,129,141,153,167,167,167],"floor_reached":6,"language":"ZHS","playtime":354,"items_purged":[],"score":46,"play_id":"f13fda99-bd9a-4dce-bbfe-985da0a745d2","local_time":"20210201084017","is_ascension_mode":true,"campfire_choices":[],"circlet_count":0,"master_deck":["Strike_G","Strike_G","Strike_G","Strike_G","Strike_G","Defend_G","Defend_G","Defend_G","Defend_G","Defend_G","Survivor","Neutralize","PrismaMod:ChloeCarnivalDefend","Dagger Spray","Backflip","Catalyst"],"relics":["Ring of the Snake","HushsDoor","REME_ComplimentaryCards","YumHeart","NeowsBlessing"],"acts_visited":["Exordium"],"potions_floor_usage":[5],"damage_taken":[{"damage":0,"enemies":"Cultist","floor":1,"turns":1},{"damage":0,"enemies":"2 Louse","floor":2,"turns":1},{"damage":0,"enemies":"Jaw Worm","floor":3,"turns":1},{"damage":6,"enemies":"3 Louse","floor":4,"turns":4},{"damage":1,"enemies":"Large Slime","floor":5,"turns":6},{"damage":16,"enemies":"Lagavulin","floor":6,"turns":6}],"seed_played":"-8091255703444895078","potions_obtained":[{"floor":2,"key":"SkillPotion"},{"floor":4,"key":"Fire Potion"}],"is_trial":false,"path_per_floor":["M","M","M","M","M","E"],"character_chosen":"THE_SILENT","items_purchased":[],"campfire_rested":0,"item_purchase_floors":[],"current_hp_per_floor":[70,70,70,64,63,47,47],"gold":167,"neow_bonus":"THREE_ENEMY_KILL","is_daily":false,"chose_seed":false,"campfire_upgraded":0,"win_rate":0.0,"timestamp":1612140017,"path_taken":["M","M","?","M","M","E"],"items_purchased_type":[],"build_version":"2020-12-22","purchased_purges":0,"victory":false,"max_hp_per_floor":[70,70,70,70,70,70,70],"relic_stats":{"counters":[6,19],"obtain_stats":[{"KeepersGift":0,"YumHeart":0,"NeowsBlessing":0,"HushsDoor":0,"Ring of the Snake":0,"REME_ComplimentaryCards":0},{"KeepersGift":0,"YumHeart":0,"NeowsBlessing":0,"HushsDoor":0,"Ring of the Snake":0,"REME_ComplimentaryCards":0},{"KeepersGift":0,"YumHeart":0,"NeowsBlessing":0,"HushsDoor":0,"Ring of the Snake":0,"REME_ComplimentaryCards":0}],"Ring of the Snake":[12]},"card_choices":[{"not_picked":["Doppelganger","Flying Knee"],"picked":"Dagger Spray","floor":1},{"not_picked":["Slice","Finisher"],"picked":"Backflip","floor":2},{"not_picked":["Predator","Escape Plan","Bane"],"picked":"SKIP","floor":3},{"not_picked":["Dodge and Roll","Outmaneuver","Tactician"],"picked":"SKIP","floor":4},{"not_picked":["Dagger Throw","Dagger Spray"],"picked":"Catalyst","floor":5}],"player_experience":197443,"relics_obtained":[],"event_choices":[],"is_beta":false,"boss_relics":[],"items_purged_floors":[],"is_endless":false,"potions_floor_spawned":[2,4],"killed_by":"Lagavulin","ascension_level":3}}