{"host":"otf1z5955ddlv5pq","time":1612147717,"event":{"mods":["BaseMod","Better Altar","Better Match","Better Note","Better Sensory Stone","Better Skull","Better Third Choice","Colored Map","Colored Powertips","Downfall","Minty Spire (QoL Compilation)","Rare Cards Sparkle","Replay The Spire","StSLib","Synergy Search"],"gold_per_floor":[112,112,112,37,37,37,71,71,98,129,129,143,143,143,143,246,246,264,244,261,261,281,281,313,313,313,313,313,65,65,98,98,98,98],"floor_reached":33,"language":"ENG","playtime":3346,"items_purged":["Hallucinations","Strike_G"],"score":299,"play_id":"0066ed14-d013-4d3d-98b1-bfbb7ee97873","local_time":"20210131184837","is_ascension_mode":true,"campfire_choices":[{"data":"Dodge and Roll","floor":6.0,"key":"SMITH"},{"floor":8.0,"key":"REST"},{"floor":15.0,"key":"REST"},{"data":"Storm of Steel","floor":23.0,"key":"SMITH"},{"data":"Neutralize","floor":23.0,"key":"SMITH"},{"floor":25,"key":"REST"},{"floor":28,"key":"REST"},{"data":"Adrenaline","floor":30,"key":"SMITH"},{"data":"Pot Of Greed","floor":30,"key":"SMITH"},{"floor":32,"key":"REST"}],"circlet_count":0,"master_deck":["Strike_G","Strike_G","Strike_G","Defend_G+1","Defend_G+1","Defend_G+1","Defend_G+1","Defend_G+1","Survivor","Neutralize+1","Dodge and Roll+1","Poisoned Stab","Blur","Flash of Steel","Storm of Steel+1","Cloak And Dagger","Dodge and Roll","Backstab","Adrenaline+1","Pot Of Greed","Pot Of Greed+1","ReplayTheSpireMod:Shiv Toss+1"],"relics":["Ring of the Snake","Replay:Mystery Machine","Ring of Fury","Ring of Fangs","Blue Candle","Paper Crane","Omamori","Garlic","Ancient Tea Set","Replay:Ancient Bell","Vajra","Gremlin Horn","Replay:Arrowhead","Happy Flower","Calipers","Grinning Jar","Replay:Bottled Eggs"],"acts_visited":["Exordium","TheCity"],"potions_floor_usage":[33,33],"damage_taken":[{"damage":7.0,"enemies":"Jaw Worm","floor":1.0,"turns":8.0},{"damage":32.0,"enemies":"Gremlin Nob","floor":7.0,"turns":5.0},{"damage":25.0,"enemies":"Lagavulin","floor":10.0,"turns":7.0},{"damage":0.0,"enemies":"2 Louse","floor":12.0,"turns":2.0},{"damage":4.0,"enemies":"The Guardian","floor":16.0,"turns":10.0},{"damage":2.0,"enemies":"Chosen","floor":18.0,"turns":6.0},{"damage":12.0,"enemies":"Spheric Guardian","floor":20.0,"turns":7.0},{"damage":3.0,"enemies":"Centurion and Healer","floor":22.0,"turns":7.0},{"damage":41,"enemies":"Gremlin Leader","floor":24,"turns":8},{"damage":14,"enemies":"Replay:Snechameleon","floor":31,"turns":6},{"damage":87,"enemies":"Automaton","floor":33,"turns":12}],"seed_played":"2661443569525738534","potions_obtained":[{"floor":7.0,"key":"EntropicBrew"},{"floor":16.0,"key":"SteroidPotion"},{"floor":19.0,"key":"Milkshake"}],"is_trial":false,"path_per_floor":["M","?","?","$","?","R","E","R","T","E","?","M","?","T","R","B",null,"M","?","M","?","M","R","E","R","T","?","R","$","R","E","R","B"],"character_chosen":"THE_SILENT","items_purchased":["Grinning Jar"],"campfire_rested":5,"item_purchase_floors":[29],"current_hp_per_floor":[63,63,63,63,58,58,26,47,47,22,15,15,15,15,36,32,70,68,68,56,56,53,53,12,33,33,33,54,54,54,40,61,0,0],"gold":98,"neow_bonus":"RANDOM_COMMON_RELIC","is_daily":false,"chose_seed":false,"campfire_upgraded":5,"win_rate":0.0,"timestamp":1612147717,"path_taken":["M","?","?","$","?","R","E","R","T","E","?","M","?","?","R","BOSS","M","?","M","?","M","R","E","R","T","?","R","$","R","E","R","BOSS"],"items_purchased_type":["Relic"],"build_version":"2020-12-22","purchased_purges":2,"victory":false,"max_hp_per_floor":[70,70,70,70,70,70,70,70,70,70,70,70,70,70,70,70,70,70,70,70,70,70,70,70,70,70,70,70,70,70,70,70,70,70],"card_choices":[{"not_picked":["Setup","Underhanded Strike"],"picked":"Dodge and Roll","floor":1.0},{"not_picked":["Calculated Gamble","Bane"],"picked":"Poisoned Stab","floor":7.0},{"not_picked":["ReplayTheSpireMod:Exploit Weakness","Heel Hook","PiercingWail"],"picked":"SKIP","floor":10.0},{"not_picked":["Dagger Throw","Deflect"],"picked":"Blur","floor":12.0},{"not_picked":["Forethought","Specialist"],"picked":"Flash of Steel","floor":13.0},{"not_picked":["Venomology","Die Die Die"],"picked":"Storm of Steel","floor":16.0},{"not_picked":["downfall:Bewildered","ReplayTheSpireMod:Restless Dread"],"picked":"Languid","floor":17.0},{"not_picked":["downfall:Bewildered","downfall:Haunted"],"picked":"Voices","floor":17.0},{"not_picked":["AbeCurse","Delirium"],"picked":"Writhe","floor":17.0},{"not_picked":["Bouncing Flask","Calculated Gamble"],"picked":"Cloak And Dagger","floor":18.0},{"not_picked":["Deflect","Calculated Gamble"],"picked":"Dodge and Roll","floor":20.0},{"not_picked":["Masterful Stab","Grand Finale","Poisoned Stab"],"picked":"SKIP","floor":22.0},{"not_picked":["ReplayTheSpireMod:Exploit Weakness","Dagger Throw+1"],"picked":"Backstab","floor":24},{"not_picked":["PiercingWail+1","Atom Bomb"],"picked":"ReplayTheSpireMod:Shiv Toss+1","floor":31}],"player_experience":1210531,"relics_obtained":[{"floor":3.0,"key":"Ring of Fury"},{"floor":3.0,"key":"Ring of Fangs"},{"floor":7.0,"key":"Paper Crane"},{"floor":9.0,"key":"Omamori"},{"floor":10.0,"key":"Garlic"},{"floor":14.0,"key":"Ancient Tea Set"},{"floor":24,"key":"Happy Flower"},{"floor":26,"key":"Calipers"},{"floor":31,"key":"Replay:Bottled Eggs"}],"event_choices":[{"damage_healed":0.0,"max_hp_gain":0.0,"max_hp_loss":0.0,"gold_gain":0.0,"event_name":"betterThird:BetterSerpent","player_choice":"Ignored","floor":2.0,"gold_loss":0.0,"damage_taken":112.0},{"cards_removed":["Strike_G"],"damage_healed":0.0,"max_hp_gain":0.0,"max_hp_loss":0.0,"gold_gain":0.0,"event_name":"Golden Wing","player_choice":"Card Removal","floor":11.0,"gold_loss":0.0,"damage_taken":7.0},{"damage_healed":0.0,"max_hp_gain":0.0,"max_hp_loss":0.0,"gold_gain":1.0,"event_name":"betterStone:BetterStone","player_choice":"1","floor":13.0,"gold_loss":0.0,"damage_taken":0.0},{"damage_healed":0.0,"max_hp_gain":0.0,"max_hp_loss":0.0,"gold_gain":0.0,"event_name":"The Woman in Blue","player_choice":"Bought 1 Potion","floor":19.0,"gold_loss":0.0,"damage_taken":0.0},{"cards_removed":["Writhe"],"damage_healed":0.0,"max_hp_gain":0.0,"max_hp_loss":0.0,"gold_gain":0.0,"event_name":"Fountain of Cleansing","player_choice":"Removed Curses","floor":21.0,"gold_loss":0.0,"damage_taken":0.0},{"cards_removed":["Flash of Steel"],"damage_healed":0,"gold_gain":0,"player_choice":"Take \u0026 Give","damage_taken":0,"max_hp_gain":0,"max_hp_loss":0,"event_name":"betterNote:BetterNote","floor":27,"gold_loss":0,"cards_obtained":["Adrenaline"]}],"is_beta":false,"boss_relics":[{"not_picked":["Philosopher\u0027s Stone","Snecko Eye"],"picked":"Replay:Ancient Bell"},{"not_picked":["Tiny Chest","Art of War"],"picked":"Vajra"},{"not_picked":["Mummified Hand","Replay:Ringing Soul"],"picked":"Gremlin Horn"},{"not_picked":["Dead Branch","Replay:PocketPolymizer"],"picked":"Replay:Arrowhead"}],"items_purged_floors":[4,29],"is_endless":false,"potions_floor_spawned":[7,16,22,24,31],"killed_by":"Automaton","ascension_level":1}}