{"host":"3498uni0c31c9bdm","time":1612173387,"event":{"mods":["BaseMod","Better Third Choice","Minty Spire (QoL Compilation)","Replay The Spire","StSLib"],"gold_per_floor":[118,118,134,150,150,150,176,176,176,176,176,187,200,211,211,309,309,326,22,32,32,43,43,43,43,43,43,75,75,94,94,94],"floor_reached":31,"language":"ENG","playtime":1184,"items_purged":[],"score":376,"play_id":"16cdbe12-9ea1-44b5-b6cc-bd6827ae8d1a","local_time":"20210201205627","is_ascension_mode":true,"campfire_choices":[{"floor":6,"key":"REST"},{"floor":8,"key":"RECALL"},{"floor":11,"key":"REST"},{"floor":15,"key":"REST"},{"floor":23,"key":"REST"}],"circlet_count":0,"master_deck":["AscendersBane","Strike_P","Strike_P","Strike_P","Strike_P","Defend_P","Defend_P","Defend_P","Eruption","Vigilance","DeusExMachina","TalkToTheHand","EmptyFist","Consecrate","MentalFortress","SandsOfTime","MentalFortress","FollowUp","Omniscience","PathToVictory","FlurryOfBlows","Crescendo+1","Nirvana","ReplayTheSpireMod:IOU","ReplayTheSpireMod:IOU","EmptyBody"],"relics":["HolyWater","Matryoshka","Pen Nib","Onion Ring","Replay:Grab Bag","Replay:Bronze Core","ReplayTheSpireMod:DimensionalGlitch","Membership Card","Turnip","Replay:Wax Seal","Replay:Bottled Steam","Girya","Ring of Misfortune","Ring of Fangs"],"acts_visited":["Exordium","TheCity"],"potions_floor_usage":[7,14,16,16,22],"damage_taken":[{"damage":9,"enemies":"Jaw Worm","floor":1,"turns":4},{"damage":7,"enemies":"Small Slimes","floor":3,"turns":3},{"damage":6,"enemies":"2 Louse","floor":4,"turns":5},{"damage":51,"enemies":"3 Sentries","floor":7,"turns":13},{"damage":12,"enemies":"Exordium Thugs","floor":12,"turns":4},{"damage":11,"enemies":"Lots of Slimes","floor":13,"turns":3},{"damage":7,"enemies":"3 Louse","floor":14,"turns":3},{"damage":11,"enemies":"Fading Forest","floor":16,"turns":11},{"damage":23,"enemies":"3 Byrds","floor":18,"turns":6},{"damage":0,"enemies":"Chosen","floor":20,"turns":4},{"damage":23,"enemies":"Sentry and Sphere","floor":22,"turns":6},{"damage":9,"enemies":"Snake Plant","floor":30,"turns":5},{"damage":24,"enemies":"Cultist and Chosen","floor":31,"turns":7}],"seed_played":"-6684799257942690382","potions_obtained":[{"floor":4,"key":"Block Potion"},{"floor":12,"key":"Flashbang"},{"floor":13,"key":"Weak Potion"},{"floor":14,"key":"Cursed Concoction"},{"floor":20,"key":"Block Potion"}],"is_trial":false,"path_per_floor":["M","?","M","M","?","R","E","R","T","?","R","M","M","M","R","B",null,"M","$","M","?","M","R","?","?","T","T","$","?","M","M"],"character_chosen":"WATCHER","items_purchased":["Membership Card","Turnip","Nirvana","Girya"],"campfire_rested":4,"item_purchase_floors":[19,19,28,28],"current_hp_per_floor":[56,56,49,43,43,64,13,13,13,13,34,22,11,4,25,14,58,35,35,35,35,12,33,33,33,33,33,33,33,24,0,0],"gold":94,"neow_bonus":"ONE_RANDOM_RARE_CARD","is_daily":false,"chose_seed":false,"campfire_upgraded":0,"win_rate":0.0,"timestamp":1612173387,"path_taken":["M","?","M","M","?","R","E","R","T","?","R","M","M","M","R","BOSS","M","$","M","?","?","R","?","?","T","?","?","?","?","M"],"items_purchased_type":["Relic","Relic","Card","Relic"],"build_version":"2020-12-22","purchased_purges":0,"victory":false,"max_hp_per_floor":[72,72,72,72,72,72,72,72,72,72,72,72,72,72,72,72,72,72,72,72,72,72,72,72,72,72,72,72,72,72,72,72],"card_choices":[{"not_picked":["FollowUp","Worship"],"picked":"TalkToTheHand","floor":1},{"not_picked":["JustLucky","Consecrate"],"picked":"EmptyFist","floor":3},{"not_picked":["FollowUp","JustLucky"],"picked":"Consecrate","floor":4},{"not_picked":["DeceiveReality","ClearTheMind"],"picked":"MentalFortress","floor":7},{"not_picked":["WheelKick","FlurryOfBlows"],"picked":"SandsOfTime","floor":12},{"not_picked":["WindmillStrike","PathToVictory"],"picked":"MentalFortress","floor":13},{"not_picked":["Replay:Anticipation","Worship"],"picked":"FollowUp","floor":14},{"not_picked":["Scrawl","ConjureBlade"],"picked":"Omniscience","floor":16},{"not_picked":["Wireheading","MentalFortress"],"picked":"PathToVictory","floor":18},{"not_picked":["FlyingSleeves+1","Replay:Cycle"],"picked":"FlurryOfBlows","floor":20},{"not_picked":["InnerPeace","ThirdEye"],"picked":"Crescendo+1","floor":22},{"not_picked":["ThirdEye","JustLucky"],"picked":"EmptyBody","floor":30}],"player_experience":791178,"relics_obtained":[{"floor":7,"key":"Matryoshka"},{"floor":9,"key":"Pen Nib"},{"floor":9,"key":"Onion Ring"},{"floor":26,"key":"Replay:Wax Seal"},{"floor":27,"key":"Replay:Bottled Steam"},{"floor":29,"key":"Ring of Misfortune"},{"floor":29,"key":"Ring of Fangs"}],"event_choices":[{"damage_healed":56,"gold_gain":0,"player_choice":"Embrace Burn","damage_taken":0,"max_hp_gain":0,"max_hp_loss":72,"event_name":"betterThird:BetterShining","floor":2,"gold_loss":0},{"damage_healed":0,"gold_gain":0,"player_choice":"Ignored","damage_taken":0,"max_hp_gain":0,"max_hp_loss":0,"event_name":"Golden Wing","floor":5,"gold_loss":0},{"cards_removed":["Burn"],"damage_healed":0,"gold_gain":0,"player_choice":"Purged","damage_taken":0,"max_hp_gain":0,"max_hp_loss":0,"event_name":"Purifier","floor":10,"gold_loss":0},{"cards_removed":["Defend_P"],"damage_healed":0,"gold_gain":0,"player_choice":"Purged","damage_taken":0,"max_hp_gain":0,"max_hp_loss":0,"event_name":"Purifier","floor":21,"gold_loss":0},{"damage_healed":0,"gold_gain":0,"player_choice":"Ignored","damage_taken":0,"max_hp_gain":0,"max_hp_loss":0,"event_name":"Ghosts","floor":24,"gold_loss":0},{"damage_healed":0,"gold_gain":0,"player_choice":"Ignored","damage_taken":0,"max_hp_gain":0,"max_hp_loss":0,"event_name":"Vampires","floor":25,"gold_loss":0}],"is_beta":false,"boss_relics":[{"not_picked":["Coffee Dripper","Fusion Hammer"],"picked":"Replay:Grab Bag"},{"not_picked":["Velvet Choker","Abe\u0027s Treasure"],"picked":"Replay:Bronze Core"},{"not_picked":["Painkiller Herb","Philosopher\u0027s Stone"],"picked":"ReplayTheSpireMod:DimensionalGlitch"},{"not_picked":["Kintsugi","Empty Cage"],"picked":"HolyWater"}],"items_purged_floors":[],"is_endless":false,"potions_floor_spawned":[4,12,13,14,20],"killed_by":"Cultist and Chosen","ascension_level":12}}