{"host":"41vgbr386mrj4p17","time":1612179947,"event":{"mods":["AchievementEnabler","AlwaysNeverKeys","BaseMod","Bestiary","Better Altar","Better Match","Better Note","Better Sensory Stone","Better Skull","Better Third Choice","Colored Map","Curses Come First","Downfall","Googly Eyes","Hermit","Highlight Path","Minty Spire (QoL Compilation)","Shade Mod","StSLib","The Cursed"],"gold_per_floor":[115,128,16,32,32,63,73,73,73,73,100,115,115,115],"floor_reached":13,"language":"ENG","playtime":961,"items_purged":["TheCursedMod:Defend_TheCursed"],"score":133,"play_id":"dc8a0812-ef9a-42dd-a48a-416f2e215f2e","local_time":"20210201064547","is_ascension_mode":true,"campfire_choices":[{"data":"TheCursedMod:CleanUpWorkshop","floor":8,"key":"SMITH"},{"data":"TheCursedMod:CursedWand","floor":10,"key":"SMITH"}],"circlet_count":0,"master_deck":["TheCursedMod:Strike_TheCursed","TheCursedMod:Strike_TheCursed","TheCursedMod:Strike_TheCursed","TheCursedMod:Strike_TheCursed","TheCursedMod:Defend_TheCursed","TheCursedMod:Defend_TheCursed","TheCursedMod:Defend_TheCursed","TheCursedMod:CursedWand+1","TheCursedMod:CleanUpWorkshop+1","TheCursedMod:Dregs","downfall:Haunted","TheCursedMod:FleshFromBone","TheCursedMod:CursedBlade","TheCursedMod:HellfireBreathing","Violence","TheCursedMod:CircleOfBlood","TheCursedMod:ForbiddenAlchemy"],"relics":["TheCursedMod:BlackMagic101","Bag of Preparation","Blue Candle","TheCursedMod:SoulVessel"],"acts_visited":["Exordium"],"potions_floor_usage":[6,11,13,13,13,13,13],"damage_taken":[{"damage":0,"enemies":"2 Louse","floor":1,"turns":4},{"damage":0,"enemies":"Cultist","floor":2,"turns":4},{"damage":6,"enemies":"Jaw Worm","floor":4,"turns":4},{"damage":47,"enemies":"Lagavulin","floor":6,"turns":8},{"damage":3,"enemies":"2 Fungi Beasts","floor":7,"turns":3},{"damage":17,"enemies":"3 Sentries","floor":11,"turns":6},{"damage":12,"enemies":"3 Louse","floor":12,"turns":3},{"damage":29,"enemies":"Lagavulin","floor":13,"turns":7}],"seed_played":"2305358755790052712","potions_obtained":[{"floor":2,"key":"Regen Potion"},{"floor":7,"key":"bronze:BurnAndBuffPotion"},{"floor":12,"key":"Guardian:BlockOnCardUsePotion"}],"is_trial":false,"path_per_floor":["M","M","$","M","?","E","M","R","T","R","E","M","E"],"character_chosen":"THE_CURSED","items_purchased":["TheCursedMod:HellfireBreathing"],"campfire_rested":0,"item_purchase_floors":[3],"current_hp_per_floor":[82,82,82,76,76,44,41,41,41,41,28,22,0,0],"gold":115,"neow_bonus":"TWENTY_PERCENT_HP_BONUS","is_daily":false,"chose_seed":false,"campfire_upgraded":2,"win_rate":0.0,"timestamp":1612179947,"path_taken":["M","M","$","M","?","E","M","R","T","R","E","?","E"],"items_purchased_type":["Card"],"build_version":"2020-12-22","purchased_purges":1,"victory":false,"max_hp_per_floor":[89,89,89,89,89,89,89,89,89,89,89,89,89,89],"card_choices":[{"not_picked":["TheCursedMod:CursedArmor","TheCursedMod:FuryStrike"],"picked":"TheCursedMod:FleshFromBone","floor":1},{"not_picked":["TheCursedMod:SmokeScreen","TheCursedMod:Torture"],"picked":"TheCursedMod:CursedBlade","floor":2},{"not_picked":["TheCursedMod:Stigma","TheCursedMod:Wield","TheCursedMod:FleshFromBone"],"picked":"SKIP","floor":4},{"not_picked":["Discovery","Secret Technique"],"picked":"Violence","floor":5},{"not_picked":["TheCursedMod:Obscuration","TheCursedMod:TacticalStrike","TheCursedMod:Evocation"],"picked":"SKIP","floor":6},{"not_picked":["TheCursedMod:CircleOfFlame","TheCursedMod:DoubleShield"],"picked":"TheCursedMod:CircleOfBlood","floor":7},{"not_picked":["TheCursedMod:CursedBlade","TheCursedMod:CircleOfAmplification"],"picked":"TheCursedMod:ForbiddenAlchemy","floor":11},{"not_picked":["TheCursedMod:SoulReap","TheCursedMod:CircleOfFlame","TheCursedMod:Mangle"],"picked":"SKIP","floor":12}],"player_experience":1045178,"relics_obtained":[{"floor":6,"key":"Bag of Preparation"},{"floor":9,"key":"Blue Candle"},{"floor":11,"key":"TheCursedMod:SoulVessel"}],"event_choices":[{"damage_healed":0,"gold_gain":1,"player_choice":"1","damage_taken":0,"max_hp_gain":0,"max_hp_loss":0,"event_name":"betterStone:BetterStone","floor":5,"gold_loss":0}],"is_beta":false,"boss_relics":[],"items_purged_floors":[3],"is_endless":false,"potions_floor_spawned":[2,7,12],"killed_by":"Lagavulin","ascension_level":8}}