{"host":"t1puqh5lxz8sp6fn","time":1612206547,"event":{"mods":["AchievementEnabler","BaseMod","Colored Powertips","Minty Spire (QoL Compilation)","Rare Cards Sparkle","Relic Stats","StSLib"],"gold_per_floor":[109,121,133,143,143,174,174,208,208,283,283,299,299,67,67,67,67],"floor_reached":16,"playtime":580,"items_purged":[],"score":182,"play_id":"651e65f6-a301-4f53-958f-289358f05030","local_time":"20210201160907","is_ascension_mode":true,"campfire_choices":[{"floor":7,"key":"REST"},{"floor":11,"key":"REST"},{"data":"Armaments","floor":15,"key":"SMITH"}],"circlet_count":0,"master_deck":["AscendersBane","Strike_R","Strike_R+1","Strike_R","Strike_R","Strike_R","Defend_R","Defend_R","Defend_R","Defend_R+1","Bash","Pommel Strike","Evolve","Battle Trance","Clothesline","Whirlwind","Spot Weakness","Armaments+1","Offering","Inflame","Trip"],"relics":["Burning Blood","Strawberry","Gremlin Horn","Question Card","Meat on the Bone"],"acts_visited":["Exordium"],"potions_floor_usage":[8,16],"damage_taken":[{"damage":9,"enemies":"2 Louse","floor":1,"turns":4},{"damage":8,"enemies":"Jaw Worm","floor":2,"turns":5},{"damage":1,"enemies":"Cultist","floor":3,"turns":3},{"damage":9,"enemies":"2 Fungi Beasts","floor":4,"turns":4},{"damage":56,"enemies":"Lagavulin","floor":6,"turns":8},{"damage":46,"enemies":"3 Sentries","floor":8,"turns":10},{"damage":8,"enemies":"Looter","floor":12,"turns":4},{"damage":26,"enemies":"Hexaghost","floor":16,"turns":9}],"seed_played":"1715424729741315017","potions_obtained":[{"floor":6,"key":"EssenceOfSteel"},{"floor":12,"key":"Block Potion"}],"is_trial":false,"path_per_floor":["M","M","M","M","?","E","R","E","T","?","R","M","?","$","R","B"],"character_chosen":"IRONCLAD","items_purchased":["Offering","Inflame","Trip"],"campfire_rested":2,"item_purchase_floors":[14,14,14],"current_hp_per_floor":[76,74,79,76,81,31,58,18,18,7,34,44,26,26,26,0,0],"gold":67,"neow_bonus":"RANDOM_COMMON_RELIC","is_daily":false,"chose_seed":false,"campfire_upgraded":1,"win_rate":0.0,"timestamp":1612206547,"path_taken":["M","M","M","M","?","E","R","E","T","?","R","M","?","$","R","BOSS"],"items_purchased_type":["Card","Card","Card"],"build_version":"2020-12-13","purchased_purges":0,"victory":false,"max_hp_per_floor":[87,87,87,87,92,92,92,92,92,92,92,92,92,92,92,92,92],"relic_stats":{"Gremlin Horn":[1,2],"counters":[8,47],"Question Card":1,"obtain_stats":[{"Gremlin Horn":6,"Strawberry":0,"Question Card":8,"Burning Blood":0,"Meat on the Bone":9},{"Gremlin Horn":5,"Strawberry":0,"Question Card":6,"Burning Blood":0,"Meat on the Bone":6},{"Gremlin Horn":24,"Strawberry":0,"Question Card":34,"Burning Blood":0,"Meat on the Bone":34}],"Burning Blood":42,"Meat on the Bone":12},"card_choices":[{"not_picked":["Wild Strike","Iron Wave"],"picked":"Pommel Strike","floor":1},{"not_picked":["Rampage","Perfected Strike"],"picked":"Evolve","floor":2},{"not_picked":["Shrug It Off","Havoc"],"picked":"Battle Trance","floor":3},{"not_picked":["Perfected Strike","Wild Strike"],"picked":"Clothesline","floor":4},{"not_picked":["Pummel","Bloodletting"],"picked":"Whirlwind","floor":6},{"not_picked":["Fire Breathing","Juggernaut"],"picked":"Spot Weakness","floor":8},{"not_picked":["Iron Wave","Wild Strike","True Grit"],"picked":"Armaments","floor":12}],"player_experience":462214,"relics_obtained":[{"floor":6,"key":"Gremlin Horn"},{"floor":8,"key":"Question Card"},{"floor":9,"key":"Meat on the Bone"}],"event_choices":[{"damage_healed":0,"gold_gain":0,"player_choice":"Donut","damage_taken":0,"max_hp_gain":5,"max_hp_loss":0,"event_name":"Big Fish","floor":5,"gold_loss":0},{"damage_healed":0,"gold_gain":75,"player_choice":"Gather Gold","damage_taken":11,"max_hp_gain":0,"max_hp_loss":0,"event_name":"World of Goop","floor":10,"gold_loss":0},{"damage_healed":0,"gold_gain":0,"player_choice":"Entered Light","damage_taken":18,"max_hp_gain":0,"max_hp_loss":0,"event_name":"Shining Light","floor":13,"gold_loss":0,"cards_upgraded":["Defend_R","Strike_R"]}],"is_beta":false,"boss_relics":[],"items_purged_floors":[],"is_endless":false,"potions_floor_spawned":[6,12],"killed_by":"Hexaghost","ascension_level":13}}