{"host":"opyh6vr790e42ffe","time":1612206152,"event":{"mods":["BaseMod","Bestiary","Colored Map","Downfall","Highlight Path","Minty Spire (QoL Compilation)","Relic Stats","StSLib"],"gold_per_floor":[199,209,227,241,258,285,338,788,688,717,61,78,78,110,126,223,223,123,135,135,135,135,169,169,179,179,193,228,241,241,46,65,161,161,161,171,271,290,250,275,275,293,293,193,22,54,67,67,84,84,84,111,2,2,2,2],"floor_reached":57,"language":"ENG","playtime":3811,"items_purged":["downfall:Icky","downfall:Icky","downfall:Aged"],"score":1652,"play_id":"e218d4b3-5a82-4a15-8ec6-3d96f02f8c5a","local_time":"20210201110232","is_ascension_mode":true,"campfire_choices":[{"floor":1.0,"key":"RECALL"},{"floor":9.0,"key":"REST"},{"floor":13.0,"key":"REST"},{"data":"bronze:ChosenStrike","floor":18.0,"key":"SMITH"},{"data":"bronze:GetLatest","floor":26.0,"key":"SMITH"},{"floor":30.0,"key":"REST"},{"data":"bronze:Terminator","floor":35.0,"key":"SMITH"},{"data":"bronze:Library","floor":44.0,"key":"SMITH"},{"data":"bronze:Repulsor","floor":54.0,"key":"SMITH"}],"circlet_count":0,"master_deck":["bronze:Strike","bronze:Strike","bronze:Strike","bronze:Strike","bronze:Defend","bronze:Defend","bronze:Defend","bronze:Defend+1","bronze:Replicate","bronze:Goto","bronze:GetLatest+1","bronze:Iterate","bronze:ChosenStrike+1","bronze:Safeguard","bronze:Fortify+1","downfall:Icky","bronze:Boost","bronze:WhirlingStrike+1","bronze:Terminator+1","bronze:ItsAFeature","bronze:Refactor","bronze:DigitalCarnage+1","bronze:Constructor","bronze:InfiniteLoop+1","bronze:Constructor","Necronomicurse","Ghostly","Ghostly","Ghostly","Ghostly","Ghostly","bronze:BronzeOrb+1","bronze:BronzeArmor+1","bronze:Optimize","bronze:DarkDash+1","bronze:Iterate+1","bronze:MaxOutput","bronze:SpaghettiCode+1","bronze:ShipIt+1","bronze:Fortify+1","downfall:Haunted","downfall:Haunted","Decay","bronze:ShipIt+1","Clumsy","bronze:Library+1","bronze:InfiniteBeams+1","expansioncontent:StudyTheSpire","bronze:Repair+1","expansioncontent:LastStand","expansioncontent:DecaShield","expansioncontent:Chronoboost","bronze:Fortify+1","bronze:Repulsor+1","bronze:Philosophize"],"relics":["bronze:BronzeCore","Molten Egg 2","Juzu Bracelet","downfall:HeartBlessingRed","PreservedInsect","Dead Branch","Oddly Smooth Stone","Sundial","Black Star","downfall:HeartBlessingGreen","Necronomicon","Bottled Flame","Nunchaku","bronze:CableSpool","Kunai","Art of War","MealTicket","Philosopher\u0027s Stone","Du-Vu Doll","Meat on the Bone","Eternal Feather","InkBottle","downfall:HeartBlessingBlue","Ornamental Fan","Happy Flower","Pantograph","War Paint"],"acts_visited":["Exordium","TheCity","TheBeyond","TheEnding"],"potions_floor_usage":[55,56,56],"damage_taken":[{"damage":1.0,"enemies":"Cultist","floor":2.0,"turns":4.0},{"damage":5.0,"enemies":"Small Slimes","floor":3.0,"turns":3.0},{"damage":1.0,"enemies":"Jaw Worm","floor":4.0,"turns":3.0},{"damage":8.0,"enemies":"Gremlin Gang","floor":5.0,"turns":6.0},{"damage":22.0,"enemies":"3 Sentries","floor":6.0,"turns":8.0},{"damage":23.0,"enemies":"Gremlin Nob","floor":10.0,"turns":4.0},{"damage":5.0,"enemies":"downfall:FleeingMerchant","floor":11.0,"turns":4.0},{"damage":0.0,"enemies":"3 Louse","floor":12.0,"turns":1.0},{"damage":0.0,"enemies":"Lagavulin","floor":14.0,"turns":4.0},{"damage":5.0,"enemies":"Exordium Wildlife","floor":15.0,"turns":6.0},{"damage":25.0,"enemies":"SI_SHIV_ARCHETYPE","floor":16.0,"turns":11.0},{"damage":3.0,"enemies":"3 Byrds","floor":19.0,"turns":4.0},{"damage":18.0,"enemies":"Book of Stabbing","floor":23.0,"turns":4.0},{"damage":0.0,"enemies":"Sentry and Sphere","floor":25.0,"turns":2.0},{"damage":0.0,"enemies":"Centurion and Healer","floor":27.0,"turns":3.0},{"damage":7.0,"enemies":"Gremlin Leader","floor":28.0,"turns":2.0},{"damage":0.0,"enemies":"Snecko","floor":29.0,"turns":1.0},{"damage":4.0,"enemies":"downfall:FleeingMerchant","floor":31.0,"turns":4.0},{"damage":8.0,"enemies":"3 Cultists","floor":32.0,"turns":6.0},{"damage":22.0,"enemies":"IC_MUSHROOM_ARCHETYPE","floor":33.0,"turns":5.0},{"damage":0.0,"enemies":"3 Darklings","floor":36.0,"turns":3.0},{"damage":0.0,"enemies":"Orb Walker","floor":38.0,"turns":1.0},{"damage":0.0,"enemies":"downfall:FleeingMerchant","floor":39.0,"turns":1.0},{"damage":0.0,"enemies":"Nemesis","floor":40.0,"turns":1.0},{"damage":0.0,"enemies":"Writhing Mass","floor":42.0,"turns":1.0},{"damage":0.0,"enemies":"Reptomancer","floor":46.0,"turns":1.0},{"damage":0.0,"enemies":"Maw","floor":47.0,"turns":2.0},{"damage":1.0,"enemies":"4 Shapes","floor":49.0,"turns":2.0},{"damage":0.0,"enemies":"WA_ARCHETYPE_DIVINITY","floor":50.0,"turns":5.0},{"damage":0.0,"enemies":"downfall:CharBossMerchant","floor":52.0,"turns":2.0},{"damage":27,"enemies":"downfall:NeowBoss","floor":55,"turns":10},{"damage":3,"enemies":"downfall:NeowBossFinal","floor":56,"turns":8}],"seed_played":"-4865333136247183433","potions_obtained":[{"floor":4.0,"key":"Swift Potion"},{"floor":6.0,"key":"Explosive Potion"},{"floor":12.0,"key":"Block Potion"},{"floor":14.0,"key":"Fire Potion"},{"floor":16.0,"key":"LiquidBronze"},{"floor":25.0,"key":"bronze:CleanCodePotion"},{"floor":27.0,"key":"EntropicBrew"},{"floor":38.0,"key":"bronze:BurnAndBuffPotion"},{"floor":47.0,"key":"CultistPotion"}],"is_trial":false,"path_per_floor":["R","M","M","M","M","E","T","?","R","E","$","M","R","E","M","B",null,"R","M","?","T","?","E","T","M","R","M","E","M","R","$","M","B",null,"R","M","?","M","$","E","T","M","?","R","$","E","M","?","M","B",null,"E","$","R","B","B",null],"character_chosen":"THE_AUTOMATON","items_purchased":["bronze:Terminator","Dead Branch","Oddly Smooth Stone","bronze:ItsAFeature","bronze:MaxOutput","Meat on the Bone","expansioncontent:StudyTheSpire","bronze:Repulsor","bronze:Philosophize"],"campfire_rested":3,"item_purchase_floors":[11,11,11,11,31,39,45,53,53],"current_hp_per_floor":[70,69,64,63,55,33,33,33,54,31,26,26,47,47,42,17,70,70,67,51,51,35,17,17,17,17,17,10,10,20,31,23,1,35,35,35,40,40,40,40,40,40,40,50,50,50,50,40,39,39,50,50,50,50,35,47],"gold":2,"neow_bonus":"HUNDRED_GOLD","is_daily":false,"chose_seed":false,"campfire_upgraded":5,"win_rate":0.0,"timestamp":1612206152,"path_taken":["R","M","M","?","M","E","T","?","R","E","$","M","R","E","M","BOSS","R","M","?","?","?","E","T","M","R","M","E","M","R","?","M","BOSS","R","M","?","M","$","E","T","M","?","R","$","E","M","?","M","BOSS","E","$","R","BOSS","BOSS"],"items_purchased_type":["Card","Relic","Relic","Card","Card","Relic","Card","Card","Card"],"build_version":"2020-12-22","purchased_purges":3,"victory":true,"max_hp_per_floor":[70,70,70,70,70,70,70,70,70,70,70,70,70,70,70,70,70,70,70,70,70,35,35,35,35,35,35,35,35,35,35,35,35,35,35,35,40,40,40,40,40,40,40,50,50,50,50,50,50,50,50,50,50,50,50,50],"relic_stats":{"Happy Flower":[9],"counters":[32,122],"Dead Branch":[127],"Eternal Feather":0,"PreservedInsect":420,"Juzu Bracelet":2,"War Paint":["bronze:Defend","bronze:SpaghettiCode"],"Nunchaku":[18],"Sundial":[2],"Ornamental Fan":[92],"Pantograph":15,"MealTicket":15,"Black Star":5,"Necronomicon":[30],"Art of War":[3],"Kunai":[44],"obtain_stats":[{"bronze:BronzeCore":0,"downfall:HeartBlessingGreen":18,"Juzu Bracelet":7,"bronze:CableSpool":23,"Nunchaku":23,"Sundial":14,"downfall:HeartBlessingBlue":44,"Pantograph":52,"MealTicket":28,"Philosopher\u0027s Stone":34,"Necronomicon":20,"Kunai":24,"InkBottle":40,"downfall:HeartBlessingRed":9,"Happy Flower":46,"Dead Branch":11,"Oddly Smooth Stone":11,"Eternal Feather":40,"PreservedInsect":10,"War Paint":52,"Du-Vu Doll":37,"Bottled Flame":21,"Ornamental Fan":46,"Molten Egg 2":6,"Black Star":17,"Art of War":28,"Meat on the Bone":39},{"bronze:BronzeCore":0,"downfall:HeartBlessingGreen":11,"Juzu Bracelet":5,"bronze:CableSpool":13,"Nunchaku":13,"Sundial":9,"downfall:HeartBlessingBlue":25,"Pantograph":30,"MealTicket":16,"Philosopher\u0027s Stone":20,"Necronomicon":12,"Kunai":13,"InkBottle":24,"downfall:HeartBlessingRed":5,"Happy Flower":26,"Dead Branch":7,"Oddly Smooth Stone":7,"Eternal Feather":24,"PreservedInsect":6,"War Paint":30,"Du-Vu Doll":21,"Bottled Flame":12,"Ornamental Fan":26,"Molten Egg 2":5,"Black Star":11,"Art of War":16,"Meat on the Bone":23},{"bronze:BronzeCore":0,"downfall:HeartBlessingGreen":54,"Juzu Bracelet":24,"bronze:CableSpool":62,"Nunchaku":62,"Sundial":37,"downfall:HeartBlessingBlue":92,"Pantograph":104,"MealTicket":69,"Philosopher\u0027s Stone":85,"Necronomicon":58,"Kunai":62,"InkBottle":91,"downfall:HeartBlessingRed":24,"Happy Flower":93,"Dead Branch":32,"Oddly Smooth Stone":32,"Eternal Feather":91,"PreservedInsect":28,"War Paint":104,"Du-Vu Doll":88,"Bottled Flame":58,"Ornamental Fan":93,"Molten Egg 2":24,"Black Star":54,"Art of War":69,"Meat on the Bone":90}],"InkBottle":[16],"Meat on the Bone":12},"card_choices":[{"not_picked":["bronze:DelayedGuard","bronze:Refactor"],"picked":"bronze:GetLatest","floor":2.0},{"not_picked":["bronze:BugBarrage","bronze:Deprecate"],"picked":"bronze:Iterate","floor":3.0},{"not_picked":["bronze:Constructor","bronze:WildBeam"],"picked":"bronze:ChosenStrike","floor":4.0},{"not_picked":["bronze:CloningBeam","bronze:Invalidate"],"picked":"bronze:Safeguard","floor":5.0},{"not_picked":["bronze:DelayedSlice+1","bronze:CleanCode"],"picked":"bronze:Fortify+1","floor":6.0},{"not_picked":["bronze:ItsAFeature","bronze:FineTuning"],"picked":"bronze:Boost","floor":10.0},{"not_picked":["bronze:BitShift","bronze:InfiniteBeams"],"picked":"bronze:WhirlingStrike+1","floor":11.0},{"not_picked":["bronze:Shield","bronze:Branch+1"],"picked":"bronze:Refactor","floor":12.0},{"not_picked":["bronze:BuggyMess","bronze:FineTuning"],"picked":"bronze:DigitalCarnage+1","floor":14.0},{"not_picked":["bronze:Iterate+1","bronze:DelayedGuard"],"picked":"bronze:Constructor","floor":15.0},{"not_picked":["bronze:Format","bronze:Verify"],"picked":"bronze:InfiniteLoop+1","floor":16.0},{"not_picked":["bronze:CutThrough+1","bronze:Deprecate"],"picked":"bronze:Constructor","floor":19.0},{"not_picked":["bronze:ForceShield","bronze:DarkDash+1"],"picked":"bronze:BronzeOrb+1","floor":23.0},{"not_picked":["bronze:Backtrace+1","bronze:ChildClass"],"picked":"bronze:BronzeArmor+1","floor":25.0},{"not_picked":["bronze:WhirlingStrike+1","bronze:Deprecate","bronze:DelayedGuard"],"picked":"SKIP","floor":27.0},{"not_picked":["bronze:ItsAFeature+1","bronze:BugBarrage+1"],"picked":"bronze:Optimize","floor":28.0},{"not_picked":["bronze:BuggyMess","bronze:WhirlingStrike+1"],"picked":"bronze:DarkDash+1","floor":29.0},{"not_picked":["bronze:WildBeam+1","bronze:DelayedGuard"],"picked":"bronze:Iterate+1","floor":31.0},{"not_picked":["bronze:WildBeam+1","bronze:Flail+1"],"picked":"bronze:SpaghettiCode","floor":32.0},{"not_picked":["bronze:BurnOut+1","bronze:Format"],"picked":"bronze:ShipIt+1","floor":33.0},{"not_picked":["bronze:Refactor+1","bronze:Shield+1"],"picked":"bronze:Fortify+1","floor":36.0},{"not_picked":["bronze:Iterate+1","bronze:OilSpill+1","bronze:WildBeam+1"],"picked":"SKIP","floor":38.0},{"not_picked":["bronze:BuggyMess","bronze:CutThrough+1"],"picked":"bronze:Library","floor":39.0},{"not_picked":["bronze:DelayedSlice+1","bronze:Return"],"picked":"bronze:InfiniteBeams+1","floor":40.0},{"not_picked":["bronze:Separator+1","bronze:Invalidate","bronze:Constructor"],"picked":"SKIP","floor":42.0},{"not_picked":["bronze:CloningBeam+1","bronze:WildBeam+1","bronze:Invalidate"],"picked":"SKIP","floor":46.0},{"not_picked":["bronze:DigitalCarnage+1","bronze:Allocate"],"picked":"bronze:Repair+1","floor":47.0},{"not_picked":["expansioncontent:AwakenDeath","expansioncontent:GuardianWhirl"],"picked":"expansioncontent:LastStand","floor":48.0},{"not_picked":["expansioncontent:PolyBeam","expansioncontent:PrepareCrush"],"picked":"expansioncontent:DecaShield","floor":48.0},{"not_picked":["expansioncontent:PolyBeam","expansioncontent:LastStand"],"picked":"expansioncontent:Chronoboost","floor":48.0},{"not_picked":["bronze:InfiniteBeams+1","bronze:CleanCode","bronze:ClassDefault+1"],"picked":"SKIP","floor":49.0},{"not_picked":["bronze:Iterate+1","bronze:Overheat+1"],"picked":"bronze:Fortify+1","floor":52.0}],"player_experience":2698840,"relics_obtained":[{"floor":6.0,"key":"Molten Egg 2"},{"floor":7.0,"key":"Juzu Bracelet"},{"floor":10.0,"key":"PreservedInsect"},{"floor":14.0,"key":"Sundial"},{"floor":20.0,"key":"Necronomicon"},{"floor":21.0,"key":"Bottled Flame"},{"floor":23.0,"key":"Nunchaku"},{"floor":23.0,"key":"bronze:CableSpool"},{"floor":24.0,"key":"Kunai"},{"floor":28.0,"key":"Art of War"},{"floor":28.0,"key":"MealTicket"},{"floor":40.0,"key":"Eternal Feather"},{"floor":40.0,"key":"InkBottle"},{"floor":46.0,"key":"Ornamental Fan"},{"floor":46.0,"key":"Happy Flower"},{"floor":52.0,"key":"Pantograph"},{"floor":52.0,"key":"War Paint"}],"event_choices":[{"damage_healed":0.0,"max_hp_gain":0.0,"max_hp_loss":35.0,"gold_gain":0.0,"event_name":"Ghosts","player_choice":"Became a Ghost","floor":22.0,"gold_loss":0.0,"damage_taken":0.0,"cards_obtained":["Ghostly","Ghostly","Ghostly","Ghostly","Ghostly"]}],"is_beta":false,"boss_relics":[{"not_picked":["Busted Crown","Tiny House"],"picked":"Black Star"},{"not_picked":["Snecko Eye","Runic Pyramid"],"picked":"Philosopher\u0027s Stone"}],"items_purged_floors":[11,31,39],"is_endless":false,"potions_floor_spawned":[4,6,12,14,16,25,27,29,32,38,42,47,49],"ascension_level":1}}