{"host":"bd3tl98ed0kk4173","time":1612179316,"event":{"mods":["Arknights","Aspiration","BaseMod","Beaked The Cultist","Better Altar","Better Match","Better Note","Better Sensory Stone","Better Skull","Better Third Choice","BetterRewards","CapriCore","Colored Map","Colored Powertips","Conspire","Emptier Cage","Energized Spire","GifTheSpireLib","GungeonMod","Halation","HexUI Lib","Highlight Path","Hubris","Infinite Spire","Jorbs\u0027s Wanderer Trilogy","Minty Spire (QoL Compilation)","Permanent Neow","Quick Restart","Rare Cards Sparkle","Reliquary","Replay The Spire","SacredBarkPlus","Spicy Shops","StSLib","The Animator","The Blue Laboratory","The Death Knight","The Runesmith","TheFirefly","TheVacant","??????REMEMod"],"gold_per_floor":[112,17,33,52,72,72,83,83,106,33,33,33,33,49,49,149,149,162,162,172,16,16,16,31,44,44,44,62,78,98,108,108,209,209,222,1221,1235,1235,1235],"floor_reached":38,"language":"ENG","playtime":2476,"items_purged":[],"score":397,"play_id":"02aa9526-1dba-487a-ad5a-aa4beefa116d","local_time":"20210201063516","is_ascension_mode":false,"campfire_choices":[{"data":"DeathKnight:Contagion","floor":6,"key":"SMITH"},{"data":"DeathKnight:BladedArmor","floor":11,"key":"SMITH"},{"data":"DeathKnight:BladedArmor","floor":13,"key":"SMITH"},{"floor":15,"key":"REST"},{"data":"DeathKnight:Defile","floor":23,"key":"SMITH"},{"data":"infinitespire:Starlight","floor":27,"key":"SMITH"},{"floor":32,"key":"REST"}],"circlet_count":0,"master_deck":["DeathKnight:Strike_DeathKnight","DeathKnight:Strike_DeathKnight","DeathKnight:Strike_DeathKnight","DeathKnight:Strike_DeathKnight","DeathKnight:Strike_DeathKnight","DeathKnight:Defend_DeathKnight","DeathKnight:Defend_DeathKnight","DeathKnight:Defend_DeathKnight","DeathKnight:Defend_DeathKnight","DeathKnight:Defend_DeathKnight","DeathKnight:RuneTap","DeathKnight:RuneStrike","DeathKnight:Contagion+1","DeathKnight:WraithWalk","DeathKnight:BladedArmor+1","DeathKnight:Pestilence","DeathKnight:BladedArmor+1","DeathKnight:Defile+1","infinitespire:Starlight+1","DeathKnight:DeathAndDecay","DeathKnight:DancingRuneblade","DeathKnight:PathOfFrost+1","DeathKnight:Contagion","DeathKnight:Outbreak","DeathKnight:BladedArmor","Normality","Normality","DeathKnight:MutagenicPlague+1"],"relics":["DeathKnight:BrokenRuneblade","REME_ComplimentaryCards","aspiration:Nostalgia","Replay:M_SmolderingBlood","hubris:EmptyBottle","reliquary:RedPaperclip","DemoMod:Metronome","aspiration:PoetsPen_weak","Strange Spoon","Torii","conspire:SeveredTorchhead"],"acts_visited":["Exordium","TheCity","TheBeyond"],"potions_floor_usage":[16,16,24,28,28,28,29,33,33,33,37,37],"damage_taken":[{"damage":4,"enemies":"Cultist","floor":1,"turns":5},{"damage":2,"enemies":"2 Louse","floor":3,"turns":3},{"damage":5,"enemies":"Jaw Worm","floor":4,"turns":4},{"damage":8,"enemies":"Red Slaver","floor":5,"turns":4},{"damage":6,"enemies":"2 Fungi Beasts","floor":7,"turns":3},{"damage":17,"enemies":"Looter","floor":14,"turns":3},{"damage":34,"enemies":"The Guardian","floor":16,"turns":8},{"damage":18,"enemies":"Spheric Guardian","floor":18,"turns":5},{"damage":27,"enemies":"Shell Parasite","floor":20,"turns":4},{"damage":5,"enemies":"3 Cultists","floor":24,"turns":4},{"damage":24,"enemies":"Centurion and Healer","floor":25,"turns":5},{"damage":0,"enemies":"Cultist and Chosen","floor":28,"turns":4},{"damage":44,"enemies":"3 Cultists","floor":29,"turns":5},{"damage":0,"enemies":"Snecko","floor":30,"turns":3},{"damage":41,"enemies":"Shelled Parasite and Fungi","floor":31,"turns":5},{"damage":19,"enemies":"Collector","floor":33,"turns":4},{"damage":27,"enemies":"Orb Walker","floor":35,"turns":4},{"damage":31,"enemies":"3 Darklings","floor":37,"turns":5},{"damage":48,"enemies":"infinitespire:Three Voidlings","floor":38,"turns":3}],"seed_played":"4083365132265133117","potions_obtained":[{"floor":3,"key":"blueLaboratory:ForbiddenFruitJuice"},{"floor":14,"key":"Regen Potion"},{"floor":16,"key":"Swift Potion"},{"floor":20,"key":"SpeedPotion"},{"floor":22,"key":"blueLaboratory:StoneskinPotion"},{"floor":25,"key":"blueLaboratory:HorrorPotion"},{"floor":31,"key":"Adrenaline Potion"},{"floor":33,"key":"blueLaboratory:BubblePotion"},{"floor":37,"key":"blueLaboratory:PyrophylliteBrew"}],"is_trial":false,"path_per_floor":["M","$","M","M","M","R","M","T","T","$","R","?","R","M","R","B",null,"M","AVR","M","$","?","R","M","M","T","R","M","M","M","M","R","B",null,"M","?","M","?"],"character_chosen":"DEATH_KNIGHT","items_purchased":["DeathKnight:WraithWalk","DeathKnight:BladedArmor","hubris:EmptyBottle","Strange Spoon"],"campfire_rested":2,"item_purchase_floors":[2,2,10,21],"current_hp_per_floor":[71,71,69,64,56,56,50,50,50,50,50,50,50,33,55,73,75,57,57,40,40,40,40,45,31,31,31,46,17,32,6,28,24,75,48,48,32,0,0],"gold":1235,"neow_bonus":"NOSTALGIA","is_daily":false,"chose_seed":false,"campfire_upgraded":5,"win_rate":0.0,"timestamp":1612179316,"path_taken":["M","$","M","M","M","R","M","?","T","$","R","?","R","M","R","BOSS","M","AVR","M","$","?","R","M","M","T","R","M","M","M","M","R","BOSS","M","?","M","?"],"items_purchased_type":["Card","Card","Relic","Relic"],"build_version":"2020-12-22","purchased_purges":0,"victory":false,"max_hp_per_floor":[75,75,75,75,75,75,75,75,75,75,75,75,75,75,75,75,75,75,75,75,75,75,75,75,75,75,75,75,75,75,75,75,75,75,75,75,75,75,75],"card_choices":[{"not_picked":["DeathKnight:DeathStrike","Searing Blow"],"picked":"DeathKnight:Contagion","floor":1},{"not_picked":["DeathKnight:Marrowrend","ReachHeaven"],"picked":"DeathKnight:Pestilence","floor":3},{"not_picked":["DeathKnight:Hysteria","Clash","DeathKnight:HartStrike"],"picked":"SKIP","floor":4},{"not_picked":["DeathKnight:Hemostasis","DeathKnight:Rot"],"picked":"DeathKnight:BladedArmor","floor":5},{"not_picked":["DeathKnight:FrostStrike","DeathKnight:UnholyPresence","DeathKnight:Ossuary"],"picked":"SKIP","floor":7},{"not_picked":["DeathKnight:UnholyPresence","DeathKnight:Hemostasis","DeathKnight:Ossuary"],"picked":"SKIP","floor":14},{"not_picked":["Ragnarok","DeathKnight:MarkOfBlood"],"picked":"DeathKnight:Defile","floor":16},{"not_picked":["DeathKnight:Contagion","DeathKnight:IceboundArmor","DeathKnight:FrosPresence"],"picked":"SKIP","floor":18},{"not_picked":["DeathKnight:DeathCoil","DeathKnight:Ossuary"],"picked":"DeathKnight:DeathAndDecay","floor":20},{"not_picked":["DeathKnight:DarkSuccor","DeathKnight:ShatteringStrikes"],"picked":"DeathKnight:DancingRuneblade","floor":24},{"not_picked":["DeathKnight:BloodPact","DeathKnight:HornOfWinter+1","DeathKnight:DeathCoil"],"picked":"SKIP","floor":25},{"not_picked":["DeathKnight:RunicCorruption","DeathKnight:RaiseAlly"],"picked":"DeathKnight:PathOfFrost+1","floor":28},{"not_picked":["DeathKnight:PillarOfFrost","DeathKnight:IceboundArmor","DeathKnight:DeathGrip"],"picked":"SKIP","floor":29},{"not_picked":["DeathKnight:DreadStrike+1","DeathKnight:RunicCorruption","DeathKnight:FoulBulwark"],"picked":"SKIP","floor":30},{"not_picked":["DeathKnight:MindFreeze","DeathKnight:BoneSpear"],"picked":"DeathKnight:Contagion","floor":31},{"not_picked":["DeathKnight:Frostscythe","DeathKnight:ReapingStrike"],"picked":"DeathKnight:Outbreak","floor":33},{"not_picked":["DeathKnight:Hemostasis+1","DeathKnight:RunicCorruption"],"picked":"DeathKnight:BladedArmor","floor":35},{"not_picked":["DeathKnight:BoneSpear","DeathKnight:BloodBoil+1"],"picked":"DeathKnight:MutagenicPlague+1","floor":37}],"player_experience":93706,"relics_obtained":[{"floor":8,"key":"Ornamental Fan"},{"floor":9,"key":"aspiration:EmptySkull"},{"floor":26,"key":"Torii"}],"event_choices":[{"damage_healed":0,"gold_gain":0,"player_choice":"Got Potions","damage_taken":0,"max_hp_gain":0,"max_hp_loss":0,"event_name":"Lab","floor":22,"gold_loss":0},{"damage_healed":0,"gold_gain":999,"player_choice":"Gold","damage_taken":0,"max_hp_gain":0,"max_hp_loss":0,"event_name":"MindBloom","floor":36,"gold_loss":0,"cards_obtained":["Normality","Normality"]}],"is_beta":false,"boss_relics":[{"not_picked":["beaked:MawFillet","reliquary:Craggleroot"],"picked":"reliquary:RedPaperclip"},{"not_picked":["ReplayTheSpireMod:SealedPack","energizedSpire:DeadBattery"],"picked":"conspire:SeveredTorchhead"}],"items_purged_floors":[],"is_endless":false,"potions_floor_spawned":[3,14,16,20,25,31,33,37],"killed_by":"infinitespire:Three Voidlings","ascension_level":0}}