{"host":"sav7uxregyirlf69","time":1612184706,"event":{"mods":["AchievementEnabler","BaseMod","Colored Map","DeckTracker","Keyboard Shortcuts","Minty Spire (QoL Compilation)","READ ME - Guardian Mod","StSLib","SuperFastMode"],"gold_per_floor":[115,115,128,128,128,128,143,143,192,207,227,246,264,264,264,338,338,338,338,338],"floor_reached":19,"language":"KOR","playtime":263,"items_purged":[],"score":322,"play_id":"8ec4d2bd-7966-47ea-875e-d51e9c24921e","local_time":"20210201220506","is_ascension_mode":true,"campfire_choices":[{"data":"Sword Boomerang","floor":6.0,"key":"SMITH"},{"data":"Bash","floor":8.0,"key":"SMITH"},{"data":"Twin Strike","floor":15,"key":"SMITH"}],"circlet_count":0,"master_deck":["AscendersBane","Strike_R","Strike_R","Strike_R","Strike_R","Defend_R","Defend_R","Defend_R","Defend_R","Bash+1","Twin Strike+1","Sword Boomerang+1","Shrug It Off","Pummel","Ghostly Armor","Offering"],"relics":["Burning Blood","Omamori","Ginger","Lantern","Runic Pyramid"],"acts_visited":["Exordium","TheCity"],"potions_floor_usage":[16,18],"damage_taken":[{"damage":14.0,"enemies":"Jaw Worm","floor":1.0,"turns":5.0},{"damage":6.0,"enemies":"Small Slimes","floor":3.0,"turns":4.0},{"damage":8.0,"enemies":"2 Louse","floor":7.0,"turns":2.0},{"damage":25.0,"enemies":"Exordium Wildlife","floor":10.0,"turns":4.0},{"damage":0.0,"enemies":"2 Fungi Beasts","floor":11.0,"turns":4.0},{"damage":10.0,"enemies":"Red Slaver","floor":12.0,"turns":3.0},{"damage":8.0,"enemies":"Lots of Slimes","floor":13.0,"turns":6.0},{"damage":14,"enemies":"Slime Boss","floor":16,"turns":8},{"damage":12,"enemies":"Spheric Guardian","floor":18,"turns":3},{"damage":61,"enemies":"Masked Bandits","floor":19,"turns":4}],"seed_played":"-7427665009180634048","potions_obtained":[{"floor":11.0,"key":"CultistPotion"},{"floor":12.0,"key":"Regen Potion"},{"floor":13.0,"key":"SmokeBomb"},{"floor":16,"key":"LiquidBronze"}],"is_trial":false,"path_per_floor":["M","?","M","?","?","R","M","R","T","M","M","M","M","?","R","B",null,"M","?"],"character_chosen":"IRONCLAD","items_purchased":[],"campfire_rested":0,"item_purchase_floors":[],"current_hp_per_floor":[60,53,53,58,32,32,30,30,30,11,17,13,26,46,46,38,70,64,3,3],"gold":338,"neow_bonus":"RANDOM_COMMON_RELIC","is_daily":false,"chose_seed":false,"campfire_upgraded":3,"win_rate":0.0,"timestamp":1612184706,"path_taken":["M","?","M","?","?","R","M","R","T","?","M","M","M","?","R","BOSS","M","?"],"items_purchased_type":[],"build_version":"2020-12-22","purchased_purges":0,"victory":false,"max_hp_per_floor":[75,75,75,80,80,80,80,80,80,80,80,80,80,80,80,80,80,80,80,80],"card_choices":[{"not_picked":["Clothesline","Battle Trance"],"picked":"Twin Strike","floor":1.0},{"not_picked":["Flame Barrier","Armaments"],"picked":"Sword Boomerang","floor":3.0},{"not_picked":["Clothesline","Sever Soul"],"picked":"Shrug It Off","floor":7.0},{"not_picked":["Heavy Blade","Clothesline","Infernal Blade"],"picked":"SKIP","floor":10.0},{"not_picked":["Searing Blow","Body Slam"],"picked":"Pummel","floor":11.0},{"not_picked":["Feel No Pain","Clash"],"picked":"Ghostly Armor","floor":12.0},{"not_picked":["Cleave","Bloodletting","Pummel"],"picked":"SKIP","floor":13.0},{"not_picked":["Berserk","Reaper"],"picked":"Offering","floor":16}],"player_experience":1454926,"relics_obtained":[{"floor":9.0,"key":"Lantern"}],"event_choices":[{"cards_removed":["Strike_R"],"damage_healed":0.0,"max_hp_gain":0.0,"max_hp_loss":0.0,"gold_gain":0.0,"event_name":"Golden Wing","player_choice":"Card Removal","floor":2.0,"gold_loss":0.0,"damage_taken":7.0},{"damage_healed":0.0,"max_hp_gain":5.0,"max_hp_loss":0.0,"gold_gain":0.0,"event_name":"Big Fish","player_choice":"Donut","floor":4.0,"gold_loss":0.0,"damage_taken":0.0},{"damage_healed":0.0,"max_hp_gain":0.0,"max_hp_loss":0.0,"gold_gain":0.0,"event_name":"Scrap Ooze","player_choice":"Success","floor":5.0,"gold_loss":0.0,"damage_taken":26.0,"relics_obtained":["Ginger"]},{"damage_healed":20,"gold_gain":0,"player_choice":"Healed and dodged fight","damage_taken":0,"max_hp_gain":0,"max_hp_loss":0,"event_name":"Mushrooms","floor":14,"gold_loss":0,"cards_obtained":["Parasite"]},{"damage_healed":0,"gold_gain":0,"player_choice":"Fought Bandits","damage_taken":0,"max_hp_gain":0,"max_hp_loss":0,"event_name":"Masked Bandits","floor":19,"gold_loss":0}],"is_beta":false,"boss_relics":[{"not_picked":["SlaversCollar","Runic Cube"],"picked":"Runic Pyramid"}],"items_purged_floors":[],"is_endless":false,"potions_floor_spawned":[11,12,13,16],"killed_by":"Masked Bandits","ascension_level":20}}