{"host":"4b5tv1t0j3ebkk6n","time":1612188142,"event":{"mods":["Act Like it!","Arknights","BaseMod","BetterRewards","Card Forge","Colored Map","Colored Powertips","Gensokyo","KomeijiMod","Minty Spire (QoL Compilation)","RumiaBox-露米娅的神秘盒子","Shop Mod","StSLib","SuperFastMode","TestMod","【功能Mod】混沌之环修复补丁"],"gold_per_floor":[111,111,130,63,80,115,390,390,390],"floor_reached":8,"language":"ZHS","playtime":510,"items_purged":[],"score":56,"play_id":"a03cfcca-73ed-441b-a302-91194c92a567","local_time":"20210201220222","is_ascension_mode":false,"campfire_choices":[],"circlet_count":0,"master_deck":["ats:Strike C","ats:Strike G","ats:Strike S","ats:Strike V","ats:Armor Crushing Shot","ats:Defend","ats:Defend","ats:Defend","ats:Emotion Absorption","ats:Healing Strengthening","ats:Cat Scratch","ats:Neurotoxin","ats:Thorns"],"relics":["ats:Sanity","Hammer of Thor","Seething Fire","Anvil of the Gods","testmod-TestBox","testmod-EnergyCheck","ats:Originium","HoshigumaDish"],"acts_visited":["Exordium"],"potions_floor_usage":[],"damage_taken":[{"damage":1,"enemies":"Jaw Worm","floor":1,"turns":5},{"damage":1,"enemies":"Cultist","floor":3,"turns":3},{"damage":9,"enemies":"Small Slimes","floor":5,"turns":4},{"damage":33,"enemies":"3 Sentries","floor":6,"turns":10},{"damage":26,"enemies":"Lagavulin","floor":8,"turns":5}],"seed_played":"3581712692521146360","potions_obtained":[{"floor":1,"key":"GamblersBrew"}],"is_trial":false,"path_per_floor":["M","?","M","$","M","E","?","E"],"character_chosen":"DOCTOR_CLASS","items_purchased":["ats:Neurotoxin"],"campfire_rested":0,"item_purchase_floors":[4],"current_hp_per_floor":[71,64,63,63,54,21,21,0,0],"gold":390,"neow_bonus":"","is_daily":false,"chose_seed":false,"campfire_upgraded":0,"win_rate":0.0,"timestamp":1612188142,"path_taken":["M","?","M","$","M","E","?","E"],"items_purchased_type":["Card"],"build_version":"2020-12-22","purchased_purges":0,"victory":false,"max_hp_per_floor":[72,72,72,72,72,72,72,72,72],"card_choices":[{"not_picked":["ats:Shadow Raid","ats:Part Time Job"],"picked":"ats:Healing Strengthening","floor":1},{"not_picked":["ats:Leaping Hammer","ats:Closed Bolt Burst Fire"],"picked":"ats:Cat Scratch","floor":3},{"not_picked":["ats:Revitalization","ats:Serious Mode"],"picked":"ats:Thorns","floor":5},{"not_picked":["ats:Leaping Hammer","ats:Beaten Up","ats:Closed Bolt Burst Fire"],"picked":"SKIP","floor":6}],"player_experience":0,"relics_obtained":[{"floor":6,"key":"ats:Originium"},{"floor":6,"key":"HoshigumaDish"}],"event_choices":[{"cards_removed":["ats:Defend"],"damage_healed":0,"gold_gain":0,"player_choice":"Card Removal","damage_taken":7,"max_hp_gain":0,"max_hp_loss":0,"event_name":"Golden Wing","floor":2,"gold_loss":0},{"damage_healed":0,"gold_gain":275,"player_choice":"Desecrate","damage_taken":0,"max_hp_gain":0,"max_hp_loss":0,"event_name":"Golden Shrine","floor":7,"gold_loss":0,"cards_obtained":["Regret"]}],"is_beta":false,"boss_relics":[],"items_purged_floors":[],"is_endless":false,"potions_floor_spawned":[1],"killed_by":"Lagavulin","ascension_level":0}}