{"host":"126yiuos2nq86se7","time":1612148234,"event":{"mods":["AchievementEnabler","Act Like it!","BaseMod","Colored Map","Colored Powertips","Friendly Minions","Highlight Path","Minty Spire (QoL Compilation)","StSLib","SuperFastMode"],"gold_per_floor":[115,115,115,115,135,135,160,179,179,193,206,217,217,228,228,323,323,333,333,383,401,401,401,401,74,98,121,33,48,63,83,83,186,186,203,221,221,241,38,38,54,68,95,95,145,163,13,13,13,13],"floor_reached":51,"language":"ENG","playtime":2576,"items_purged":["Strike_B+1","Strike_B+1","Strike_B+1","Parasite"],"score":703,"play_id":"6329bb11-d0bd-453f-8b2a-e03ce06f31b5","local_time":"20210201135714","is_ascension_mode":false,"campfire_choices":[{"floor":6,"key":"REST"},{"floor":15,"key":"REST"},{"data":"1","floor":23,"key":"LIFT"},{"floor":32,"key":"REST"},{"data":"2","floor":40,"key":"LIFT"},{"floor":44,"key":"REST"},{"floor":49,"key":"REST"}],"circlet_count":0,"master_deck":["Defend_B+1","Defend_B+1","Defend_B+1","Defend_B+1","Dualcast+1","Chill","Redo","Coolheaded","Force Field","Core Surge+1","Capacitor","Conserve Battery","Core Surge","Defragment+1","Barrage+1","Leap+1","Core Surge","Conserve Battery+1","Capacitor","Coolheaded+1","Cold Snap"],"relics":["Cracked Core","Akabeko","Du-Vu Doll","Boot","Girya","Sozu","Nilry\u0027s Codex","Sundial","MawBank","Fusion Hammer","PreservedInsect","Thread and Needle"],"acts_visited":["Exordium","TheCity","TheBeyond"],"potions_floor_usage":[16,16,16,33],"damage_taken":[{"damage":0,"enemies":"2 Louse","floor":1,"turns":2},{"damage":1,"enemies":"Jaw Worm","floor":5,"turns":4},{"damage":20,"enemies":"3 Sentries","floor":7,"turns":15},{"damage":1,"enemies":"Small Slimes","floor":8,"turns":3},{"damage":0,"enemies":"2 Fungi Beasts","floor":10,"turns":5},{"damage":12,"enemies":"Exordium Thugs","floor":11,"turns":14},{"damage":8,"enemies":"Large Slime","floor":12,"turns":11},{"damage":1,"enemies":"Looter","floor":14,"turns":2},{"damage":26,"enemies":"Hexaghost","floor":16,"turns":17},{"damage":4,"enemies":"Shell Parasite","floor":18,"turns":43},{"damage":6,"enemies":"Spheric Guardian","floor":21,"turns":4},{"damage":4,"enemies":"Snake Plant","floor":27,"turns":6},{"damage":10,"enemies":"Chosen and Byrds","floor":29,"turns":20},{"damage":0,"enemies":"Centurion and Healer","floor":30,"turns":6},{"damage":5,"enemies":"Snecko","floor":31,"turns":6},{"damage":0,"enemies":"Collector","floor":33,"turns":26},{"damage":0,"enemies":"3 Shapes","floor":35,"turns":7},{"damage":10,"enemies":"3 Darklings","floor":36,"turns":8},{"damage":9,"enemies":"Writhing Mass","floor":38,"turns":9},{"damage":2,"enemies":"Sphere and 2 Shapes","floor":41,"turns":6},{"damage":12,"enemies":"Jaw Worm Horde","floor":42,"turns":6},{"damage":4,"enemies":"Mind Bloom Boss Battle","floor":45,"turns":19},{"damage":34,"enemies":"Transient","floor":46,"turns":5},{"damage":2,"enemies":"Donu and Deca","floor":50,"turns":17}],"seed_played":"-7023148727543695880","potions_obtained":[{"floor":5,"key":"SpeedPotion"},{"floor":8,"key":"AttackPotion"},{"floor":11,"key":"CultistPotion"},{"floor":16,"key":"Explosive Potion"}],"is_trial":false,"path_per_floor":["M","?","?","?","M","R","E","M","T","M","M","M","?","M","R","B",null,"M","?","?","M","?","R","?","$","T","M","$","M","M","M","R","B",null,"M","M","?","M","$","R","M","M","T","R","?","M","$","?","R","B",null],"character_chosen":"DEFECT","items_purchased":["Sundial","Capacitor"],"campfire_rested":5,"item_purchase_floors":[25,39],"current_hp_per_floor":[75,75,50,43,42,64,44,43,43,43,31,23,8,7,29,3,75,71,71,71,65,65,65,49,49,49,45,45,35,35,30,52,52,75,75,65,65,56,56,56,54,42,42,64,60,26,26,26,47,45],"gold":13,"neow_bonus":"RANDOM_COMMON_RELIC","is_daily":false,"chose_seed":false,"campfire_upgraded":0,"win_rate":0.0,"timestamp":1612148234,"path_taken":["M","?","?","?","M","R","E","M","T","M","M","M","?","M","R","BOSS","M","?","?","?","?","R","?","$","T","M","$","M","M","M","R","BOSS","M","M","?","M","$","R","M","M","T","R","?","M","$","?","R","BOSS"],"items_purchased_type":["Relic","Card"],"build_version":"2020-12-22","purchased_purges":4,"victory":true,"max_hp_per_floor":[75,75,75,75,75,75,75,75,75,75,75,75,75,75,75,75,75,75,75,75,75,75,75,75,75,75,75,75,75,75,75,75,75,75,75,75,75,75,75,75,75,75,75,75,75,75,72,72,72,72],"card_choices":[{"not_picked":["Turbo","Leap"],"picked":"Chill","floor":1},{"not_picked":["Gash","Compile Driver"],"picked":"Redo","floor":5},{"not_picked":["Rebound","Skim","Heatsinks"],"picked":"SKIP","floor":7},{"not_picked":["Sweeping Beam","Steam"],"picked":"Coolheaded","floor":8},{"not_picked":["Stack","Hologram"],"picked":"Force Field","floor":10},{"not_picked":["Leap","Steam"],"picked":"Core Surge","floor":11},{"not_picked":["Gash","Turbo"],"picked":"Capacitor","floor":12},{"not_picked":["Streamline","Lockon"],"picked":"Conserve Battery","floor":14},{"not_picked":["Electrodynamics","Biased Cognition"],"picked":"Core Surge","floor":16},{"not_picked":["Ball Lightning","Rebound","Go for the Eyes"],"picked":"SKIP","floor":18},{"not_picked":["Go for the Eyes","Rip and Tear+1"],"picked":"Defragment+1","floor":21},{"not_picked":["Steam","Glacier","Multi-Cast"],"picked":"SKIP","floor":27},{"not_picked":["Redo","Reprogram"],"picked":"Barrage+1","floor":29},{"not_picked":["Hologram","Thunder Strike","Steam"],"picked":"SKIP","floor":30},{"not_picked":["Sweeping Beam","Gash"],"picked":"Leap+1","floor":31},{"not_picked":["Fission","Reboot"],"picked":"Core Surge","floor":33},{"not_picked":["Sweeping Beam+1","Leap","Glacier"],"picked":"SKIP","floor":35},{"not_picked":["Compile Driver+1","Rebound"],"picked":"Conserve Battery+1","floor":36},{"not_picked":["Melter","Rebound+1","Genetic Algorithm"],"picked":"SKIP","floor":38},{"not_picked":["Stack","Gash+1","Hologram+1"],"picked":"SKIP","floor":41},{"not_picked":["Barrage","Compile Driver+1"],"picked":"Coolheaded+1","floor":42},{"not_picked":["Coolheaded","Skim"],"picked":"Cold Snap","floor":46}],"player_experience":1468228,"relics_obtained":[{"floor":7,"key":"Boot"},{"floor":9,"key":"Girya"},{"floor":24,"key":"Nilry\u0027s Codex"},{"floor":26,"key":"MawBank"},{"floor":43,"key":"PreservedInsect"},{"floor":45,"key":"Thread and Needle"}],"event_choices":[{"cards_removed":["Zap"],"damage_healed":0,"gold_gain":0,"player_choice":"Forget","damage_taken":0,"max_hp_gain":0,"max_hp_loss":0,"event_name":"Living Wall","floor":2,"gold_loss":0},{"damage_healed":0,"gold_gain":0,"player_choice":"Success","damage_taken":25,"relics_obtained":["Du-Vu Doll"],"max_hp_gain":0,"max_hp_loss":0,"event_name":"Scrap Ooze","floor":3,"gold_loss":0},{"cards_removed":["Strike_B"],"damage_healed":0,"gold_gain":0,"player_choice":"Card Removal","damage_taken":7,"max_hp_gain":0,"max_hp_loss":0,"event_name":"Golden Wing","floor":4,"gold_loss":0},{"damage_healed":0,"gold_gain":0,"player_choice":"Entered Light","damage_taken":15,"max_hp_gain":0,"max_hp_loss":0,"event_name":"Shining Light","floor":13,"gold_loss":0,"cards_upgraded":["Core Surge","Dualcast"]},{"damage_healed":0,"gold_gain":0,"player_choice":"Ignored","damage_taken":0,"max_hp_gain":0,"max_hp_loss":0,"event_name":"Vampires","floor":19,"gold_loss":0},{"damage_healed":0,"gold_gain":100,"player_choice":"Bet on Murderer","damage_taken":0,"max_hp_gain":0,"max_hp_loss":0,"event_name":"The Joust","floor":20,"gold_loss":50},{"damage_healed":0,"gold_gain":0,"player_choice":"Simplicity","damage_taken":0,"max_hp_gain":0,"max_hp_loss":0,"event_name":"Back to Basics","floor":22,"gold_loss":0,"cards_upgraded":["Strike_B","Strike_B","Strike_B","Defend_B","Defend_B","Defend_B","Defend_B"]},{"damage_healed":0,"gold_gain":0,"player_choice":"Obtained Book","damage_taken":16,"max_hp_gain":0,"max_hp_loss":0,"event_name":"Cursed Tome","floor":24,"gold_loss":0},{"damage_healed":0,"gold_gain":0,"player_choice":"Ignored","damage_taken":0,"max_hp_gain":0,"max_hp_loss":0,"event_name":"Tomb of Lord Red Mask","floor":37,"gold_loss":0},{"damage_healed":0,"gold_gain":0,"player_choice":"Fight","damage_taken":0,"max_hp_gain":0,"max_hp_loss":0,"event_name":"MindBloom","floor":45,"gold_loss":0},{"damage_healed":0,"gold_gain":0,"player_choice":"Ignored","damage_taken":0,"max_hp_gain":0,"max_hp_loss":0,"event_name":"Mysterious Sphere","floor":48,"gold_loss":0}],"is_beta":false,"boss_relics":[{"not_picked":["Black Star","Calling Bell"],"picked":"Sozu"},{"not_picked":["Tiny House","Busted Crown"],"picked":"Fusion Hammer"}],"items_purged_floors":[25,28,39,47],"is_endless":false,"potions_floor_spawned":[5,8,11,16,21,27,36,41,42,46],"ascension_level":0}}