{"host":"sygfylmorsvdndbx","time":1612145588,"event":{"mods":["AchievementEnabler","BaseMod","Highlight Path","Minty Spire (QoL Compilation)","Permanent Neow","Quick Restart","Relic Stats"],"gold_per_floor":[116,116,127,146,163,163,227,258,258,277,277,304,304,354,354,455,455,474,536,586,660,679,679,679,706,761,585,119,119,119,169,169,267,267,286,336,352,242,292,292,326,354,377,377,427,442,506,906,906,906,906,906,222,257,257,257],"floor_reached":55,"language":"ENG","playtime":5637,"items_purged":["BootSequence","Writhe"],"score":1139,"play_id":"010037b6-53e4-40cc-b804-f438c9139186","local_time":"20210131211308","is_ascension_mode":true,"campfire_choices":[{"data":"Zap","floor":6,"key":"SMITH"},{"data":"Dualcast","floor":11,"key":"SMITH"},{"data":"Darkness","floor":13,"key":"SMITH"},{"data":"Rebound","floor":15,"key":"SMITH"},{"floor":24,"key":"REST"},{"data":"Fission","floor":29,"key":"SMITH"},{"data":"Self Repair","floor":30,"key":"SMITH"},{"data":"Biased Cognition","floor":32,"key":"SMITH"},{"data":"Loop","floor":40,"key":"SMITH"},{"data":"Buffer","floor":44,"key":"SMITH"},{"floor":49,"key":"RECALL"},{"data":"Coolheaded","floor":52,"key":"SMITH"}],"circlet_count":0,"master_deck":["Strike_B+1","Strike_B+1","Strike_B+1","Defend_B+1","Defend_B+1","Defend_B+1","Zap+1","Dualcast+1","Skim","Core Surge+1","Sweeping Beam","Darkness+1","Darkness+1","Go for the Eyes+1","Rebound+1","Coolheaded+1","Conserve Battery+1","Echo Form","Redo+1","Hologram+1","Biased Cognition+1","Self Repair+1","Fission+1","Buffer+1","Capacitor","Coolheaded+1","Loop+1","Thinking Ahead","Compile Driver","Aggregate+1"],"relics":["Cracked Core","SsserpentHead","Eternal Feather","Tiny Chest","Sozu","Orichalcum","Du-Vu Doll","War Paint","Strawberry","WingedGreaves","Bronze Scales","Coffee Dripper","Emotion Chip","Happy Flower","Blood Vial","Bag of Marbles","Old Coin","Frozen Eye","Whetstone","White Beast Statue","Bag of Preparation"],"acts_visited":["Exordium","TheCity","TheBeyond","TheEnding"],"potions_floor_usage":[8,16,23,55],"damage_taken":[{"damage":0,"enemies":"Small Slimes","floor":1,"turns":2},{"damage":0,"enemies":"Cultist","floor":3,"turns":2},{"damage":0,"enemies":"Jaw Worm","floor":4,"turns":3},{"damage":0,"enemies":"Exordium Wildlife","floor":5,"turns":3},{"damage":4,"enemies":"3 Louse","floor":7,"turns":2},{"damage":20,"enemies":"3 Sentries","floor":8,"turns":5},{"damage":4,"enemies":"Lots of Slimes","floor":10,"turns":2},{"damage":11,"enemies":"Lagavulin","floor":12,"turns":6},{"damage":7,"enemies":"Hexaghost","floor":16,"turns":7},{"damage":29,"enemies":"2 Thieves","floor":18,"turns":4},{"damage":9,"enemies":"3 Byrds","floor":19,"turns":3},{"damage":21,"enemies":"Sentry and Sphere","floor":22,"turns":4},{"damage":0,"enemies":"Book of Stabbing","floor":23,"turns":1},{"damage":30,"enemies":"Slavers","floor":25,"turns":6},{"damage":0,"enemies":"Champ","floor":33,"turns":6},{"damage":21,"enemies":"3 Darklings","floor":35,"turns":5},{"damage":15,"enemies":"Orb Walker","floor":37,"turns":4},{"damage":25,"enemies":"Reptomancer","floor":41,"turns":7},{"damage":13,"enemies":"Giant Head","floor":42,"turns":7},{"damage":0,"enemies":"Transient","floor":46,"turns":5},{"damage":15,"enemies":"3 Darklings","floor":47,"turns":5},{"damage":0,"enemies":"Mind Bloom Boss Battle","floor":48,"turns":3},{"damage":51,"enemies":"Awakened One","floor":50,"turns":8},{"damage":15,"enemies":"Shield and Spear","floor":54,"turns":6},{"damage":73,"enemies":"The Heart","floor":55,"turns":3}],"seed_played":"5104761059858255203","potions_obtained":[{"floor":5,"key":"Explosive Potion"},{"floor":7,"key":"SmokeBomb"},{"floor":8,"key":"Block Potion"},{"floor":10,"key":"Ancient Potion"}],"is_trial":false,"path_per_floor":["M","?","M","M","M","R","M","E","T","M","R","E","R","?","R","B",null,"M","M","?","T","M","E","R","E","T","$","$","R","R","?","R","B",null,"M","?","M","$","T","R","E","E","T","R","?","M","M","?","R","B",null,"R","$","E","B"],"character_chosen":"DEFECT","items_purchased":["Self Repair","Strawberry","Fission","WingedGreaves","Loop","Frozen Eye","Whetstone","Compile Driver","White Beast Statue"],"campfire_rested":1,"item_purchase_floors":[27,27,28,28,38,53,53,53,53],"current_hp_per_floor":[68,68,68,68,68,68,64,44,44,40,49,38,47,47,56,49,63,34,25,25,25,4,4,36,6,6,13,13,25,37,37,52,62,72,71,71,66,66,66,75,70,67,67,75,65,75,70,72,75,34,65,75,75,70,0,0],"gold":257,"neow_bonus":"TRANSFORM_TWO_CARDS","is_daily":false,"chose_seed":false,"campfire_upgraded":10,"win_rate":0.0,"timestamp":1612145588,"path_taken":["M","?","M","M","M","R","?","E","T","M","R","E","R","?","R","BOSS","M","?","?","?","M","E","R","E","T","?","$","R","R","?","R","BOSS","M","?","M","$","?","R","E","E","T","R","?","M","?","?","R","BOSS","R","$","E","BOSS"],"items_purchased_type":["Card","Relic","Card","Relic","Card","Relic","Relic","Card","Relic"],"build_version":"2020-12-22","purchased_purges":2,"victory":false,"max_hp_per_floor":[68,68,68,68,68,68,68,68,68,68,68,68,68,68,68,68,68,68,68,68,68,68,68,68,68,68,75,75,75,75,75,75,75,75,75,75,75,75,75,75,75,75,75,75,75,75,75,75,75,75,75,75,75,75,75,75],"relic_stats":{"Happy Flower":[12],"counters":[25,109],"Eternal Feather":108,"Bag of Preparation":[2],"Whetstone":["Go for the Eyes","Core Surge"],"Orichalcum":[96],"War Paint":["Coolheaded","Conserve Battery"],"Sozu":7,"Blood Vial":6,"SsserpentHead":600,"Emotion Chip":[28,6,6,16,0],"Bronze Scales":[213],"Tiny Chest":2,"obtain_stats":[{"Happy Flower":41,"Eternal Feather":8,"Bag of Preparation":54,"Whetstone":53,"Orichalcum":21,"War Paint":26,"White Beast Statue":53,"Old Coin":48,"Sozu":17,"Du-Vu Doll":25,"Blood Vial":42,"SsserpentHead":2,"Frozen Eye":53,"Emotion Chip":39,"Strawberry":27,"Bronze Scales":31,"Tiny Chest":12,"WingedGreaves":28,"Coffee Dripper":34,"Bag of Marbles":43,"Cracked Core":0},{"Happy Flower":18,"Eternal Feather":6,"Bag of Preparation":24,"Whetstone":23,"Orichalcum":11,"War Paint":14,"White Beast Statue":23,"Old Coin":22,"Sozu":9,"Du-Vu Doll":14,"Blood Vial":19,"SsserpentHead":1,"Frozen Eye":23,"Emotion Chip":17,"Strawberry":14,"Bronze Scales":14,"Tiny Chest":8,"WingedGreaves":14,"Coffee Dripper":15,"Bag of Marbles":19,"Cracked Core":0},{"Happy Flower":72,"Eternal Feather":17,"Bag of Preparation":106,"Whetstone":100,"Orichalcum":39,"War Paint":50,"White Beast Statue":100,"Old Coin":92,"Sozu":32,"Du-Vu Doll":50,"Blood Vial":79,"SsserpentHead":2,"Frozen Eye":100,"Emotion Chip":65,"Strawberry":50,"Bronze Scales":50,"Tiny Chest":25,"WingedGreaves":50,"Coffee Dripper":56,"Bag of Marbles":79,"Cracked Core":0}]},"card_choices":[{"not_picked":["Streamline","Hello World"],"picked":"Sweeping Beam","floor":1},{"not_picked":["Reprogram","Rip and Tear"],"picked":"BootSequence","floor":3},{"not_picked":["Barrage","Heatsinks"],"picked":"Darkness","floor":4},{"not_picked":["Go for the Eyes","Redo"],"picked":"Darkness","floor":5},{"not_picked":["Stack","Sunder"],"picked":"Go for the Eyes","floor":7},{"not_picked":["Compile Driver","White Noise"],"picked":"Rebound","floor":8},{"not_picked":["Storm","Sweeping Beam"],"picked":"Coolheaded","floor":10},{"not_picked":["Fission","Scrape"],"picked":"Conserve Battery","floor":12},{"not_picked":["Biased Cognition","Creative AI"],"picked":"Echo Form","floor":16},{"not_picked":["Steam","Go for the Eyes+1"],"picked":"Redo+1","floor":18},{"not_picked":["Stack","Ball Lightning","Sweeping Beam"],"picked":"SKIP","floor":19},{"not_picked":["Steam","Doom and Gloom"],"picked":"Hologram+1","floor":22},{"not_picked":["Cold Snap","Streamline"],"picked":"Biased Cognition","floor":25},{"not_picked":["Rainbow","Creative AI"],"picked":"Buffer","floor":33},{"not_picked":["Auto Shields+1","Beam Cell"],"picked":"Capacitor","floor":35},{"not_picked":["Barrage","Gash+1"],"picked":"Coolheaded","floor":37},{"not_picked":["Rebound+1","Streamline","Hello World"],"picked":"SKIP","floor":41},{"not_picked":["Leap","Static Discharge","Ball Lightning"],"picked":"SKIP","floor":42},{"not_picked":["Violence","Madness"],"picked":"Thinking Ahead","floor":45},{"not_picked":["Stack","White Noise","Go for the Eyes+1"],"picked":"SKIP","floor":46},{"not_picked":["Double Energy+1","Static Discharge","Cold Snap"],"picked":"SKIP","floor":47},{"not_picked":["Heatsinks+1","Beam Cell+1"],"picked":"Aggregate+1","floor":54}],"player_experience":385255,"relics_obtained":[{"floor":8,"key":"Eternal Feather"},{"floor":12,"key":"Tiny Chest"},{"floor":21,"key":"Orichalcum"},{"floor":25,"key":"Du-Vu Doll"},{"floor":26,"key":"War Paint"},{"floor":39,"key":"Emotion Chip"},{"floor":41,"key":"Happy Flower"},{"floor":42,"key":"Blood Vial"},{"floor":43,"key":"Bag of Marbles"},{"floor":48,"key":"Old Coin"},{"floor":54,"key":"Bag of Preparation"}],"event_choices":[{"damage_healed":0,"gold_gain":0,"player_choice":"Trade","damage_taken":0,"relics_obtained":["SsserpentHead"],"max_hp_gain":0,"max_hp_loss":0,"event_name":"FaceTrader","floor":2,"gold_loss":0},{"damage_healed":0,"gold_gain":0,"player_choice":"Upgraded","damage_taken":0,"max_hp_gain":0,"max_hp_loss":0,"event_name":"Upgrade Shrine","floor":14,"gold_loss":0,"cards_upgraded":["Darkness"]},{"damage_healed":0,"gold_gain":0,"player_choice":"Simplicity","damage_taken":0,"max_hp_gain":0,"max_hp_loss":0,"event_name":"Back to Basics","floor":20,"gold_loss":0,"cards_upgraded":["Strike_B","Strike_B","Strike_B","Defend_B","Defend_B","Defend_B"]},{"damage_healed":0,"gold_gain":0,"player_choice":"Opened","damage_taken":0,"relics_obtained":["Bronze Scales"],"max_hp_gain":0,"max_hp_loss":0,"event_name":"The Mausoleum","floor":31,"gold_loss":0,"cards_obtained":["Writhe"]},{"damage_healed":0,"gold_gain":0,"player_choice":"Ignored","damage_taken":0,"max_hp_gain":0,"max_hp_loss":0,"event_name":"SecretPortal","floor":36,"gold_loss":0},{"damage_healed":0,"gold_gain":0,"player_choice":"Memory 3","damage_taken":10,"max_hp_gain":0,"max_hp_loss":0,"event_name":"SensoryStone","floor":45,"gold_loss":0},{"damage_healed":0,"gold_gain":0,"player_choice":"Fight","damage_taken":0,"max_hp_gain":0,"max_hp_loss":0,"event_name":"MindBloom","floor":48,"gold_loss":0}],"is_beta":false,"boss_relics":[{"not_picked":["Ectoplasm","Calling Bell"],"picked":"Sozu"},{"not_picked":["SlaversCollar","Pandora\u0027s Box"],"picked":"Coffee Dripper"}],"items_purged_floors":[38,53],"is_endless":false,"potions_floor_spawned":[5,7,8,10,19,22,23,33,35,46,47,54],"killed_by":"The Heart","ascension_level":8}}