{"host":"11zp07st0f8pfeo4","time":1612191517,"event":{"mods":["Ascension Reborn","BaseMod","Conspire","Minty Spire (QoL Compilation)","Replay The Spire","Shop Mod","StSLib","UnlockEverythingMod"],"gold_per_floor":[165,180,180,193,9,9,29,29,78,88,88,15,26,46,46,151,151,162,162,174,193,193,193],"floor_reached":22,"language":"ZHS","playtime":1627,"items_purged":[],"score":180,"play_id":"b0a8a6e7-a3eb-4290-989b-676fc19c86f3","local_time":"20210201225837","is_ascension_mode":true,"campfire_choices":[{"floor":6,"key":"RECALL"},{"data":"Blade Dance","floor":8,"key":"SMITH"},{"floor":15,"key":"REST"}],"circlet_count":0,"master_deck":["Strike_G+1","Strike_G+1","Strike_G+1","Strike_G+1","Strike_G+1","Defend_G+1","Defend_G+1","Defend_G+1","Defend_G+1","Defend_G+1","Survivor+1","Neutralize+1","Quick Slash","conspire:PoisonWeapons","Blade Dance+1","Toxin Wave","Prepared","Sucker Punch","Dagger Throw","ReplayTheSpireMod:Scrap Shanks","Poisoned Stab","Slice","Riddle With Holes","Dagger Spray","Dodge and Roll","Atom Bomb","ReplayTheSpireMod:Tripwire","Endless Agony","PiercingWail"],"relics":["Tiny House","Black Star"],"acts_visited":["Exordium","TheCity"],"potions_floor_usage":[16,16,21],"damage_taken":[{"damage":4,"enemies":"conspire:RoseBush","floor":1,"turns":3},{"damage":0,"enemies":"Jaw Worm","floor":2,"turns":3},{"damage":0,"enemies":"Cultist","floor":4,"turns":3},{"damage":5,"enemies":"Large Slime","floor":7,"turns":6},{"damage":10,"enemies":"Looter","floor":10,"turns":2},{"damage":2,"enemies":"2 Fungi Beasts","floor":13,"turns":3},{"damage":18,"enemies":"conspire:2 RoseBushes","floor":14,"turns":6},{"damage":38,"enemies":"Hexaghost","floor":16,"turns":11},{"damage":26,"enemies":"Shell Parasite","floor":18,"turns":8},{"damage":25,"enemies":"conspire:FuzzyDice","floor":20,"turns":6},{"damage":20,"enemies":"Centurion and Healer","floor":21,"turns":7},{"damage":8,"enemies":"Chosen and Byrds","floor":22,"turns":4}],"seed_played":"4594828298115461510","potions_obtained":[{"floor":0,"key":"Cursed Concoction"},{"floor":2,"key":"GamblersBrew"},{"floor":10,"key":"Elixir"},{"floor":13,"key":"SkillPotion"},{"floor":14,"key":"Ancient Potion"}],"is_trial":false,"path_per_floor":["M","M","?","M","$","R","M","R","T","M","?","$","M","M","R","B",null,"M","?","M","M","M"],"character_chosen":"THE_SILENT","items_purchased":["Prepared","Sucker Punch","Dagger Throw","ReplayTheSpireMod:Scrap Shanks","Riddle With Holes"],"campfire_rested":1,"item_purchase_floors":[5,5,5,5,12],"current_hp_per_floor":[71,71,71,71,71,71,66,66,66,56,56,56,54,36,58,20,75,49,49,24,4,0,0],"gold":193,"neow_bonus":"BOSS_RELIC","is_daily":false,"chose_seed":false,"campfire_upgraded":1,"win_rate":0.0,"timestamp":1612191517,"path_taken":["M","M","?","M","?","R","?","R","T","M","?","$","M","M","R","BOSS","M","?","M","M","M"],"items_purchased_type":["Card","Card","Card","Card","Card"],"build_version":"2020-12-22","purchased_purges":0,"victory":false,"max_hp_per_floor":[75,75,75,75,75,75,75,75,75,75,75,75,75,75,75,75,75,75,75,75,75,75,75],"card_choices":[{"not_picked":["Acrobatics","Underhanded Strike"],"picked":"Quick Slash","floor":0},{"not_picked":["Finisher","Bane"],"picked":"conspire:PoisonWeapons","floor":1},{"not_picked":["Backflip","Slice"],"picked":"Blade Dance","floor":2},{"not_picked":["Outmaneuver","Escape Plan"],"picked":"Toxin Wave","floor":4},{"not_picked":["Die Die Die","Bouncing Flask"],"picked":"Poisoned Stab","floor":7},{"not_picked":["Quick Slash","Poisoned Stab"],"picked":"Slice","floor":10},{"not_picked":["Flying Knee","Dodge and Roll"],"picked":"Dagger Spray","floor":13},{"not_picked":["Setup","conspire:PoisonWeapons"],"picked":"Dodge and Roll","floor":14},{"not_picked":["Venomology","Envenom"],"picked":"Atom Bomb","floor":16},{"not_picked":["Blur+1","conspire:PoisonWeapons"],"picked":"ReplayTheSpireMod:Tripwire","floor":18},{"not_picked":["Skewer","Cloak And Dagger"],"picked":"Endless Agony","floor":20},{"not_picked":["Sucker Punch","Flechettes"],"picked":"PiercingWail","floor":21}],"player_experience":348922,"relics_obtained":[],"event_choices":[{"damage_healed":0,"gold_gain":0,"player_choice":"Ignored","damage_taken":0,"max_hp_gain":0,"max_hp_loss":0,"event_name":"Purifier","floor":3,"gold_loss":0},{"damage_healed":0,"gold_gain":0,"player_choice":"Leave","damage_taken":0,"max_hp_gain":0,"max_hp_loss":0,"event_name":"conspire:Investor","floor":11,"gold_loss":0},{"damage_healed":0,"gold_gain":0,"player_choice":"Ignored","damage_taken":0,"max_hp_gain":0,"max_hp_loss":0,"event_name":"Vampires","floor":19,"gold_loss":0}],"is_beta":false,"boss_relics":[{"not_picked":["SacredBark","Astrolabe"],"picked":"Black Star"}],"items_purged_floors":[],"is_endless":false,"potions_floor_spawned":[2,10,13,14],"killed_by":"Chosen and Byrds","ascension_level":0}}