{"host":"j00kb0hny0pcox9b","time":1612163015,"event":{"mods":["AchievementEnabler","BaseMod","Colored Map","Minty Spire (QoL Compilation)","StSLib"],"gold_per_floor":[214,214,51,124,77,77,104,4,4,4,14,39,39,56,56,161,161,171,171,100,120,133,133,167,167,191,191,191],"floor_reached":27,"language":"ENG","playtime":1013,"items_purged":["Strike_R","Strike_R"],"score":261,"play_id":"65ece6f1-d1bb-476b-b1ac-bb950ec55f93","local_time":"20210201000335","is_ascension_mode":true,"campfire_choices":[{"data":"Clothesline","floor":6,"key":"SMITH"},{"floor":10,"key":"REST"},{"floor":15,"key":"REST"},{"data":"Iron Wave","floor":23,"key":"SMITH"},{"floor":25,"key":"REST"}],"circlet_count":0,"master_deck":["Strike_R+1","Strike_R+1","Defend_R","Defend_R","Bash+1","Whirlwind+1","Clothesline+1","Headbutt","Inflame","Anger","Immolate","Warcry+1","Reaper+1","Armaments+1","Clash","Feed","Flex","Iron Wave+1","Rage"],"relics":["Burning Blood","Sundial","Whetstone","Matryoshka","Pantograph","Kunai","Astrolabe","Champion Belt","Smiling Mask","Molten Egg 2"],"acts_visited":["Exordium","TheCity"],"potions_floor_usage":[24,24],"damage_taken":[{"damage":9,"enemies":"Small Slimes","floor":1,"turns":4},{"damage":35,"enemies":"Lagavulin","floor":7,"turns":8},{"damage":4,"enemies":"Jaw Worm","floor":11,"turns":3},{"damage":26,"enemies":"3 Sentries","floor":12,"turns":6},{"damage":0,"enemies":"2 Louse","floor":14,"turns":1},{"damage":55,"enemies":"The Guardian","floor":16,"turns":9},{"damage":7,"enemies":"Chosen","floor":18,"turns":4},{"damage":16,"enemies":"Shell Parasite","floor":21,"turns":4},{"damage":0,"enemies":"3 Cultists","floor":22,"turns":2},{"damage":71,"enemies":"Slavers","floor":24,"turns":6},{"damage":45,"enemies":"Book of Stabbing","floor":27,"turns":5}],"seed_played":"-3349734873136587615","potions_obtained":[{"floor":7,"key":"GamblersBrew"},{"floor":16,"key":"Ancient Potion"},{"floor":21,"key":"EssenceOfSteel"}],"is_trial":false,"path_per_floor":["M","?","$","?","?","R","E","$","T","R","M","E","T","M","R","B",null,"M","?","$","M","M","R","E","R","T","E"],"character_chosen":"IRONCLAD","items_purchased":["Whirlwind","Clothesline","Feed"],"campfire_rested":3,"item_purchase_floors":[3,3,20],"current_hp_per_floor":[77,61,61,61,61,61,32,32,32,56,58,38,38,44,68,31,80,80,80,80,70,76,76,20,44,44,0,0],"gold":191,"neow_bonus":"HUNDRED_GOLD","is_daily":false,"chose_seed":false,"campfire_upgraded":2,"win_rate":0.0,"timestamp":1612163015,"path_taken":["M","?","$","?","?","R","E","$","T","R","M","E","?","M","R","BOSS","M","?","$","M","M","R","E","R","T","E"],"items_purchased_type":["Card","Card","Card"],"build_version":"2020-12-22","purchased_purges":2,"victory":false,"max_hp_per_floor":[80,80,80,80,80,80,80,80,80,80,80,80,80,80,80,80,80,80,80,80,80,80,80,83,83,83,83,83],"card_choices":[{"not_picked":["Havoc","Wild Strike"],"picked":"Twin Strike","floor":1},{"not_picked":["Combust","Reckless Charge"],"picked":"Headbutt","floor":7},{"not_picked":["Rupture","Thunderclap"],"picked":"Inflame","floor":11},{"not_picked":["Burning Pact","Exhume","Thunderclap"],"picked":"SKIP","floor":12},{"not_picked":["Burning Pact","Power Through"],"picked":"Anger","floor":14},{"not_picked":["Corruption","Impervious"],"picked":"Immolate","floor":16},{"not_picked":["Dark Embrace","Entrench+1"],"picked":"Clash","floor":18},{"not_picked":["Sword Boomerang","Havoc"],"picked":"Flex","floor":21},{"not_picked":["Sword Boomerang","Wild Strike"],"picked":"Iron Wave","floor":22},{"not_picked":["Intimidate","Spot Weakness+1"],"picked":"Rage","floor":24}],"player_experience":279624,"relics_obtained":[{"floor":7,"key":"Sundial"},{"floor":9,"key":"Whetstone"},{"floor":12,"key":"Matryoshka"},{"floor":13,"key":"Pantograph"},{"floor":13,"key":"Kunai"},{"floor":24,"key":"Champion Belt"},{"floor":26,"key":"Smiling Mask"},{"floor":26,"key":"Molten Egg 2"}],"event_choices":[{"damage_healed":0,"gold_gain":0,"player_choice":"Entered Light","damage_taken":16,"max_hp_gain":0,"max_hp_loss":0,"event_name":"Shining Light","floor":2,"gold_loss":0,"cards_upgraded":["Strike_R","Strike_R"]},{"damage_healed":0,"gold_gain":73,"player_choice":"Gained Gold","damage_taken":0,"max_hp_gain":0,"max_hp_loss":0,"event_name":"Golden Wing","floor":4,"gold_loss":0},{"damage_healed":0,"gold_gain":0,"player_choice":"Left Gold","damage_taken":0,"max_hp_gain":0,"max_hp_loss":0,"event_name":"World of Goop","floor":5,"gold_loss":47},{"cards_removed":["Strike_R"],"damage_healed":0,"gold_gain":0,"player_choice":"Purged","damage_taken":0,"max_hp_gain":0,"max_hp_loss":0,"event_name":"Purifier","floor":19,"gold_loss":0}],"is_beta":false,"boss_relics":[{"not_picked":["Philosopher\u0027s Stone","SacredBark"],"picked":"Astrolabe"}],"items_purged_floors":[3,8],"is_endless":false,"potions_floor_spawned":[7,16,21],"killed_by":"Book of Stabbing","ascension_level":2}}