{"host":"utqe55yv0jihe4d6","time":1612219682,"event":{"mods":["2.2 Compatiblity","AchievementEnabler","BaseMod","Block Reminder","Colored Map","Colored Powertips","Minty Spire (QoL Compilation)","Quick Restart","Rare Cards Sparkle","Relic Stats","SuperFastMode"],"gold_per_floor":[112,127,127,127,142,142,155,182,206,206,206,206,234,234,234,234,234],"floor_reached":16,"language":"ENG","playtime":593,"items_purged":[],"score":216,"play_id":"9d9c435b-f682-4f8d-957c-7fe5bd0e1070","local_time":"20210201174802","is_ascension_mode":true,"campfire_choices":[{"floor":6.0,"key":"DIG"},{"floor":10.0,"key":"REST"},{"floor":15,"key":"REST"}],"circlet_count":0,"master_deck":["AscendersBane","Strike_P","Strike_P","Strike_P","Strike_P","Defend_P","Defend_P","Defend_P","Defend_P","Eruption","Vigilance","Crescendo","TalkToTheHand+1","Wireheading+1","ForeignInfluence","Consecrate+1","Wish"],"relics":["PureWater","Shovel","Vajra","Omamori","Blood Vial","Toy Ornithopter"],"acts_visited":["Exordium"],"potions_floor_usage":[13,16],"damage_taken":[{"damage":7.0,"enemies":"Jaw Worm","floor":1.0,"turns":4.0},{"damage":0.0,"enemies":"2 Louse","floor":2.0,"turns":3.0},{"damage":0.0,"enemies":"Cultist","floor":5.0,"turns":3.0},{"damage":16.0,"enemies":"Exordium Thugs","floor":7.0,"turns":6.0},{"damage":15.0,"enemies":"Gremlin Nob","floor":8.0,"turns":3.0},{"damage":24,"enemies":"3 Sentries","floor":13,"turns":10},{"damage":31,"enemies":"Hexaghost","floor":16,"turns":9}],"seed_played":"2101291446006821160","potions_obtained":[{"floor":5.0,"key":"DistilledChaos"},{"floor":7.0,"key":"ColorlessPotion"},{"floor":8.0,"key":"LiquidMemories"}],"is_trial":false,"path_per_floor":["M","M","?","?","M","R","M","E","T","R","T","?","E","?","R","B"],"character_chosen":"WATCHER","items_purchased":[],"campfire_rested":2,"item_purchase_floors":[],"current_hp_per_floor":[54,54,54,54,54,54,38,23,23,43,43,43,21,1,21,0,0],"gold":234,"neow_bonus":"ONE_RARE_RELIC","is_daily":false,"chose_seed":false,"campfire_upgraded":0,"win_rate":0.0,"timestamp":1612219682,"path_taken":["M","M","?","?","M","R","?","E","T","R","?","?","E","?","R","BOSS"],"items_purchased_type":[],"build_version":"2020-12-22","purchased_purges":0,"victory":false,"max_hp_per_floor":[68,68,68,68,68,68,68,68,68,68,68,68,68,68,68,68,68],"relic_stats":{"Blood Vial":4,"Shovel":1,"counters":[7,38],"obtain_stats":[{"Blood Vial":9,"Shovel":0,"Vajra":6,"Omamori":8,"PureWater":0,"Toy Ornithopter":13},{"Blood Vial":5,"Shovel":0,"Vajra":3,"Omamori":5,"PureWater":0,"Toy Ornithopter":6},{"Blood Vial":19,"Shovel":0,"Vajra":10,"Omamori":19,"PureWater":0,"Toy Ornithopter":29}],"Toy Ornithopter":5},"card_choices":[{"not_picked":["EmptyBody","Swivel"],"picked":"Crescendo","floor":1.0},{"not_picked":["Nirvana","Protect"],"picked":"TalkToTheHand","floor":2.0},{"not_picked":["Halt","Vengeance"],"picked":"Wireheading","floor":5.0},{"not_picked":["Indignation","WaveOfTheHand"],"picked":"ForeignInfluence","floor":7.0},{"not_picked":["JustLucky","BattleHymn"],"picked":"Consecrate","floor":8.0},{"not_picked":["ForeignInfluence","Conclude"],"picked":"Wish","floor":13}],"player_experience":2977383,"relics_obtained":[{"floor":6.0,"key":"Vajra"},{"floor":8.0,"key":"Omamori"},{"floor":9.0,"key":"Blood Vial"},{"floor":13,"key":"Toy Ornithopter"}],"event_choices":[{"damage_healed":0.0,"max_hp_gain":0.0,"max_hp_loss":0.0,"gold_gain":0.0,"event_name":"Living Wall","player_choice":"Grow","floor":3.0,"gold_loss":0.0,"damage_taken":0.0,"cards_upgraded":["TalkToTheHand"]},{"cards_removed":["Normality"],"damage_healed":0.0,"max_hp_gain":0.0,"max_hp_loss":0.0,"gold_gain":0.0,"event_name":"Wheel of Change","player_choice":"Card Removal","floor":4.0,"gold_loss":0.0,"damage_taken":0.0},{"damage_healed":0,"gold_gain":0,"player_choice":"Ignored","damage_taken":0,"max_hp_gain":0,"max_hp_loss":0,"event_name":"Liars Game","floor":12,"gold_loss":0},{"damage_healed":0,"gold_gain":0,"player_choice":"Entered Light","damage_taken":20,"max_hp_gain":0,"max_hp_loss":0,"event_name":"Shining Light","floor":14,"gold_loss":0,"cards_upgraded":["Wireheading","Consecrate"]}],"is_beta":false,"boss_relics":[],"items_purged_floors":[],"is_endless":false,"potions_floor_spawned":[5,7,8],"killed_by":"Hexaghost","ascension_level":20}}