{"host":"pesfwaef25r60kxm","time":1612195291,"event":{"mods":["ATMod(阿瑾Mod)","Act Like it!","Arknights","BaseMod","Colored Powertips","Downfall","Gensokyo","Minty Spire (QoL Compilation)","Pale of the Ancients","Replay The Spire","RumiaBox-露米娅的神秘盒子","Shop Mod","Spicy Shops","StSLib","Waifu the Spire","WarShipGirlsR/战舰少女R mod","[IsaacMod]以撒尖塔","noobMod","【功能Mod】聪明的最终Boss","【遗物卡牌】REMEMod"],"gold_per_floor":[99,117,134,152,152,180,180,180,194,1,34,34,60,94,122,232,232,292,316,338,338,108,108,188,33,33,33,61,91,121,121,140,446,446,514,575,670,706,706,735,735,770,70,426,107,216,216,241,302,751,751],"floor_reached":50,"language":"ZHS","playtime":1528,"items_purged":[],"score":2502,"play_id":"73c0acf7-b922-4716-87de-5308bf25aff1","local_time":"20210202000131","daily_mods":["SealedDeck","Hoarder","Vintage","Heirloom","Time Dilation","Flight"],"is_ascension_mode":true,"campfire_choices":[{"floor":1,"key":"DIG"}],"circlet_count":0,"master_deck":["AT_FamilyPortrait","AT_FamilyPortrait","AT_FamilyPortrait","ats:Thermite Blade","ats:Thermite Blade","ats:Thermite Blade","ats:Very Hot Blade","ats:Very Hot Blade","ats:Very Hot Blade","ats:Very Hot Blade","ats:Very Hot Blade","ats:Blood Oath","ats:Blood Oath","ats:Blood Oath","ats:Cat Scratch","ats:Cat Scratch","ats:Cat Scratch","ats:Overload","ats:Overload","ats:Overload","ats:Flexible Camouflage","ats:Flexible Camouflage","ats:Flexible Camouflage","ats:Powerful Strike","ats:Powerful Strike","ats:Powerful Strike","ats:Curse Doll","ats:Curse Doll","ats:Powerful Strike","ats:Powerful Strike","ats:Powerful Strike","Die Die Die","Die Die Die","Die Die Die","ats:Rat Pack","ats:Rat Pack","ats:Rat Pack","ats:Dogmatic Field","ats:Dogmatic Field","ats:Dogmatic Field","ats:Calcification","ats:Calcification","ats:Calcification","ats:True Silver Slash+1","ats:True Silver Slash+1","ats:True Silver Slash+1","ats:Volcano+1","ats:Volcano+1","ats:Volcano+1","ats:Ambush","ats:Ambush","ats:Ambush","ats:Magnetic Hammer+1","ats:Magnetic Hammer+1","ats:Magnetic Hammer+1","ats:Durian","ats:Durian","ats:Durian","Looming Evil","Looming Evil","Looming Evil","Gensokyo:Shovel","Gensokyo:Shovel","Gensokyo:Shovel","Gensokyo:RustyChest","Gensokyo:RustyChest","Gensokyo:BlemishedSteel","Gensokyo:BlemishedSteel","Gensokyo:BlemishedSteel","ats:Volcano+1","ats:Volcano+1","ats:Volcano+1","ats:Explosion Area Strengthen+1","ats:Explosion Area Strengthen+1","ats:Explosion Area Strengthen+1","ats:Shadow Assault+1","ats:Shadow Assault+1","ats:Shadow Assault+1","Amnesia","Amnesia","Amnesia","ats:Rat Pack","ats:Rat Pack","ats:Rat Pack"],"relics":["ats:Sanity","HushsDoor","ice","REME_ComplimentaryCards","AT_ATBox","Du-Vu Doll","Kunai","MoneyPower","AT_ArcaneBoots","Toy Ornithopter","TuHaoJin","Gensokyo:Justice","ats:Originium","ReplayTheSpireMod:TigerMarble","hexamod:BolsterEngine","REME_PuzzleBoxRelic","Molten Egg 2","Guardian:PocketSentry","Replay:Multitool","Tiny Chest","AT_BladeRuinedKing","Replay:Mystery Machine","Replay:Bandana","InkBottle","PreservedInsect","AT_TrinityForce","GuppysPaw","GnawedLeaf","Replay:Baseball","The Courier","GodSword5","Akabeko","ats:Arts","ats:Defend","Juzu Bracelet","Bag of Marbles","Ring of Fangs","ReplayTheSpireMod:Ring of Challenge","Chameleon Ring","AT_BellowingDragoncrestRing","Blue Doll","PillsDrop","MoreBug","TheBean","ChampionBelt","GuppysHairball","Gambling Chip","BookofShadows","SSSystem","ReplayTheSpireMod:Ring of Collecting","Ring of Peace","ReplayTheSpireMod:Lightbulb","Ring of Fury","ZombieArmy","MagicDraw1","DoctorsRemote","ats:Ability Aura","Quantum Egg","Lantern","AT_MibuBalloonWealth","Bronze Scales","Slimebound:StickyStick","ats:Cure","ats:Spiritual Recovery","AT_TimeSand","Ring of Searing","ats:Hidden Killer","Orichalcum","Diplopia","D4"],"acts_visited":["Exordium","Gensokyo:Gensokyo","TheBeyond"],"potions_floor_usage":[6],"damage_taken":[{"damage":0,"enemies":"Gensokyo:Python","floor":2,"turns":2},{"damage":0,"enemies":"Gensokyo:3_Fairies","floor":3,"turns":4},{"damage":0,"enemies":"Gensokyo:Gryphon","floor":4,"turns":1},{"damage":0,"enemies":"Gensokyo:Mamizou","floor":6,"turns":5},{"damage":3,"enemies":"Gensokyo:VengefulSpirit","floor":9,"turns":1},{"damage":96,"enemies":"Gensokyo:Cirno","floor":11,"turns":7},{"damage":10,"enemies":"Gensokyo:Mamizou","floor":13,"turns":3},{"damage":0,"enemies":"Gensokyo:Cirno","floor":14,"turns":5},{"damage":0,"enemies":"Gensokyo:Kitsune","floor":15,"turns":1},{"damage":0,"enemies":"WA_ARCHETYPE_RETAIN","floor":16,"turns":2},{"damage":7,"enemies":"Hiden Room Battle","floor":18,"turns":2},{"damage":0,"enemies":"Gensokyo:AngelMirror","floor":19,"turns":1},{"damage":0,"enemies":"Gensokyo:CosmicMonolith","floor":20,"turns":1},{"damage":0,"enemies":"downfall:FleeingMerchant","floor":22,"turns":2},{"damage":0,"enemies":"Gensokyo:Koishi","floor":28,"turns":1},{"damage":3,"enemies":"Gensokyo:Reisen","floor":29,"turns":1},{"damage":5,"enemies":"Gensokyo:Tenshi","floor":30,"turns":1},{"damage":0,"enemies":"Gensokyo:Slime_Group","floor":32,"turns":1},{"damage":0,"enemies":"DF_ARCHETYPE_CLAW","floor":33,"turns":4},{"damage":33,"enemies":"Reptomancer","floor":36,"turns":4},{"damage":0,"enemies":"R_Hoarder","floor":38,"turns":1},{"damage":3,"enemies":"Nemesis","floor":40,"turns":1},{"damage":0,"enemies":"R_Hoarder","floor":42,"turns":3},{"damage":0,"enemies":"Nemesis","floor":44,"turns":2},{"damage":0,"enemies":"Reptomancer","floor":46,"turns":1},{"damage":0,"enemies":"R_Hoarder","floor":49,"turns":1},{"damage":6,"enemies":"IC_BLOCK_ARCHETYPE","floor":50,"turns":3}],"seed_played":"-1855467411830025156","potions_obtained":[{"floor":3,"key":"Explosive Potion"},{"floor":4,"key":"ats:Top Emergency Sanity Potion"},{"floor":11,"key":"Strength Potion"},{"floor":14,"key":"GamblersBrew"},{"floor":16,"key":"Fire Potion"}],"is_trial":true,"path_per_floor":["R","M","M","M","?","E","T","T","M","COS","E","?","E","E","M","B",null,"R","M","M","?","$","R","T","COS","?","?","E","E","E","T","M","B",null,"R","M","?","M","?","E","T","E","$","E","$","E","?","T","M","B"],"character_chosen":"DOCTOR_CLASS","items_purchased":["GuppysPaw","ats:Volcano+1","Akabeko","ats:Arts","ats:Defend","Juzu Bracelet","Bag of Marbles","GuppysHairball","DoctorsRemote","ats:Ability Aura","Quantum Egg","Lantern","AT_MibuBalloonWealth","Slimebound:StickyStick","ats:Cure","ats:Spiritual Recovery"],"campfire_rested":0,"item_purchase_floors":[17,17,22,22,22,22,22,34,43,43,43,43,43,45,45,45],"current_hp_per_floor":[65,68,68,68,68,72,72,72,69,69,47,31,23,27,27,27,59,37,37,37,37,37,37,37,37,37,37,37,34,29,29,74,79,69,69,36,6,6,6,3,3,3,3,3,3,3,3,3,3,0,0],"gold":751,"neow_bonus":"","is_daily":false,"chose_seed":false,"campfire_upgraded":0,"win_rate":0.0,"timestamp":1612195291,"path_taken":["R","M","?","?","?","E","T","?","?","COS","E","?","E","E","M","BOSS","R","M","M","?","$","R","T","COS","?","?","E","E","E","?","M","BOSS","R","M","?","M","?","E","T","E","$","E","$","E","?","?","M","BOSS"],"items_purchased_type":["Relic","Card","Relic","Relic","Card","Relic","Relic","Relic","Relic","Relic","Relic","Relic","Relic","Relic","Relic","Relic"],"build_version":"2020-12-22","purchased_purges":0,"victory":false,"max_hp_per_floor":[72,72,72,72,72,72,72,72,72,72,81,81,82,85,85,83,70,71,71,71,71,71,71,71,71,71,71,71,71,71,71,74,79,69,69,75,75,75,75,75,75,77,77,77,77,77,77,77,77,78,78],"card_choices":[{"not_picked":["ats:Shell Defense","ats:Mental Burst","ats:Powerful Strike"],"picked":"SKIP","floor":6},{"not_picked":["ats:Revitalization","ats:Collapsing Strike+1"],"picked":"ats:Rat Pack","floor":11},{"not_picked":["ats:Rat Pack","ats:Durian"],"picked":"ats:Dogmatic Field","floor":13},{"not_picked":["ats:Fractured Body","ats:Nebulous Foxfire"],"picked":"ats:Calcification","floor":13},{"not_picked":["ats:Curse Doll","ats:Very Hot Blade+1","ats:Consecutive Shot Auto+1"],"picked":"SKIP","floor":13},{"not_picked":["ats:Blood Oath+1","ats:Flexible Camouflage","ats:Shell Defense"],"picked":"SKIP","floor":14},{"not_picked":["ats:Shadow Assault+1","ats:Volcano+1"],"picked":"ats:True Silver Slash+1","floor":16},{"not_picked":["ats:Shadow Assault","ats:Echo Reverb"],"picked":"ats:Ambush","floor":18},{"not_picked":["ats:Guard Mode","ats:Cat Scratch+1"],"picked":"ats:Magnetic Hammer+1","floor":18},{"not_picked":[],"picked":"ats:Durian","floor":21},{"not_picked":["ats:Dogmatic Field","ats:Poison Spread+1","ats:Cat Scratch+1"],"picked":"SKIP","floor":22},{"not_picked":["ats:Apocalypse","ats:Assault Order+1","ats:Demon Strength+1"],"picked":"SKIP","floor":28},{"not_picked":["ats:Assault Order","ats:Poison Spread+1"],"picked":"ats:Volcano+1","floor":29},{"not_picked":["ats:Mental Burst+1","ats:Neurotoxin"],"picked":"ats:Explosion Area Strengthen+1","floor":30},{"not_picked":["ats:Nebulous Foxfire","ats:True Silver Slash+1"],"picked":"ats:Shadow Assault+1","floor":33},{"not_picked":["ats:Closed Bolt Burst Fire+1","ats:Chain Hook+1","ats:Cat Scratch+1"],"picked":"SKIP","floor":36},{"not_picked":["ats:Sashimi Platter+1","ats:Revitalization","ats:Echo Reverb"],"picked":"SKIP","floor":38},{"not_picked":["ats:Guardian Obelisk","ats:Phantom","ats:Burning Ground"],"picked":"SKIP","floor":40},{"not_picked":["ats:Absolute Focus","ats:Hook Shot","ats:Song Of Battle"],"picked":"SKIP","floor":42},{"not_picked":["ats:Spore Proliferation","ats:Mental Burst+1","ats:Closed Bolt Burst Fire+1"],"picked":"SKIP","floor":44},{"not_picked":["ats:Revitalization","ats:Assault Order","ats:Absolute Focus"],"picked":"SKIP","floor":46},{"not_picked":["ats:Roar Of Ursus","ats:Flame Of Heaven","ats:Hammer On+1"],"picked":"SKIP","floor":49}],"player_experience":130651,"relics_obtained":[{"floor":1,"key":"Kunai"},{"floor":2,"key":"AT_SpeedBoots"},{"floor":3,"key":"Toy Ornithopter"},{"floor":4,"key":"TuHaoJin"},{"floor":6,"key":"ats:Originium"},{"floor":6,"key":"ReplayTheSpireMod:TigerMarble"},{"floor":7,"key":"hexamod:BolsterEngine"},{"floor":8,"key":"REME_PuzzleBoxRelic"},{"floor":9,"key":"Molten Egg 2"},{"floor":11,"key":"ats:Originium"},{"floor":11,"key":"Guardian:PocketSentry"},{"floor":13,"key":"ats:Originium"},{"floor":13,"key":"AT_BladeRuinedKing"},{"floor":14,"key":"ats:Originium"},{"floor":14,"key":"InkBottle"},{"floor":15,"key":"PreservedInsect"},{"floor":18,"key":"GnawedLeaf"},{"floor":18,"key":"Replay:Baseball"},{"floor":19,"key":"The Courier"},{"floor":20,"key":"GodSword5"},{"floor":23,"key":"Ring of Fangs"},{"floor":23,"key":"ReplayTheSpireMod:Ring of Challenge"},{"floor":24,"key":"Chameleon Ring"},{"floor":28,"key":"AT_BellowingDragoncrestRing"},{"floor":29,"key":"Blue Doll"},{"floor":30,"key":"PillsDrop"},{"floor":31,"key":"MoreBug"},{"floor":32,"key":"TheBean"},{"floor":36,"key":"BookofShadows"},{"floor":38,"key":"SSSystem"},{"floor":39,"key":"ReplayTheSpireMod:Ring of Collecting"},{"floor":39,"key":"Ring of Peace"},{"floor":40,"key":"ReplayTheSpireMod:Lightbulb"},{"floor":41,"key":"Ring of Fury"},{"floor":41,"key":"ZombieArmy"},{"floor":42,"key":"MagicDraw1"},{"floor":44,"key":"Bronze Scales"},{"floor":46,"key":"AT_TimeSand"},{"floor":48,"key":"Ring of Searing"},{"floor":48,"key":"ats:Hidden Killer"},{"floor":49,"key":"Orichalcum"}],"event_choices":[{"damage_healed":0,"gold_gain":0,"player_choice":"Fight","damage_taken":0,"max_hp_gain":0,"max_hp_loss":0,"event_name":"HidenRoomEvent","floor":18,"gold_loss":0}],"is_beta":false,"boss_relics":[{"not_picked":["Calling Bell","Replay:Drink Me"],"picked":"AT_TrinityForce"},{"not_picked":[]},{"not_picked":["bronze:MakeshiftBattery","sneckomod:SneckoTalon"],"picked":"ChampionBelt"},{"not_picked":[]}],"items_purged_floors":[],"is_endless":false,"potions_floor_spawned":[3,4,11,14,16,18,19,30,32,36,42,46,49],"killed_by":"IC_BLOCK_ARCHETYPE","ascension_level":20}}