{"host":"5x08nt64u3vxxcfi","time":1612170162,"event":{"mods":["BaseMod","Minty Spire (QoL Compilation)","StSLib","SuperFastMode"],"gold_per_floor":[109,125,125,145,163,163,191,191,191,222,187,222,222,237,237,237,237],"floor_reached":16,"language":"KOR","playtime":399,"items_purged":[],"score":175,"play_id":"c278f29d-b1c1-45a9-a504-70e8aa9c38c7","local_time":"20210201180242","is_ascension_mode":true,"campfire_choices":[{"data":"Uppercut","floor":8,"key":"SMITH"},{"data":"Entrench","floor":13,"key":"SMITH"},{"data":"Body Slam","floor":15,"key":"SMITH"}],"circlet_count":0,"master_deck":["Strike_R","Strike_R","Strike_R","Strike_R","Defend_R","Defend_R","Defend_R","Defend_R","Bash","Decay","Uppercut+1","Body Slam","Second Wind","Clothesline","Second Wind","Perfected Strike","Entrench+1","Body Slam+1","Headbutt"],"relics":["Burning Blood","Art of War","Singing Bowl","CaptainsWheel","Du-Vu Doll"],"acts_visited":["Exordium"],"potions_floor_usage":[16],"damage_taken":[{"damage":15,"enemies":"Cultist","floor":1,"turns":4},{"damage":10,"enemies":"Jaw Worm","floor":2,"turns":4},{"damage":8,"enemies":"2 Louse","floor":4,"turns":3},{"damage":14,"enemies":"Looter","floor":5,"turns":3},{"damage":25,"enemies":"Gremlin Nob","floor":7,"turns":5},{"damage":46,"enemies":"Lagavulin","floor":10,"turns":7},{"damage":12,"enemies":"Gremlin Nob","floor":12,"turns":5},{"damage":27,"enemies":"Large Slime","floor":14,"turns":9},{"damage":17,"enemies":"Hexaghost","floor":16,"turns":7}],"seed_played":"-7117696837005853908","potions_obtained":[{"floor":1,"key":"Strength Potion"},{"floor":2,"key":"SkillPotion"},{"floor":10,"key":"Swift Potion"}],"is_trial":false,"path_per_floor":["M","M","?","M","M","?","E","R","T","E","?","E","R","M","R","B"],"character_chosen":"IRONCLAD","items_purchased":[],"campfire_rested":0,"item_purchase_floors":[],"current_hp_per_floor":[87,83,83,81,73,78,59,59,59,19,44,38,38,17,17,0,0],"gold":237,"neow_bonus":"TWENTY_PERCENT_HP_BONUS","is_daily":false,"chose_seed":false,"campfire_upgraded":3,"win_rate":0.0,"timestamp":1612170162,"path_taken":["M","?","?","M","?","?","E","R","T","E","?","E","R","M","R","BOSS"],"items_purchased_type":[],"build_version":"2020-12-22","purchased_purges":0,"victory":false,"max_hp_per_floor":[96,96,96,96,96,101,101,101,101,101,101,101,101,101,101,101,101],"card_choices":[{"not_picked":["Pommel Strike","Reckless Charge"],"picked":"Uppercut","floor":1},{"not_picked":["Rage","Uppercut"],"picked":"Body Slam","floor":2},{"not_picked":["Clash","Flex"],"picked":"Clothesline","floor":4},{"not_picked":["Carnage","Shockwave"],"picked":"Second Wind","floor":5},{"not_picked":["Iron Wave","Rupture"],"picked":"Perfected Strike","floor":7},{"not_picked":["Limit Break","Combust"],"picked":"Entrench","floor":10},{"not_picked":["Pommel Strike","Clash"],"picked":"Body Slam","floor":12},{"not_picked":["Clothesline","Flex"],"picked":"Headbutt","floor":14}],"player_experience":126060,"relics_obtained":[{"floor":7,"key":"Art of War"},{"floor":9,"key":"Singing Bowl"},{"floor":10,"key":"CaptainsWheel"},{"floor":12,"key":"Du-Vu Doll"}],"event_choices":[{"damage_healed":0,"gold_gain":0,"cards_transformed":["Strike_R"],"player_choice":"Transformed","damage_taken":0,"max_hp_gain":0,"max_hp_loss":0,"event_name":"Transmorgrifier","floor":3,"gold_loss":0,"cards_obtained":["Second Wind"]},{"damage_healed":0,"gold_gain":0,"player_choice":"Donut","damage_taken":0,"max_hp_gain":5,"max_hp_loss":0,"event_name":"Big Fish","floor":6,"gold_loss":0},{"damage_healed":25,"gold_gain":0,"player_choice":"Healed","damage_taken":0,"max_hp_gain":0,"max_hp_loss":0,"event_name":"The Cleric","floor":11,"gold_loss":35}],"is_beta":false,"boss_relics":[],"items_purged_floors":[],"is_endless":false,"potions_floor_spawned":[1,2,10,14],"killed_by":"Hexaghost","ascension_level":5}}