{"host":"9jkzatiwan7o33sr","time":1612192805,"event":{"mods":["AchievementEnabler","Act Like it!","Aspiration","BaseMod","Colored Map","Colored Powertips","Conspire","Downfall","GifTheSpireLib","Hallownest","Hermit","Hubris","Infinite Spire","Jorbs\u0027s Wanderer Trilogy","Mad Scientist","Mimic Mod","Minty Spire (QoL Compilation)","Permanent Neow","Shade Mod","StSLib","Stuff the Spire","Td1madao Mod","The Bladedancer","The Bug Knight","The Cursed","The Forsaken","The Hierophant","The Jungle","The Mystic","The Necromancer","The Poker Player","The Servant 0.9.4","The Witch","[IsaacMod]????"],"gold_per_floor":[111,111,32,32,47,47,107,107,107,107,28,42,58,85,85,190,190,203,203,12,23,43,43,69,69,69,83,101,101,101,130,130,234,234,250,98,109,124,138,138,163,163,163,163,176,176,209,209,209,308,308,322,43,47,66,66,88,88,93,103,103,104,116,114,114,114,183,183,178,178,178,93,93,109,109,109,189,189,189,189],"floor_reached":79,"language":"ENG","playtime":6747,"items_purged":["Pain"],"score":1674,"play_id":"0089abf0-f406-4bba-b1f6-2104a3976e06","local_time":"20210201162005","is_ascension_mode":true,"campfire_choices":[{"data":"Toxic_Smoke_Screen","floor":6.0,"key":"SMITH"},{"floor":8.0,"key":"REST"},{"data":"Spectral_Walk","floor":10.0,"key":"SMITH"},{"data":"Bone_Prison","floor":15.0,"key":"SMITH"},{"floor":23.0,"key":"REST"},{"floor":30.0,"key":"REST"},{"floor":32.0,"key":"REST"},{"floor":40.0,"key":"REST"},{"floor":44.0,"key":"REST"},{"data":"Bones_to_Steel","floor":49.0,"key":"SMITH"},{"floor":58.0,"key":"REST"},{"data":"Bone_Armory","floor":61.0,"key":"SMITH"},{"data":"Cloudkill","floor":66.0,"key":"SMITH"},{"data":"Bone_Armor","floor":76.0,"key":"SMITH"},{"data":"Deaths_Shadow","floor":78.0,"key":"SMITH"}],"circlet_count":0,"master_deck":["Strike_W","Strike_W","Strike_W+1","Strike_W","Defend_W","Defend_W","Defend_W+1","Defend_W","Negative_Energy_Arrows","Bone_Wall+1","Bone_Armory+1","Toxic_Smoke_Screen+1","Death_Coil","Spectral_Walk+1","Bone_Armor+1","Summon_Lich","Bones_to_Steel+1","Summon_Lich","Bone_Prison+1","Summon_Death_Knight+1","Deaths_Shadow+1","Summon_Undead_Army+1","Negative_Energy_Shield","Plague_Bolt","Shackles_Of_Pain","Negative_Energy_Mist+1","Summon_Vampire_Lady+1","Toxic_Smoke_Screen","Cloudkill+1","Summon_Vampire_Lady+1","Summon_Lich+1","Grasp_Heart","Summon_Undead+1","Bone_Armor+1","Bone_Armor+1","Spectral_Armor","Vampiric_Strike+1","Toxic_Smoke_Screen","Summon_Death_Knight+1","Summon_Undead_Army+1","Vampiric_Strike","Stop_Heart","Spectral_Armor+1","Life_Drain","Bone_Armory+1","Summon_Death_Knight+1","Bones_to_Steel+1","Writhe","Doubt","Skeleton_Dragon+1","infinitespire:Fortify","Spectral_Walk+1","hubris:Sloth"],"relics":["Vampire_Amulet","HushsDoor","D6","Pen Nib","TheBible","Frozen Egg 2","conspire:SpecialSausage","WarpedTongs","Thread and Needle","Ancient Tea Set","GuppysTail","aspiration:Lifesprig","Cursed Key","Boot","Pear","Strawberry","hubris:ScarierMask","infinitespire:Bottled Soul","Odd Mushroom","theForsaken:Gavel","StuffTheSpire:ForceGauntlet","Eternal Feather","Astrolabe","hubris:BottledRain","theForsaken:Lifeblossom","TungstenRod","hubris:Reverence"],"acts_visited":["Exordium","TheCity","TheBeyond","Exordium","TheCity"],"potions_floor_usage":[],"damage_taken":[{"damage":7.0,"enemies":"Cultist","floor":1.0,"turns":6.0},{"damage":2.0,"enemies":"Jaw Worm","floor":5.0,"turns":4.0},{"damage":25.0,"enemies":"3 Sentries","floor":7.0,"turns":13.0},{"damage":0.0,"enemies":"2 Louse","floor":12.0,"turns":4.0},{"damage":13.0,"enemies":"Lots of Slimes","floor":13.0,"turns":4.0},{"damage":5.0,"enemies":"Lagavulin","floor":14.0,"turns":8.0},{"damage":27.0,"enemies":"Hexaghost","floor":16.0,"turns":13.0},{"damage":3.0,"enemies":"3 Byrds","floor":18.0,"turns":9.0},{"damage":18.0,"enemies":"Centurion and Healer","floor":21.0,"turns":7.0},{"damage":18.0,"enemies":"Snake Plant","floor":22.0,"turns":4.0},{"damage":30.0,"enemies":"Book of Stabbing","floor":24.0,"turns":7.0},{"damage":0.0,"enemies":"Snecko","floor":27.0,"turns":5.0},{"damage":0.0,"enemies":"Centurion and Healer","floor":28.0,"turns":7.0},{"damage":24.0,"enemies":"Nightmare","floor":31.0,"turns":8.0},{"damage":5.0,"enemies":"Automaton","floor":33.0,"turns":11.0},{"damage":4.0,"enemies":"Orb Walker","floor":35.0,"turns":4.0},{"damage":62.0,"enemies":"3 Darklings","floor":37.0,"turns":6.0},{"damage":9.0,"enemies":"Writhing Mass","floor":38.0,"turns":7.0},{"damage":13.0,"enemies":"4 Shapes","floor":39.0,"turns":5.0},{"damage":82.0,"enemies":"Giant Head","floor":41.0,"turns":10.0},{"damage":0.0,"enemies":"3 Darklings","floor":45.0,"turns":4.0},{"damage":0.0,"enemies":"HollowMod:StalkingDevout","floor":47.0,"turns":8.0},{"damage":32.0,"enemies":"Time Eater","floor":50.0,"turns":13.0},{"damage":0.0,"enemies":"2 Louse","floor":52.0,"turns":1.0},{"damage":2.0,"enemies":"Cultist","floor":54.0,"turns":4.0},{"damage":0.0,"enemies":"The Mushroom Lair","floor":55.0,"turns":3.0},{"damage":36.0,"enemies":"3 Sentries","floor":57.0,"turns":3.0},{"damage":0.0,"enemies":"Small Slimes","floor":59.0,"turns":2.0},{"damage":10.0,"enemies":"Blue Slaver","floor":60.0,"turns":9.0},{"damage":11.0,"enemies":"Blue Slaver","floor":62.0,"turns":4.0},{"damage":17.0,"enemies":"Gremlin Nob","floor":63.0,"turns":5.0},{"damage":0.0,"enemies":"Looter","floor":64.0,"turns":4.0},{"damage":0.0,"enemies":"Slime Boss","floor":67.0,"turns":9.0},{"damage":43.0,"enemies":"Chosen","floor":69.0,"turns":6.0},{"damage":68.0,"enemies":"Slavers","floor":74.0,"turns":5.0},{"damage":12.0,"enemies":"2 Thieves","floor":75.0,"turns":4.0},{"damage":0,"enemies":"Snake Plant","floor":79,"turns":1}],"seed_played":"2699157302731289191","potions_obtained":[{"floor":1.0,"key":"SpeedPotion"},{"floor":5.0,"key":"FearPotion"},{"floor":7.0,"key":"Energy Potion"},{"floor":13.0,"key":"champ:CounterPotion"},{"floor":14.0,"key":"Fruit Juice"},{"floor":21.0,"key":"BlessingOfTheForge"},{"floor":22.0,"key":"AttackPotion"},{"floor":27.0,"key":"EssenceOfSteel"},{"floor":28.0,"key":"GamblersBrew"},{"floor":38.0,"key":"Regen Potion"},{"floor":39.0,"key":"Block Potion"},{"floor":41.0,"key":"EssenceOfSteel"},{"floor":52.0,"key":"FearPotion"},{"floor":59.0,"key":"Block Potion"},{"floor":63.0,"key":"Block Potion"},{"floor":67.0,"key":"Block Potion"},{"floor":74.0,"key":"GamblersBrew"}],"is_trial":false,"path_per_floor":["M","?","$","?","M","R","E","R","T","R","$","M","M","E","R","B",null,"M","?","$","M","M","R","E","AVR","T","M","M","?","R","NM","R","B",null,"M","$","M","M","M","R","E","?","T","R","M","$","E","?","R","B",null,"M","$","M","?","?","E","R","M","MIM","R","M","E","M","?","R","B",null,"M","?","AVR","?","$","E","M","R","T","R","M"],"character_chosen":"NECROMANCER","items_purchased":["Toxic_Smoke_Screen","Death_Coil","Summon_Lich","Summon_Undead_Army+1","Negative_Energy_Shield","Summon_Lich+1","Grasp_Heart","infinitespire:Bottled Soul","Summon_Undead_Army+1","Skeleton_Dragon+1"],"campfire_rested":7,"item_purchase_floors":[3,3,11,20,20,36,36,53,53,68],"current_hp_per_floor":[63,48,48,48,48,48,29,51,51,51,51,55,52,54,54,29,67,70,70,70,56,40,64,36,36,36,38,53,38,63,59,84,85,85,83,83,40,33,34,59,27,27,37,65,76,76,102,102,102,102,102,102,102,102,102,102,73,102,102,102,102,99,90,92,92,102,102,98,77,77,77,77,77,31,30,60,60,90,90,90],"gold":189,"neow_bonus":"UPGRADE_CARD","is_daily":false,"chose_seed":false,"campfire_upgraded":8,"win_rate":0.0,"timestamp":1612192805,"path_taken":["M","?","$","?","M","R","E","R","T","R","$","M","M","E","R","BOSS","M","?","$","M","M","R","E","AVR","T","M","M","?","R","NM","R","BOSS","M","$","?","M","M","R","E","?","T","R","M","?","E","?","R","BOSS","M","$","M","?","?","E","R","M","MIM","R","M","E","M","?","R","BOSS","M","?","AVR","?","?","E","M","R","T","R","M"],"items_purchased_type":["Card","Card","Card","Card","Card","Card","Card","Relic","Card","Card"],"build_version":"2020-12-22","purchased_purges":1,"victory":false,"max_hp_per_floor":[75,75,75,75,75,75,75,75,75,75,75,75,75,80,80,80,80,80,80,80,80,80,80,80,80,80,80,80,85,85,85,85,85,85,85,85,85,85,85,85,85,85,95,95,95,95,102,102,102,102,102,102,102,102,102,102,102,102,102,102,102,102,102,102,102,102,102,98,98,98,98,98,98,98,98,98,98,98,98,98],"card_choices":[{"not_picked":["Bomb","Negative_Energy_Burst"],"picked":"Bone_Armory","floor":1.0},{"not_picked":["Consume_Illness","Negative_Energy_Shield"],"picked":"Spectral_Walk","floor":5.0},{"not_picked":["Blood_Is_Power","Shackles_Of_Pain"],"picked":"Bone_Armor","floor":7.0},{"not_picked":["Bone_Bullets","Blood_Shield"],"picked":"Bones_to_Steel","floor":12.0},{"not_picked":["Death_Coil","Shackles_Of_Pain"],"picked":"Summon_Lich","floor":13.0},{"not_picked":["Bone_Armor","Flesh_Made_Foul"],"picked":"Bone_Prison","floor":14.0},{"not_picked":["Hellfire","Reap_The_Weak"],"picked":"Summon_Death_Knight+1","floor":16.0},{"not_picked":["Shackles_Of_Pain","Epidemic"],"picked":"Deaths_Shadow","floor":18.0},{"not_picked":["Shackles_Of_Pain","Bone_Shift"],"picked":"Plague_Bolt","floor":21.0},{"not_picked":["Necromantic_Selection","Blood_Whip"],"picked":"Shackles_Of_Pain","floor":22.0},{"not_picked":["Shackles_Of_Pain","Death_March_Dance"],"picked":"Negative_Energy_Mist+1","floor":24.0},{"not_picked":["Scare+1","Toxic_Smoke_Screen+1"],"picked":"Summon_Vampire_Lady+1","floor":27.0},{"not_picked":["Negative_Energy_Mist","Negative_Energy_Shield"],"picked":"Toxic_Smoke_Screen","floor":28.0},{"not_picked":["Blood_Shield+1","Life_Tap"],"picked":"Cloudkill","floor":31.0},{"not_picked":["Grasp_Heart","Detonate_Bones"],"picked":"Summon_Vampire_Lady+1","floor":33.0},{"not_picked":["Blood_Is_Power","Finger_Of_Death"],"picked":"Negative_Energy_Javelin","floor":35.0},{"not_picked":["Death_Coil","Life_Tap+1"],"picked":"Summon_Undead","floor":37.0},{"not_picked":["Epidemic+1","Bones_to_Steel"],"picked":"Bone_Armor+1","floor":38.0},{"not_picked":["Bones_to_Steel+1","Bone_Spikes+1"],"picked":"Bone_Armor+1","floor":39.0},{"not_picked":["Uncharnel+1","Hellfire"],"picked":"Spectral_Armor","floor":41.0},{"not_picked":["Bone_Spikes+1","Blood_Whip+1"],"picked":"Vampiric_Strike+1","floor":45.0},{"not_picked":["Death_March_Dance+1","Death_Coil"],"picked":"Toxic_Smoke_Screen","floor":47.0},{"not_picked":["Blood_Magic+1","Negative_Energy_Bomb"],"picked":"Summon_Death_Knight+1","floor":50.0},{"not_picked":["Blood_Curse","Death_Knell","Negative_Energy_Sphere"],"picked":"SKIP","floor":52.0},{"not_picked":["Blood_for_Blood+1","Finger_Of_Death"],"picked":"Vampiric_Strike","floor":54.0},{"not_picked":["Bone_Spikes","Death_March_Dance"],"picked":"Stop_Heart","floor":55.0},{"not_picked":["Death_Knell","Exploit"],"picked":"Spectral_Armor","floor":57.0},{"not_picked":["Corrupt","Death_Coil"],"picked":"Life_Drain","floor":59.0},{"not_picked":["Blood_Whip","Life_Drain"],"picked":"Bone_Armory+1","floor":60.0},{"not_picked":["Thousand_Bone_Knives","Blood_Wake","Toxic_Smoke_Screen"],"picked":"SKIP","floor":62.0},{"not_picked":["Cloudkill","Blood_Is_Power","Death_March_Dance"],"picked":"SKIP","floor":63.0},{"not_picked":["Blood_Curse","Blood_Is_Power","Reap_The_Weak"],"picked":"SKIP","floor":64.0},{"not_picked":["Hellfire","Grasp_Heart"],"picked":"Summon_Death_Knight+1","floor":67.0},{"not_picked":["infinitespire:Oblivion","hubris:Rewind"],"picked":"infinitespire:Fortify","floor":68.0},{"not_picked":["Scare","Chill_Blood","Death_Knell"],"picked":"SKIP","floor":69.0},{"not_picked":["Bone_Spikes","Pandemic+1"],"picked":"Spectral_Walk+1","floor":74.0},{"not_picked":["Consume_Illness","Bone_Bullets","Negative_Energy_Mist"],"picked":"SKIP","floor":75.0}],"player_experience":620020,"relics_obtained":[{"floor":7.0,"key":"Pen Nib"},{"floor":9.0,"key":"TheBible"},{"floor":14.0,"key":"Frozen Egg 2"},{"floor":24.0,"key":"Thread and Needle"},{"floor":26.0,"key":"GuppysTail"},{"floor":31.0,"key":"aspiration:Lifesprig"},{"floor":41.0,"key":"Boot"},{"floor":43.0,"key":"Pear"},{"floor":47.0,"key":"Strawberry"},{"floor":55.0,"key":"Odd Mushroom"},{"floor":57.0,"key":"theForsaken:Gavel"},{"floor":60.0,"key":"StuffTheSpire:ForceGauntlet"},{"floor":63.0,"key":"Eternal Feather"},{"floor":74.0,"key":"TungstenRod"},{"floor":77.0,"key":"hubris:Reverence"}],"event_choices":[{"damage_healed":0.0,"max_hp_gain":0.0,"max_hp_loss":0.0,"gold_gain":0.0,"event_name":"Shining Light","player_choice":"Entered Light","floor":2.0,"gold_loss":0.0,"damage_taken":15.0,"cards_upgraded":["Defend_W","Strike_W"]},{"damage_healed":0.0,"max_hp_gain":0.0,"max_hp_loss":0.0,"gold_gain":0.0,"event_name":"Accursed Blacksmith","player_choice":"Rummage","floor":19.0,"gold_loss":0.0,"damage_taken":0.0,"relics_obtained":["WarpedTongs"],"cards_obtained":["Pain"]},{"damage_healed":0.0,"max_hp_gain":5.0,"max_hp_loss":0.0,"gold_gain":0.0,"event_name":"Forgotten Altar","player_choice":"Shed Blood","floor":29.0,"gold_loss":0.0,"damage_taken":20.0},{"damage_healed":0.0,"max_hp_gain":0.0,"max_hp_loss":0.0,"gold_gain":0.0,"event_name":"Mushrooms","player_choice":"Fought Mushrooms","floor":55.0,"gold_loss":0.0,"damage_taken":0.0},{"damage_healed":0.0,"max_hp_gain":0.0,"max_hp_loss":0.0,"gold_gain":0.0,"event_name":"The Cleric","player_choice":"Leave","floor":56.0,"gold_loss":0.0,"damage_taken":0.0},{"damage_healed":0.0,"max_hp_gain":0.0,"max_hp_loss":0.0,"gold_gain":0.0,"event_name":"Living Wall","player_choice":"Grow","floor":65.0,"gold_loss":0.0,"damage_taken":0.0,"cards_upgraded":["Spectral_Armor"]},{"damage_healed":0.0,"max_hp_gain":0.0,"max_hp_loss":0.0,"gold_gain":0.0,"event_name":"Cursed Tome","player_choice":"Ignored","floor":70.0,"gold_loss":0.0,"damage_taken":0.0},{"damage_healed":0.0,"max_hp_gain":0.0,"max_hp_loss":0.0,"gold_gain":0.0,"event_name":"Addict","player_choice":"Obtained Relic","floor":72.0,"gold_loss":85.0,"damage_taken":0.0,"relics_obtained":["theForsaken:Lifeblossom"]}],"is_beta":false,"boss_relics":[{"not_picked":["hubris:Backtick","Tiny House"],"picked":"conspire:SpecialSausage"},{"not_picked":[]},{"not_picked":["Black Star","StuffTheSpire:Kangaroo"],"picked":"Cursed Key"},{"not_picked":[]},{"not_picked":["StuffTheSpire:ModemDavis","SlaversCollar"],"picked":"hubris:ScarierMask"},{"not_picked":[]},{"not_picked":["infinitespire:Cupcake","theForsaken:PaleLantern"],"picked":"Astrolabe"},{"not_picked":[]}],"items_purged_floors":[20],"is_endless":true,"potions_floor_spawned":[1,5,7,13,14,21,22,27,28,38,39,41,52,59,62,63,67,69,74],"killed_by":"Snake Plant","ascension_level":6}}