{"host":"j1qceugmsvfpp1ru","time":1612171201,"event":{"mods":["2.2 Compatiblity","AchievementEnabler","Act Like it!","BaseMod","Bestiary","Better Altar","Better Third Choice","Block Reminder","Colored Map","Conspire","Downfall","Elementarium","Highlight Path","Hubris","Infinite Spire","Marked Mod","Menagerie","Minty Spire (QoL Compilation)","Replay The Spire","Retaliation","Shade Mod","Spicy Shops","StSLib","The Animator","Waifu the Spire"],"gold_per_floor":[99,99,99,99,99,99,99,99,99,22,49,63,63,81,99,197,197,97,111,111,111,111,122,145,165,185,202,6,6,25,106,126,225,225,125,139,158,173,186,186,212,245,245,245,245],"floor_reached":43,"language":"ENG","playtime":4819,"items_purged":["Delirium"],"score":508,"play_id":"f21970be-17ea-4726-97d4-9c5b0b28a537","local_time":"20210201182001","is_ascension_mode":false,"campfire_choices":[{"floor":1,"key":"RECALL"},{"floor":13,"key":"REST"},{"data":"champ:SkillfulDodge","floor":18,"key":"SMITH"},{"data":"Replay:Dark Deal","floor":29,"key":"SMITH"},{"data":"Trip","floor":35,"key":"SMITH"}],"circlet_count":0,"master_deck":["champ:Strike","champ:Strike","champ:Strike","champ:Defend","champ:Defend","champ:Defend","champ:Defend","champ:Execute","champ:Taunt","champ:Parry","infinitespire:FutureSight","champ:SetATrap","champ:RapidStrikes","champ:ShieldWall","champ:Shatter","champ:GladiatorStyle","champ:SkillfulDodge+1","champ:Duel","champ:MurderStrike","champ:AdrenalArmor","infinitespire:UltimateForm","infinitespire:SevenWalls","hubris:InfiniteBlow+3","champ:IronFortress+1","champ:ShieldWall+1","champ:Parry","champ:DefensiveShout","Pain","Replay:Dark Deal+1","Trip+1","Specialist","champ:GladiatorStyle","champ:Haymaker+1","champ:Improvising+1","champ:FlashCut+1","champ:BringItOn","champ:RisingSlash","Replay:SS_forest_2","expansioncontent:AwakenDeath","Replay:SS_forest_2"],"relics":["champ:ChampionCrown","downfall:HeartsMalice","hubris:KleinBottle","ClockworkSouvenir","Vajra","Menagerie:ShiftingBlessing","hubris:Towel","Ornamental Fan","Ring of Searing","infinitespire:BottledMercury","hubris:Stopwatch","downfall:HeartBlessingRed","Meat on the Bone","Gremlin Horn","White Beast Statue","Empty Cage","ReplayTheSpireMod:ShopPack","PreservedInsect","Golden Egg","SlaversCollar","downfall:HeartBlessingBlue","Strawberry","Replay:Baseball"],"acts_visited":["Menagerie:Menagerie","Elementarium:Elementarium","TheBeyond"],"potions_floor_usage":[16,26,27,28,33,33,33,43],"damage_taken":[{"damage":0,"enemies":"Menagerie:2_RABBITS","floor":2,"turns":1},{"damage":0,"enemies":"Menagerie:WhisperingWraith","floor":9,"turns":1},{"damage":0,"enemies":"downfall:FleeingMerchant","floor":10,"turns":1},{"damage":16,"enemies":"Menagerie:VoidReaper","floor":11,"turns":5},{"damage":5,"enemies":"Menagerie:MonstrousExperiment","floor":12,"turns":3},{"damage":6,"enemies":"Menagerie:KEEPER_AND_YOUNG_SUNEATER","floor":14,"turns":4},{"damage":5,"enemies":"Menagerie:Hexasnake","floor":15,"turns":3},{"damage":34,"enemies":"DF_ARCHETYPE_STREAMLINE","floor":16,"turns":6},{"damage":30,"enemies":"Elementarium:MUD_AND_TAR_GOLEMS","floor":19,"turns":4},{"damage":18,"enemies":"Elementarium:2_ELEMENTALS","floor":23,"turns":4},{"damage":20,"enemies":"Elementarium:STONE_GOLEMS","floor":25,"turns":4},{"damage":9,"enemies":"Elementarium:VoidBeast","floor":26,"turns":4},{"damage":16,"enemies":"Elementarium:3_ELEMENTALS","floor":27,"turns":3},{"damage":10,"enemies":"downfall:FleeingMerchant","floor":28,"turns":4},{"damage":1,"enemies":"Elementarium:RubyGolem","floor":30,"turns":3},{"damage":16,"enemies":"Elementarium:CYCLONE_AND_ORB_OF_FIRE","floor":32,"turns":5},{"damage":62,"enemies":"IC_MUSHROOM_ARCHETYPE","floor":33,"turns":8},{"damage":36,"enemies":"3 Darklings","floor":36,"turns":7},{"damage":22,"enemies":"Orb Walker","floor":37,"turns":4},{"damage":18,"enemies":"Spire Growth","floor":38,"turns":5},{"damage":3,"enemies":"Transient","floor":39,"turns":5},{"damage":11,"enemies":"R_Hoarder","floor":42,"turns":6},{"damage":63,"enemies":"3 Darklings","floor":43,"turns":4}],"seed_played":"4669470078395536864","potions_obtained":[{"floor":12,"key":"Strength Potion"},{"floor":14,"key":"champ:CounterPotion"},{"floor":15,"key":"Block Potion"},{"floor":16,"key":"Strength Potion"},{"floor":23,"key":"Doom Potion"},{"floor":26,"key":"Explosive Potion"},{"floor":27,"key":"Explosive Potion"},{"floor":28,"key":"Dexterity Potion"},{"floor":30,"key":"AttackPotion"},{"floor":33,"key":"SteroidPotion"},{"floor":36,"key":"champ:OpenerPotion"},{"floor":37,"key":"Death Potion"},{"floor":38,"key":"Adrenaline Potion"},{"floor":39,"key":"CultistPotion"}],"is_trial":false,"path_per_floor":["R","M","?","$","?","?","T","?","M","$","E","M","R","M","M","B",null,"R","M","?","$","AVR","M","T","M","M","M","$","R","M","T","M","B",null,"R","M","M","M","M","?","T","E","M"],"character_chosen":"THE_CHAMP","items_purchased":["hubris:KleinBottle","ClockworkSouvenir","Vajra","champ:ShieldWall","Meat on the Bone","Gremlin Horn","ReplayTheSpireMod:ShopPack","PreservedInsect"],"campfire_rested":1,"item_purchase_floors":[4,4,4,10,21,21,28,28],"current_hp_per_floor":[90,90,85,46,37,37,37,37,37,37,31,26,53,47,42,18,90,90,70,65,28,28,37,37,29,32,38,40,40,51,51,47,22,90,100,74,57,51,60,50,57,58,0,0,0],"gold":245,"neow_bonus":"THREE_ENEMY_KILL","is_daily":false,"chose_seed":false,"campfire_upgraded":3,"win_rate":0.0,"timestamp":1612171201,"path_taken":["R","M","?","?","?","?","T","?","M","$","E","M","R","M","M","BOSS","R","M","?","?","AVR","M","T","?","M","M","$","R","M","?","M","BOSS","R","M","M","M","M","?","T","E","M"],"items_purchased_type":["Relic","Relic","Relic","Card","Relic","Relic","Relic","Relic"],"build_version":"2020-12-22","purchased_purges":1,"victory":false,"max_hp_per_floor":[90,90,90,90,90,90,90,90,90,90,90,90,90,90,90,90,90,90,90,90,90,90,90,90,90,90,90,90,90,90,90,90,90,90,100,100,100,100,100,100,107,107,107,107,107],"card_choices":[{"not_picked":["champ:BladeFlurry","champ:Encircle"],"picked":"champ:Parry","floor":2},{"not_picked":["infinitespire:NeuralNetwork","hubris:Rewind"],"picked":"infinitespire:FutureSight","floor":4},{"not_picked":["champ:HeartStrike","champ:TornadoPunch"],"picked":"champ:SetATrap","floor":9},{"not_picked":["champ:FaceSlap","champ:EnragedBash"],"picked":"champ:RapidStrikes","floor":10},{"not_picked":["champ:EndlessRage","champ:Haymaker"],"picked":"champ:Shatter","floor":11},{"not_picked":["champ:DeathBlow","champ:Backstep"],"picked":"champ:GladiatorStyle","floor":12},{"not_picked":["champ:FanOfKnives","champ:DeathBlow"],"picked":"champ:SkillfulDodge","floor":14},{"not_picked":["champ:AdrenalArmor","champ:CrownThrow"],"picked":"champ:Duel","floor":15},{"not_picked":["champ:SwordThrow","champ:GladiatorForm"],"picked":"champ:MurderStrike","floor":16},{"not_picked":["champ:PreciseThrust","champ:TornadoPunch"],"picked":"champ:AdrenalArmor","floor":19},{"not_picked":["champ:FanOfKnives+1","champ:GladiatorStyle+1"],"picked":"champ:IronFortress+1","floor":23},{"not_picked":["champ:PreciseThrust","champ:EnGarde"],"picked":"champ:ShieldWall+1","floor":25},{"not_picked":["champ:RecklessLeap","champ:EnragedBash"],"picked":"champ:Parry","floor":26},{"not_picked":["champ:FlashCut","champ:Circumvent"],"picked":"champ:DefensiveShout","floor":27},{"not_picked":["champ:HeartStrike","champ:BerserkersShout","champ:FanOfKnives+1"],"picked":"SKIP","floor":28},{"not_picked":["The Bomb","ReplayTheSpireMod:Necrogeddon"],"picked":"Replay:Dark Deal","floor":28},{"not_picked":["HandOfGreed","Replay:Bootleg Shield Generator"],"picked":"Trip","floor":28},{"not_picked":["Master of Strategy","Replay:Sssssssssstrike"],"picked":"Specialist","floor":28},{"not_picked":["champ:GutPunch","champ:PerfectedStrike"],"picked":"champ:GladiatorStyle","floor":30},{"not_picked":["champ:EndlessRage","champ:ShieldSlam"],"picked":"champ:Haymaker+1","floor":32},{"not_picked":["champ:SwordThrow","champ:GladiatorForm"],"picked":"champ:Improvising","floor":33},{"not_picked":["champ:HeartStrike+1","champ:ArenaPreparation"],"picked":"champ:FlashCut+1","floor":36},{"not_picked":["champ:PreciseThrust","champ:Circumvent+1"],"picked":"champ:BringItOn","floor":37},{"not_picked":["champ:ShieldSlam+1","champ:Shatter+1"],"picked":"champ:RisingSlash","floor":38},{"not_picked":["champ:CrookedStrike","champ:RapidStrikes","champ:HeavySlash"],"picked":"SKIP","floor":39},{"not_picked":["expansioncontent:PolyBeam","expansioncontent:InvincibleStrength"],"picked":"Replay:SS_forest_2","floor":40},{"not_picked":["expansioncontent:HyperBeam","expansioncontent:YouAreMine"],"picked":"expansioncontent:AwakenDeath","floor":40},{"not_picked":["expansioncontent:HyperBeam","expansioncontent:GuardianWhirl"],"picked":"Replay:SS_forest_2","floor":40},{"not_picked":["champ:StanceDance+1","champ:Lariat","champ:FlashCut"],"picked":"SKIP","floor":42}],"player_experience":402315,"relics_obtained":[{"floor":7,"key":"Ornamental Fan"},{"floor":8,"key":"Ring of Searing"},{"floor":11,"key":"infinitespire:BottledMercury"},{"floor":31,"key":"Golden Egg"},{"floor":41,"key":"Strawberry"},{"floor":42,"key":"Replay:Baseball"}],"event_choices":[{"damage_healed":0,"gold_gain":0,"player_choice":"Touch","damage_taken":9,"relics_obtained":["Menagerie:ShiftingBlessing"],"max_hp_gain":0,"max_hp_loss":0,"event_name":"Menagerie:LunarGift","floor":5,"gold_loss":0}],"is_beta":false,"boss_relics":[{"not_picked":["hubris:VirtuousBlindfold","infinitespire:Cupcake"],"picked":"hubris:Stopwatch"},{"not_picked":["Abe\u0027s Treasure","Fusion Hammer"],"picked":"SlaversCollar"}],"items_purged_floors":[21],"is_endless":false,"potions_floor_spawned":[12,14,15,16,23,25,26,27,28,30,32,33,36,37,38,39,42],"killed_by":"3 Darklings","ascension_level":0}}