{"host":"d52brwsy6af8zvaq","time":1612143773,"event":{"mods":["AchievementEnabler","BaseMod","Bestiary","Highlight Path","Minty Spire (QoL Compilation)","Quick Restart","Relic Stats","ojb\u0027s Better Paths Mod"],"gold_per_floor":[117,61,71,84,98,128,128,144,168,194,194,210,210,210],"floor_reached":13,"language":"ENG","playtime":485,"items_purged":[],"score":194,"play_id":"3fc92fc2-0902-4a95-97e0-7afc61478099","local_time":"20210131184253","is_ascension_mode":true,"campfire_choices":[{"floor":7,"key":"REST"},{"floor":11,"key":"REST"}],"circlet_count":0,"master_deck":["AscendersBane","Strike_G","Strike_G","Strike_G","Strike_G","Strike_G","Defend_G","Defend_G","Defend_G","Defend_G","Defend_G","Survivor","Neutralize","Dash","Dagger Spray","Flying Knee","Skewer","Calculated Gamble","After Image","PiercingWail","Deadly Poison","Blade Dance"],"relics":["Ring of the Snake","Letter Opener","MealTicket","Snake Skull"],"acts_visited":["Exordium"],"potions_floor_usage":[6,6,10,13],"damage_taken":[{"damage":1.0,"enemies":"Small Slimes","floor":1.0,"turns":5.0},{"damage":0.0,"enemies":"2 Louse","floor":3.0,"turns":2.0},{"damage":0.0,"enemies":"Cultist","floor":4.0,"turns":4.0},{"damage":2.0,"enemies":"3 Louse","floor":5.0,"turns":3.0},{"damage":36,"enemies":"Gremlin Nob","floor":6,"turns":4},{"damage":4,"enemies":"Blue Slaver","floor":8,"turns":5},{"damage":19,"enemies":"3 Sentries","floor":10,"turns":9},{"damage":11,"enemies":"Red Slaver","floor":12,"turns":4},{"damage":33,"enemies":"Gremlin Nob","floor":13,"turns":3}],"seed_played":"-1253753806667023696","potions_obtained":[{"floor":1.0,"key":"Energy Potion"},{"floor":4.0,"key":"Energy Potion"},{"floor":5.0,"key":"CultistPotion"},{"floor":8,"key":"AttackPotion"},{"floor":10,"key":"Energy Potion"}],"is_trial":false,"path_per_floor":["M","$","M","M","M","E","R","M","T","E","R","M","E"],"character_chosen":"THE_SILENT","items_purchased":["Dagger Spray"],"campfire_rested":2,"item_purchase_floors":[2],"current_hp_per_floor":[55,55,55,55,53,17,40,36,36,17,40,29,0,0],"gold":210,"neow_bonus":"TWENTY_PERCENT_HP_BONUS","is_daily":false,"chose_seed":false,"campfire_upgraded":0,"win_rate":0.0,"timestamp":1612143773,"path_taken":["M","$","M","M","M","E","R","M","T","E","R","M","E"],"items_purchased_type":["Card"],"build_version":"2020-12-22","purchased_purges":0,"victory":false,"max_hp_per_floor":[78,78,78,78,78,78,78,78,78,78,78,78,78,78],"relic_stats":{"counters":[9,39],"MealTicket":0,"Snake Skull":[2],"Letter Opener":[5],"obtain_stats":[{"MealTicket":9,"Snake Skull":10,"Letter Opener":6,"Ring of the Snake":0},{"MealTicket":6,"Snake Skull":7,"Letter Opener":5,"Ring of the Snake":0},{"MealTicket":23,"Snake Skull":32,"Letter Opener":18,"Ring of the Snake":0}],"Ring of the Snake":[18]},"card_choices":[{"not_picked":["Underhanded Strike","Deflect"],"picked":"Dash","floor":1.0},{"not_picked":["Deflect","Backflip"],"picked":"Flying Knee","floor":3.0},{"not_picked":["Choke","Eviscerate"],"picked":"Skewer","floor":4.0},{"not_picked":["Heel Hook","Masterful Stab"],"picked":"Calculated Gamble","floor":5.0},{"not_picked":["Underhanded Strike","Bane"],"picked":"After Image","floor":6},{"not_picked":["Distraction","Dodge and Roll"],"picked":"PiercingWail","floor":8},{"not_picked":["Dash","Dodge and Roll"],"picked":"Deadly Poison","floor":10},{"not_picked":["Slice","Deflect"],"picked":"Blade Dance","floor":12}],"player_experience":2094041,"relics_obtained":[{"floor":6,"key":"Letter Opener"},{"floor":9,"key":"MealTicket"},{"floor":10,"key":"Snake Skull"}],"event_choices":[],"is_beta":false,"boss_relics":[],"items_purged_floors":[],"is_endless":false,"potions_floor_spawned":[1,4,5,8,10],"killed_by":"Gremlin Nob","ascension_level":20}}