{"host":"i8x3uekhioq8aaet","time":1612190245,"event":{"mods":["AchievementEnabler","BaseMod","Colored Map","Colored Powertips","DeckTracker","Minty Spire (QoL Compilation)","Relic Sorter"],"gold_per_floor":[110,210,229,240,240,240,11,21,21,21,21,52,72,72,72,167,167,185,285,55,55,75,75,95,95,95,95,95,95],"floor_reached":28,"language":"ZHT","playtime":1191,"items_purged":["Strike_B","Strike_B"],"score":281,"play_id":"4321ee91-bb78-4fd7-9c49-e0344db48e37","local_time":"20210201223725","is_ascension_mode":true,"campfire_choices":[{"floor":6,"key":"REST"},{"data":"Gash","floor":10,"key":"SMITH"},{"floor":15,"key":"REST"},{"floor":23,"key":"REST"},{"floor":25,"key":"REST"}],"circlet_count":0,"master_deck":["Strike_B","Strike_B","Defend_B","Defend_B","Defend_B","Defend_B+1","Zap","Dualcast+1","Leap","Hologram","Gash+1","Cold Snap","Ball Lightning","Glacier","Echo Form","Turbo","Reprogram","Pain","Undo+1","Leap"],"relics":["Cracked Core","Boot","HandDrill","Meat on the Bone","Shuriken","Fusion Hammer","WarpedTongs","Pantograph"],"acts_visited":["Exordium","TheCity"],"potions_floor_usage":[16,16,24],"damage_taken":[{"damage":8,"enemies":"Jaw Worm","floor":1,"turns":4},{"damage":1,"enemies":"Cultist","floor":3,"turns":3},{"damage":7,"enemies":"Small Slimes","floor":4,"turns":3},{"damage":5,"enemies":"3 Louse","floor":8,"turns":3},{"damage":24,"enemies":"Lagavulin","floor":12,"turns":6},{"damage":1,"enemies":"Red Slaver","floor":13,"turns":3},{"damage":15,"enemies":"Hexaghost","floor":16,"turns":9},{"damage":26,"enemies":"2 Thieves","floor":18,"turns":5},{"damage":17,"enemies":"Spheric Guardian","floor":22,"turns":4},{"damage":32,"enemies":"Snake Plant","floor":24,"turns":6},{"damage":63,"enemies":"Gremlin Leader","floor":28,"turns":6}],"seed_played":"-7133764287293960103","potions_obtained":[{"floor":3,"key":"ColorlessPotion"},{"floor":11,"key":"BlessingOfTheForge"},{"floor":11,"key":"SkillPotion"},{"floor":22,"key":"Weak Potion"},{"floor":24,"key":"SpeedPotion"}],"is_trial":false,"path_per_floor":["M","?","M","M","?","R","$","M","T","R","?","E","M","?","R","B",null,"M","?","$","?","M","R","M","R","T","$","E"],"character_chosen":"DEFECT","items_purchased":["HandDrill","PowerPotion","Reprogram"],"campfire_rested":4,"item_purchase_floors":[7,20,20],"current_hp_per_floor":[60,60,59,52,52,74,74,69,69,69,69,45,44,29,51,48,68,42,42,42,42,37,59,39,61,61,61,0,0],"gold":95,"neow_bonus":"RANDOM_COMMON_RELIC","is_daily":false,"chose_seed":false,"campfire_upgraded":1,"win_rate":0.0,"timestamp":1612190245,"path_taken":["M","?","?","M","?","R","$","M","T","R","?","E","?","?","R","BOSS","M","?","?","?","M","R","?","R","T","$","E"],"items_purchased_type":["Relic","Potion","Card"],"build_version":"2020-12-22","purchased_purges":2,"victory":false,"max_hp_per_floor":[75,75,75,75,75,75,75,75,75,75,75,75,75,75,75,75,75,75,75,75,75,75,75,75,75,75,75,75,75],"card_choices":[{"not_picked":["Reinforced Body","Compile Driver"],"picked":"Leap","floor":1},{"not_picked":["Beam Cell","Steam Power"],"picked":"Hologram","floor":3},{"not_picked":["Reinforced Body","BootSequence"],"picked":"Gash","floor":4},{"not_picked":["Sweeping Beam","Leap"],"picked":"Cold Snap","floor":8},{"not_picked":["Turbo","Heatsinks"],"picked":"Ball Lightning","floor":12},{"not_picked":["Hologram","Undo"],"picked":"Glacier","floor":13},{"not_picked":["Reboot","Amplify"],"picked":"Echo Form","floor":16},{"not_picked":["Beam Cell","Redo"],"picked":"Turbo","floor":18},{"not_picked":["White Noise","Sunder"],"picked":"Undo+1","floor":22},{"not_picked":["Double Energy","Sweeping Beam+1"],"picked":"Leap","floor":24}],"player_experience":314523,"relics_obtained":[{"floor":9,"key":"Meat on the Bone"},{"floor":12,"key":"Shuriken"},{"floor":26,"key":"Pantograph"}],"event_choices":[{"damage_healed":0,"gold_gain":100,"player_choice":"Pray","damage_taken":0,"max_hp_gain":0,"max_hp_loss":0,"event_name":"Golden Shrine","floor":2,"gold_loss":0},{"damage_healed":0,"gold_gain":0,"player_choice":"Ignored","damage_taken":0,"max_hp_gain":0,"max_hp_loss":0,"event_name":"Golden Wing","floor":5,"gold_loss":0},{"damage_healed":0,"gold_gain":0,"player_choice":"Got Potions","damage_taken":0,"max_hp_gain":0,"max_hp_loss":0,"event_name":"Lab","floor":11,"gold_loss":0},{"damage_healed":0,"gold_gain":0,"player_choice":"Entered Light","damage_taken":15,"max_hp_gain":0,"max_hp_loss":0,"event_name":"Shining Light","floor":14,"gold_loss":0,"cards_upgraded":["Dualcast","Defend_B"]},{"damage_healed":0,"gold_gain":100,"player_choice":"Pray","damage_taken":0,"max_hp_gain":0,"max_hp_loss":0,"event_name":"Golden Shrine","floor":19,"gold_loss":0},{"damage_healed":0,"gold_gain":0,"player_choice":"Rummage","damage_taken":0,"relics_obtained":["WarpedTongs"],"max_hp_gain":0,"max_hp_loss":0,"event_name":"Accursed Blacksmith","floor":21,"gold_loss":0,"cards_obtained":["Pain"]}],"is_beta":false,"boss_relics":[{"not_picked":["Snecko Eye","Ectoplasm"],"picked":"Fusion Hammer"}],"items_purged_floors":[7,20],"is_endless":false,"potions_floor_spawned":[3,13,22,24],"killed_by":"Gremlin Leader","ascension_level":6}}