{"host":"eaiphzh066bwqdh7","time":1612210692,"event":{"mods":["BaseMod","Better Note","Halation","Hubris","Minty Spire (QoL Compilation)","Reliquary","Replay The Spire","StSLib"],"gold_per_floor":[19,34,34,51,29,29,61,61,61,61,61,74,92,92,92,105,105,202,202,214,214,214,234,234,234,234,234],"floor_reached":26,"language":"ENG","playtime":874,"items_purged":[],"score":237,"play_id":"7aee9c49-5367-432f-932e-8ceb58b91f48","local_time":"20210201151812","is_ascension_mode":true,"campfire_choices":[{"floor":6,"key":"REST"},{"floor":10,"key":"REST"},{"floor":17,"key":"REST"},{"data":"Buffer","floor":25,"key":"SMITH"}],"circlet_count":0,"master_deck":["Strike_B","Strike_B","Strike_B","Strike_B","Defend_B","Defend_B","Defend_B+1","Defend_B","Zap","Dualcast","Gash+1","BootSequence","Redo","Gash","Hologram","Conserve Battery","Buffer+1","Redo+1"],"relics":["FrozenCore","Lizard Tail","Replay:Kaleidoscope","reliquary:RosewoodLute","GremlinMask"],"acts_visited":["Exordium","TheCity"],"potions_floor_usage":[7,18,18,26,26],"damage_taken":[{"damage":6,"enemies":"Cultist","floor":1,"turns":3},{"damage":15,"enemies":"2 Louse","floor":2,"turns":3},{"damage":2,"enemies":"Small Slimes","floor":4,"turns":3},{"damage":32,"enemies":"3 Sentries","floor":7,"turns":7},{"damage":7,"enemies":"Gremlin Gang","floor":12,"turns":3},{"damage":0,"enemies":"2 Fungi Beasts","floor":13,"turns":3},{"damage":2,"enemies":"Exordium Wildlife","floor":16,"turns":5},{"damage":51,"enemies":"The Guardian","floor":18,"turns":9},{"damage":8,"enemies":"Shell Parasite","floor":20,"turns":8},{"damage":10,"enemies":"Spheric Guardian","floor":23,"turns":8},{"damage":127,"enemies":"Gremlin Leader","floor":26,"turns":9}],"seed_played":"-2430365948797627406","potions_obtained":[{"floor":2,"key":"LiquidMemories"},{"floor":12,"key":"Strength Potion"},{"floor":13,"key":"DistilledChaos"},{"floor":18,"key":"PowerPotion"},{"floor":20,"key":"FearPotion"}],"is_trial":false,"path_per_floor":["M","M","?","M","$","R","E","$","T","R","?","M","M","PTL","PTL","M","R","B",null,"M","?","?","M","?","R","E"],"character_chosen":"DEFECT","items_purchased":["Gash"],"campfire_rested":3,"item_purchase_floors":[5],"current_hp_per_floor":[69,54,39,37,37,59,27,27,27,49,42,35,35,35,35,33,55,4,75,67,53,80,70,70,70,0,0],"gold":234,"neow_bonus":"ONE_RARE_RELIC","is_daily":false,"chose_seed":false,"campfire_upgraded":1,"win_rate":0.0,"timestamp":1612210692,"path_taken":["M","?","?","M","$","R","E","$","T","R","?","?","M","PTL","PTL","M","R","BOSS","M","?","?","?","?","R","E"],"items_purchased_type":["Card"],"build_version":"2020-12-22","purchased_purges":0,"victory":false,"max_hp_per_floor":[75,75,75,75,75,75,75,75,75,75,75,75,75,75,75,75,75,75,75,75,80,80,80,80,80,80,80],"card_choices":[{"not_picked":["Sweeping Beam","Rebound"],"picked":"Gash","floor":1},{"not_picked":["Coolheaded","Heatsinks"],"picked":"BootSequence","floor":2},{"not_picked":["Lockon","Hello World"],"picked":"Redo","floor":4},{"not_picked":["Steam","Cold Snap"],"picked":"Hologram","floor":7},{"not_picked":["Rebound","ReplaySort","Beam Cell"],"picked":"SKIP","floor":12},{"not_picked":["Coolheaded","Capacitor"],"picked":"Conserve Battery","floor":13},{"not_picked":["Compile Driver","hubris:Ukulele","Ball Lightning"],"picked":"SKIP","floor":16},{"not_picked":["hubris:DoWhile","Fission"],"picked":"Buffer","floor":18},{"not_picked":["Go for the Eyes","Darkness"],"picked":"Redo+1","floor":20},{"not_picked":["Panic Button","Compile Driver","Stack"],"picked":"SKIP","floor":23}],"player_experience":223668,"relics_obtained":[{"floor":7,"key":"Replay:Kaleidoscope"},{"floor":9,"key":"reliquary:RosewoodLute"}],"event_choices":[{"damage_healed":0,"gold_gain":0,"player_choice":"Entered Light","damage_taken":15,"max_hp_gain":0,"max_hp_loss":0,"event_name":"Shining Light","floor":3,"gold_loss":0,"cards_upgraded":["Gash","Defend_B"]},{"damage_healed":0,"gold_gain":0,"player_choice":"Damaged","damage_taken":7,"max_hp_gain":0,"max_hp_loss":0,"event_name":"Wheel of Change","floor":11,"gold_loss":0},{"damage_healed":0,"gold_gain":0,"player_choice":"Shed Blood","damage_taken":19,"max_hp_gain":5,"max_hp_loss":0,"event_name":"Forgotten Altar","floor":21,"gold_loss":0},{"damage_healed":27,"gold_gain":0,"player_choice":"Full Heal","damage_taken":0,"max_hp_gain":0,"max_hp_loss":0,"event_name":"Wheel of Change","floor":22,"gold_loss":0},{"damage_healed":0,"gold_gain":0,"player_choice":"Trade","damage_taken":0,"relics_obtained":["GremlinMask"],"max_hp_gain":0,"max_hp_loss":0,"event_name":"FaceTrader","floor":24,"gold_loss":0}],"is_beta":false,"boss_relics":[{"not_picked":["Replay:Drink Me","reliquary:WritOfMandamus"],"picked":"FrozenCore"}],"items_purged_floors":[],"is_endless":false,"potions_floor_spawned":[2,12,13,18,20],"killed_by":"Gremlin Leader","ascension_level":3}}