{"host":"7iv10lxbxedtd0qh","time":1612209256,"event":{"mods":["BaseMod","Colored Map","Colored Powertips","Downfall","Minty Spire (QoL Compilation)","StSLib"],"gold_per_floor":[99,112,132,142,154,154,235,235,335,210,210,210,242,257,271,383,383,283,306,328,328,77,89,89,113,113,113,113,113,113],"floor_reached":28,"language":"ENG","playtime":1572,"items_purged":["hexamod:Strike"],"score":270,"play_id":"a82730ca-bc46-4009-83e1-3d0f341dff21","local_time":"20210201205416","is_ascension_mode":true,"campfire_choices":[{"data":"hexamod:Float","floor":1.0,"key":"SMITH"},{"data":"hexamod:RadiantFlame","floor":8.0,"key":"SMITH"},{"data":"hexamod:PhantomCloak","floor":12.0,"key":"SMITH"},{"data":"hexamod:HexaLevel","floor":18.0,"key":"SMITH"},{"floor":27.0,"key":"REST"}],"circlet_count":0,"master_deck":["hexamod:Sear+1","hexamod:Float+1","hexamod:RadiantFlame+1","hexamod:ShieldOfDarkness","hexamod:ThermalTransfer","hexamod:BurningTouch","hexamod:ThermalTransfer","hexamod:PhantomCloak+1","hexamod:ThirdSeal","hexamod:BurningTouch","hexamod:Hexaguard","hexamod:PhantomCloak","hexamod:SecondSeal","hexamod:ForkedFlame","hexamod:HexaLevel+1","hexamod:FourthSeal","hexamod:ThirdSeal","hexamod:AdvancingGuard+1","hexamod:SearingWound","hexamod:PowerFromBeyond+1","hexamod:SoulSteal","hexamod:SixthSeal","Ghostly","Ghostly","Ghostly","hexamod:CouncilsJustice","hexamod:CouncilsJustice","hexamod:CouncilsJustice"],"relics":["hexamod:SpiritBrand","hexamod:InflammatoryLetter","Boot","hexamod:IceCube","downfall:HeartBlessingGreen","Bottled Tornado","HornCleat"],"acts_visited":["Exordium","TheCity"],"potions_floor_usage":[28],"damage_taken":[{"damage":0.0,"enemies":"Small Slimes","floor":2.0,"turns":4.0},{"damage":2.0,"enemies":"Jaw Worm","floor":3.0,"turns":3.0},{"damage":3.0,"enemies":"2 Louse","floor":4.0,"turns":3.0},{"damage":1.0,"enemies":"Exordium Wildlife","floor":5.0,"turns":3.0},{"damage":0.0,"enemies":"downfall:FleeingMerchant","floor":10.0,"turns":4.0},{"damage":0.0,"enemies":"Lagavulin","floor":13.0,"turns":6.0},{"damage":3.0,"enemies":"2 Fungi Beasts","floor":14.0,"turns":4.0},{"damage":6.0,"enemies":"Lots of Slimes","floor":15.0,"turns":5.0},{"damage":20.0,"enemies":"SI_SHIV_ARCHETYPE","floor":16.0,"turns":13.0},{"damage":20.0,"enemies":"Spheric Guardian","floor":19.0,"turns":7.0},{"damage":22.0,"enemies":"3 Byrds","floor":20.0,"turns":5.0},{"damage":0.0,"enemies":"downfall:FleeingMerchant","floor":22.0,"turns":4.0},{"damage":1.0,"enemies":"Snecko","floor":23.0,"turns":4.0},{"damage":30.0,"enemies":"Snake Plant","floor":25.0,"turns":5.0},{"damage":30,"enemies":"Centurion and Healer","floor":28,"turns":4}],"seed_played":"-9003196866323547005","potions_obtained":[{"floor":2.0,"key":"Energy Potion"},{"floor":5.0,"key":"EntropicBrew"},{"floor":13.0,"key":"SteroidPotion"},{"floor":20.0,"key":"Ancient Potion"},{"floor":20.0,"key":"Explosive Potion"}],"is_trial":false,"path_per_floor":["R","M","M","M","M","?","T","R","?","$","?","R","E","M","M","B",null,"R","M","M","?","$","M","T","M","?","R","M"],"character_chosen":"THE_SPIRIT","items_purchased":["hexamod:PhantomCloak","Bottled Tornado"],"campfire_rested":1,"item_purchase_floors":[10,22],"current_hp_per_floor":[70,70,68,65,64,69,69,69,69,69,69,69,69,66,60,40,75,75,55,33,33,33,32,32,2,2,13,0,0,0],"gold":113,"neow_bonus":"UPGRADE_CARD","is_daily":false,"chose_seed":false,"campfire_upgraded":4,"win_rate":0.0,"timestamp":1612209256,"path_taken":["R","M","M","M","M","?","T","R","?","$","?","R","E","M","M","BOSS","R","M","M","?","$","M","T","M","?","R","?"],"items_purchased_type":["Card","Relic"],"build_version":"2020-12-22","purchased_purges":1,"victory":false,"max_hp_per_floor":[70,70,70,70,70,75,75,75,75,75,75,75,75,75,75,75,75,75,75,75,75,75,75,75,75,37,37,37,37,37],"card_choices":[{"not_picked":["hexamod:Rewind","hexamod:GhostLash"],"picked":"hexamod:RadiantFlame","floor":2.0},{"not_picked":["hexamod:NecessarySacrifice","hexamod:AdvancingGuard"],"picked":"hexamod:ShieldOfDarkness","floor":3.0},{"not_picked":["hexamod:Firestarter","hexamod:GhostShield"],"picked":"hexamod:ThermalTransfer","floor":4.0},{"not_picked":["hexamod:RetreatToShadows","hexamod:SpectralSpark"],"picked":"hexamod:BurningTouch","floor":5.0},{"not_picked":["hexamod:ParanormalForm","hexamod:SwordOfDarkness"],"picked":"hexamod:ThermalTransfer","floor":10.0},{"not_picked":["hexamod:InspiringFlames","hexamod:HauntingEcho"],"picked":"hexamod:ThirdSeal","floor":13.0},{"not_picked":["hexamod:SwordOfDarkness","hexamod:HeatShield"],"picked":"hexamod:BurningTouch","floor":14.0},{"not_picked":["hexamod:AdvancingGuard","hexamod:FlameSwitch"],"picked":"hexamod:Hexaguard","floor":14.0},{"not_picked":["hexamod:SkipABeat","hexamod:ShieldOfDarkness"],"picked":"hexamod:PhantomCloak","floor":15.0},{"not_picked":["hexamod:GhostLash","hexamod:BurningTouch"],"picked":"hexamod:SecondSeal","floor":15.0},{"not_picked":["hexamod:ApocalypseNow","hexamod:WildfireWeapon"],"picked":"hexamod:ForkedFlame","floor":16.0},{"not_picked":["hexamod:VolcanoVisage","hexamod:ApocalypseNow"],"picked":"hexamod:HexaLevel","floor":16.0},{"not_picked":["hexamod:DynamicBlow","hexamod:ThermalTransfer"],"picked":"hexamod:FourthSeal","floor":19.0},{"not_picked":["hexamod:AdvancingGuard","hexamod:GhostflameBarrier+1"],"picked":"hexamod:ThirdSeal","floor":19.0},{"not_picked":["hexamod:InspiringFlames","hexamod:GhostShield"],"picked":"hexamod:AdvancingGuard+1","floor":20.0},{"not_picked":["hexamod:BurningTouch","hexamod:SpectersWail","hexamod:FlamesFromBeyond"],"picked":"SKIP","floor":20.0},{"not_picked":["hexamod:GhostLash","hexamod:ShieldOfDarkness+1","hexamod:SuperheatedStrike"],"picked":"SKIP","floor":20.0},{"not_picked":["hexamod:SwordOfDarkness","hexamod:BurningTouch+1","hexamod:Firestarter"],"picked":"SKIP","floor":20.0},{"not_picked":["hexamod:ThirdSeal","hexamod:SwordOfDarkness+1"],"picked":"hexamod:SearingWound","floor":22.0},{"not_picked":["hexamod:InspiringFlames+1","hexamod:Rewind","hexamod:GhostLash"],"picked":"SKIP","floor":22.0},{"not_picked":["hexamod:ShieldOfDarkness+1","hexamod:Firestarter","hexamod:GhostLash"],"picked":"SKIP","floor":22.0},{"not_picked":["hexamod:Hexaguard","hexamod:ThermalTransfer"],"picked":"hexamod:PowerFromBeyond+1","floor":23.0},{"not_picked":["hexamod:BurningTouch","hexamod:FastForward","hexamod:AdvancingGuard"],"picked":"SKIP","floor":23.0},{"not_picked":["hexamod:HeatMetal","hexamod:DynamicBlow"],"picked":"hexamod:SoulSteal","floor":25.0},{"not_picked":["hexamod:FlamesFromBeyond","hexamod:StepThrough+1"],"picked":"hexamod:SixthSeal","floor":25.0},{"not_picked":["hexamod:ChargedBarrage","hexamod:BurningTouch","hexamod:FlamesFromBeyond"],"picked":"SKIP","floor":25.0}],"player_experience":785792,"relics_obtained":[{"floor":7.0,"key":"hexamod:InflammatoryLetter"},{"floor":13.0,"key":"Boot"},{"floor":24.0,"key":"HornCleat"}],"event_choices":[{"damage_healed":0.0,"max_hp_gain":5.0,"max_hp_loss":0.0,"gold_gain":0.0,"event_name":"Big Fish","player_choice":"Donut","floor":6.0,"gold_loss":0.0,"damage_taken":0.0}],"is_beta":false,"boss_relics":[{"not_picked":["bronze:MakeshiftBattery","Coffee Dripper"],"picked":"hexamod:IceCube"}],"items_purged_floors":[10],"is_endless":false,"potions_floor_spawned":[2,5,13,20,25],"killed_by":"Centurion and Healer","ascension_level":2}}