{"host":"d5i1qeb9dejicw1z","time":1612155459,"event":{"mods":["AchievementEnabler","BaseMod","Better Note","BetterRewards","Evolution","Gold Saver","Minty Spire (QoL Compilation)","Permanent Neow","Relic Filter Mod","Reliquary","StSLib"],"gold_per_floor":[378,378,141,151,165,165,182,182,182,239,239,239,251,10,10,86,86,106,6,6,6,16,48,60,72,72,90,100,100,100,117,117,117,117],"floor_reached":33,"language":"ENG","playtime":1377,"items_purged":["Defend_B","Strike_B"],"score":543,"play_id":"add22dcd-dd6e-4564-b8e6-bf760aec489b","local_time":"20210131205739","is_ascension_mode":true,"campfire_choices":[{"data":"Zap","floor":6,"key":"SMITH"},{"data":"Dualcast","floor":8,"key":"SMITH"},{"floor":12,"key":"REST"},{"data":"Conserve Battery","floor":15,"key":"SMITH"},{"floor":29,"key":"REST"},{"floor":32,"key":"REST"}],"circlet_count":0,"master_deck":["AscendersBane","Sweeping Beam","Sweeping Beam+1","Sweeping Beam","Defend_B","Defend_B","Defend_B","Zap+1","Dualcast+1","Glacier+1","Cold Snap","Beam Cell","Cold Snap","Conserve Battery+1","Electrodynamics","Capacitor","Go for the Eyes","Leap"],"relics":["FrozenCore","EVO:Axolotl","Lee\u0027s Waffle","reliquary:ExpiredCoupon","reliquary:ShortFuse","Toolbox","CaptainsWheel","reliquary:QuartzCube"],"acts_visited":["Exordium","TheCity"],"potions_floor_usage":[10,16,16,23,24,28,31,33],"damage_taken":[{"damage":2,"enemies":"Small Slimes","floor":1,"turns":3},{"damage":0,"enemies":"2 Louse","floor":4,"turns":2},{"damage":2,"enemies":"Jaw Worm","floor":5,"turns":3},{"damage":6,"enemies":"Lots of Slimes","floor":7,"turns":2},{"damage":1,"enemies":"Lagavulin Event","floor":10,"turns":5},{"damage":1,"enemies":"Looter","floor":13,"turns":3},{"damage":48,"enemies":"Hexaghost","floor":16,"turns":13},{"damage":1,"enemies":"3 Byrds","floor":18,"turns":3},{"damage":0,"enemies":"Shell Parasite","floor":22,"turns":6},{"damage":29,"enemies":"Slavers","floor":23,"turns":4},{"damage":16,"enemies":"Snecko","floor":24,"turns":6},{"damage":14,"enemies":"Centurion and Healer","floor":25,"turns":5},{"damage":14,"enemies":"Chosen and Byrds","floor":27,"turns":5},{"damage":0,"enemies":"Snecko","floor":28,"turns":5},{"damage":0,"enemies":"Cultist and Chosen","floor":31,"turns":6},{"damage":77,"enemies":"Champ","floor":33,"turns":23}],"seed_played":"6549901113238645121","potions_obtained":[{"floor":1,"key":"ColorlessPotion"},{"floor":10,"key":"FearPotion"},{"floor":22,"key":"SkillPotion"},{"floor":23,"key":"DistilledChaos"},{"floor":27,"key":"SneckoOil"},{"floor":28,"key":"DuplicationPotion"},{"floor":31,"key":"Swift Potion"}],"is_trial":false,"path_per_floor":["M","?","$","M","M","R","M","R","T","?","?","R","M","$","R","B",null,"M","$","?","$","M","E","M","M","T","M","M","R","?","M","R","B"],"character_chosen":"DEFECT","items_purchased":["Lee\u0027s Waffle","DistilledChaos","Toolbox"],"campfire_rested":3,"item_purchase_floors":[3,14,14],"current_hp_per_floor":[69,74,90,90,88,88,82,82,82,81,54,81,80,80,80,32,76,75,75,75,75,75,46,30,16,16,2,2,29,29,29,56,0,0],"gold":117,"neow_bonus":"TEN_PERCENT_HP_BONUS","is_daily":false,"chose_seed":false,"campfire_upgraded":3,"win_rate":0.0,"timestamp":1612155459,"path_taken":["M","?","$","M","M","R","M","R","T","?","?","R","M","?","R","BOSS","M","?","?","?","M","E","M","M","T","?","M","R","?","M","R","BOSS"],"items_purchased_type":["Relic","Potion","Relic"],"build_version":"2020-12-22","purchased_purges":2,"victory":false,"max_hp_per_floor":[78,83,90,90,90,90,90,90,90,90,90,90,90,90,90,90,90,90,90,90,90,90,90,90,90,90,90,90,90,90,90,90,90,90],"card_choices":[{"not_picked":["Darkness","Reprogram"],"picked":"Glacier","floor":1},{"not_picked":["Sweeping Beam","Fusion"],"picked":"Cold Snap","floor":4},{"not_picked":["Streamline","Compile Driver"],"picked":"Beam Cell","floor":5},{"not_picked":["Turbo","Stack"],"picked":"Cold Snap","floor":7},{"not_picked":["Tempest","Turbo"],"picked":"Conserve Battery","floor":10},{"not_picked":["Hologram","Streamline","Compile Driver"],"picked":"SKIP","floor":13},{"not_picked":["All For One","Core Surge"],"picked":"Electrodynamics","floor":16},{"not_picked":["Reinforced Body","Auto Shields","Rebound"],"picked":"SKIP","floor":18},{"not_picked":["Genetic Algorithm","Compile Driver","Sunder"],"picked":"SKIP","floor":22},{"not_picked":["BootSequence","Doom and Gloom+1"],"picked":"Capacitor","floor":23},{"not_picked":["Steam Power","Lockon","Compile Driver"],"picked":"SKIP","floor":24},{"not_picked":["Sweeping Beam","Coolheaded"],"picked":"Go for the Eyes","floor":25},{"not_picked":["Go for the Eyes","Streamline","Scrape"],"picked":"SKIP","floor":27},{"not_picked":["Sunder","Undo","Sweeping Beam"],"picked":"SKIP","floor":28},{"not_picked":["Turbo","Hello World"],"picked":"Leap","floor":31}],"player_experience":1218986,"relics_obtained":[{"floor":9,"key":"reliquary:ExpiredCoupon"},{"floor":10,"key":"reliquary:ShortFuse"},{"floor":23,"key":"CaptainsWheel"},{"floor":26,"key":"reliquary:QuartzCube"}],"event_choices":[{"damage_healed":0,"gold_gain":0,"player_choice":"Donut","damage_taken":0,"max_hp_gain":5,"max_hp_loss":0,"event_name":"Big Fish","floor":2,"gold_loss":0},{"damage_healed":0,"gold_gain":0,"player_choice":"Searched \u00271\u0027 times","damage_taken":0,"max_hp_gain":0,"max_hp_loss":0,"event_name":"Dead Adventurer","floor":10,"gold_loss":0},{"damage_healed":0,"gold_gain":0,"player_choice":"Entered Light","damage_taken":27,"max_hp_gain":0,"max_hp_loss":0,"event_name":"Shining Light","floor":11,"gold_loss":0,"cards_upgraded":["Glacier","Sweeping Beam"]},{"damage_healed":0,"gold_gain":0,"player_choice":"Ignored","damage_taken":0,"max_hp_gain":0,"max_hp_loss":0,"event_name":"Transmorgrifier","floor":20,"gold_loss":0},{"cards_removed":["Electrodynamics"],"damage_healed":0,"gold_gain":0,"player_choice":"Give","damage_taken":0,"max_hp_gain":0,"max_hp_loss":0,"event_name":"betterNote:BetterNote","floor":30,"gold_loss":0,"cards_obtained":["None"]}],"is_beta":false,"boss_relics":[{"not_picked":["reliquary:Craggleroot","Ectoplasm"],"picked":"FrozenCore"}],"items_purged_floors":[3,19],"is_endless":false,"potions_floor_spawned":[1,10,22,23,27,28,31],"killed_by":"Champ","ascension_level":20}}