{"host":"lv3zv4svf9qrs9uo","time":1612216190,"event":{"mods":["AchievementEnabler","BaseMod","Minty Spire (QoL Compilation)"],"gold_per_floor":[365,379,44,64,64,92,92,104,173,202,202,222,247,263,263,366,366,376,394,48,48,48,48,48],"floor_reached":23,"language":"ENG","playtime":2402,"items_purged":["Normality","Strike_R"],"score":295,"play_id":"d6e580bf-27a4-428a-8b32-317dc68ba1e7","local_time":"20210201134950","is_ascension_mode":true,"campfire_choices":[{"data":"Bash","floor":7.0,"key":"SMITH"},{"data":"Evolve","floor":11.0,"key":"SMITH"},{"floor":15.0,"key":"REST"}],"circlet_count":0,"master_deck":["Strike_R","Strike_R","Strike_R","Strike_R","Defend_R","Defend_R","Defend_R","Defend_R","Bash+1","Carnage+1","Whirlwind","Cleave+1","Ghostly Armor","Warcry","Evolve+1","Perfected Strike+1","Armaments","Immolate+1","Brutality","Havoc","Flex"],"relics":["Burning Blood","Molten Egg 2","CaptainsWheel","Darkstone Periapt","Smiling Mask","Potion Belt","Runic Pyramid","Bird Faced Urn","Anchor","Nilry\u0027s Codex"],"acts_visited":["Exordium","TheCity"],"potions_floor_usage":[19],"damage_taken":[{"damage":5.0,"enemies":"Small Slimes","floor":1.0,"turns":3.0},{"damage":0.0,"enemies":"Cultist","floor":2.0,"turns":2.0},{"damage":7.0,"enemies":"Jaw Worm","floor":4.0,"turns":2.0},{"damage":22.0,"enemies":"Gremlin Nob","floor":6.0,"turns":5.0},{"damage":7.0,"enemies":"Large Slime","floor":8.0,"turns":5.0},{"damage":13.0,"enemies":"Lagavulin","floor":10.0,"turns":6.0},{"damage":7.0,"enemies":"Looter","floor":12.0,"turns":3.0},{"damage":20.0,"enemies":"3 Sentries","floor":13.0,"turns":4.0},{"damage":17.0,"enemies":"3 Louse","floor":14.0,"turns":3.0},{"damage":39.0,"enemies":"Hexaghost","floor":16.0,"turns":9.0},{"damage":2,"enemies":"Chosen","floor":18,"turns":4},{"damage":0,"enemies":"3 Byrds","floor":19,"turns":3},{"damage":63,"enemies":"Book of Stabbing","floor":23,"turns":6}],"seed_played":"-6162037760947489456","potions_obtained":[{"floor":1.0,"key":"Block Potion"},{"floor":4.0,"key":"SkillPotion"},{"floor":12.0,"key":"EssenceOfSteel"},{"floor":16.0,"key":"SneckoOil"},{"floor":19,"key":"FearPotion"}],"is_trial":false,"path_per_floor":["M","M","$","M","?","E","R","M","T","E","R","M","E","M","R","B",null,"M","M","$","T","?","E"],"character_chosen":"IRONCLAD","items_purchased":["Molten Egg 2","Bird Faced Urn"],"campfire_rested":1,"item_purchase_floors":[3,20],"current_hp_per_floor":[73,79,79,78,78,62,62,61,61,54,54,53,39,28,52,19,65,69,75,75,75,59,0,0],"gold":48,"neow_bonus":"TWO_FIFTY_GOLD","is_daily":false,"chose_seed":false,"campfire_upgraded":2,"win_rate":0.0,"timestamp":1612216190,"path_taken":["M","M","$","M","?","E","R","M","T","E","R","M","E","M","R","BOSS","M","M","$","?","?","E"],"items_purchased_type":["Relic","Relic"],"build_version":"2020-12-22","purchased_purges":2,"victory":false,"max_hp_per_floor":[80,80,80,80,80,80,80,80,80,80,80,80,80,80,80,80,80,80,80,80,80,80,80,80],"card_choices":[{"not_picked":["Warcry","Anger"],"picked":"Carnage","floor":1.0},{"not_picked":["Sword Boomerang","Combust"],"picked":"Whirlwind","floor":2.0},{"not_picked":["Combust","Pummel+1"],"picked":"Cleave+1","floor":4.0},{"not_picked":["Flex","Sword Boomerang+1"],"picked":"Ghostly Armor","floor":6.0},{"not_picked":["Rupture","Cleave+1"],"picked":"Warcry","floor":8.0},{"not_picked":["Twin Strike+1","Dark Embrace"],"picked":"Evolve","floor":10.0},{"not_picked":["Searing Blow+1","Armaments"],"picked":"Perfected Strike+1","floor":12.0},{"not_picked":["Heavy Blade+1","Body Slam+1"],"picked":"Armaments","floor":13.0},{"not_picked":["Warcry","Anger+1"],"picked":"Immolate+1","floor":14.0},{"not_picked":["Exhume","Berserk"],"picked":"Brutality","floor":16.0},{"not_picked":["Warcry","Pummel+1"],"picked":"Havoc","floor":18},{"not_picked":["Pommel Strike+1","Evolve"],"picked":"Flex","floor":19}],"player_experience":477475,"relics_obtained":[{"floor":6.0,"key":"CaptainsWheel"},{"floor":9.0,"key":"Darkstone Periapt"},{"floor":10.0,"key":"Smiling Mask"},{"floor":13.0,"key":"Potion Belt"},{"floor":21,"key":"Anchor"},{"floor":22,"key":"Nilry\u0027s Codex"}],"event_choices":[{"damage_healed":0.0,"max_hp_gain":0.0,"max_hp_loss":0.0,"gold_gain":0.0,"event_name":"Accursed Blacksmith","player_choice":"Forge","floor":5.0,"gold_loss":0.0,"damage_taken":0.0,"cards_upgraded":["Carnage"]},{"damage_healed":0,"gold_gain":0,"player_choice":"Obtained Book","damage_taken":16,"max_hp_gain":0,"max_hp_loss":0,"event_name":"Cursed Tome","floor":22,"gold_loss":0}],"is_beta":false,"boss_relics":[{"not_picked":["Black Star","Empty Cage"],"picked":"Runic Pyramid"}],"items_purged_floors":[3,20],"is_endless":false,"potions_floor_spawned":[1,4,12,16,19],"killed_by":"Book of Stabbing","ascension_level":8}}