{"host":"q4it2kuxo1wuupt6","time":1612148831,"event":{"mods":["Act Like it!","BaseMod","Dota2Spire","Friendly Minions","GifTheSpireLib","Minty Spire (QoL Compilation)","StSLib","The Alterego","yUi"],"gold_per_floor":[110,110,110,35,50,50,82,82,150,185,185,210,228,246,246,246,246],"floor_reached":16,"language":"ZHS","playtime":3674,"items_purged":["alterego_mod:Strike"],"score":118,"play_id":"d6b86418-4d80-4ed5-a514-8122be759c8f","local_time":"20210201110711","is_ascension_mode":false,"campfire_choices":[{"data":"alterego_mod:Impale","floor":6.0,"key":"SMITH"},{"floor":8.0,"key":"REST"},{"data":"alterego_mod:SuperDuperMasochism","floor":11.0,"key":"SMITH"},{"floor":15.0,"key":"REST"}],"circlet_count":0,"master_deck":["alterego_mod:Strike","alterego_mod:Strike","alterego_mod:Strike+1","alterego_mod:Defend+1","alterego_mod:Defend","alterego_mod:Defend","alterego_mod:Defend","alterego_mod:Impale+1","alterego_mod:BigMeatyClaws","alterego_mod:BrynhildrsRune","alterego_mod:AlterEgo","alterego_mod:Exercise","alterego_mod:Schoolgirl","alterego_mod:GoddessCore","alterego_mod:SuperDuperMasochism+1","alterego_mod:Rip","alterego_mod:HighServant","alterego_mod:DeftHands","alterego_mod:Bloomers","alterego_mod:STier","alterego_mod:Valkyrie","alterego_mod:Weigh","alterego_mod:Support"],"relics":["alterego_mod:MasochisticConstitution","Bag of Preparation","White Beast Statue","Art of War","Dota2Spire:DrumOfEndurance"],"acts_visited":["Exordium"],"potions_floor_usage":[16],"damage_taken":[{"damage":10.0,"enemies":"2 Louse","floor":1.0,"turns":4.0},{"damage":13.0,"enemies":"Jaw Worm","floor":5.0,"turns":7.0},{"damage":46.0,"enemies":"Lagavulin","floor":7.0,"turns":6.0},{"damage":10.0,"enemies":"3 Sentries","floor":10.0,"turns":11.0},{"damage":30.0,"enemies":"Lagavulin","floor":12.0,"turns":6.0},{"damage":0.0,"enemies":"Cultist","floor":13.0,"turns":5.0},{"damage":12.0,"enemies":"Blue Slaver","floor":14.0,"turns":4.0},{"damage":32,"enemies":"Hexaghost","floor":16,"turns":7}],"seed_played":"-486054616435835385","potions_obtained":[{"floor":5.0,"key":"SpeedPotion"},{"floor":7.0,"key":"DistilledChaos"},{"floor":10.0,"key":"Weak Potion"},{"floor":12.0,"key":"EssenceOfSteel"},{"floor":13.0,"key":"LiquidBronze"},{"floor":14.0,"key":"Energy Potion"}],"is_trial":false,"path_per_floor":["M","?","?","$","M","R","E","R","T","E","R","E","M","M","R","B"],"character_chosen":"The_Alterego","items_purchased":[],"campfire_rested":2,"item_purchase_floors":[],"current_hp_per_floor":[68,68,54,54,49,49,4,25,25,37,37,8,15,4,26,0,0],"gold":246,"neow_bonus":"ONE_RANDOM_RARE_CARD","is_daily":false,"chose_seed":false,"campfire_upgraded":2,"win_rate":0.0,"timestamp":1612148831,"path_taken":["M","?","?","?","?","R","E","R","T","E","R","E","M","M","R","BOSS"],"items_purchased_type":[],"build_version":"2020-12-22","purchased_purges":1,"victory":false,"max_hp_per_floor":[71,71,71,71,72,72,73,73,73,74,74,75,75,76,76,76,76],"card_choices":[{"not_picked":["alterego_mod:1TonWallop","alterego_mod:TrashNCrash"],"picked":"alterego_mod:Exercise","floor":1.0},{"not_picked":["alterego_mod:MagicResistance","alterego_mod:Complex"],"picked":"alterego_mod:DeftHands","floor":5.0},{"not_picked":["alterego_mod:PerceptionDisorder","alterego_mod:Santa"],"picked":"alterego_mod:Bloomers","floor":7.0},{"not_picked":["alterego_mod:Skirt","alterego_mod:Cooking"],"picked":"alterego_mod:STier","floor":10.0},{"not_picked":["alterego_mod:GoddessCore","alterego_mod:TrashNCrash"],"picked":"alterego_mod:Valkyrie","floor":12.0},{"not_picked":["alterego_mod:Cushion","alterego_mod:Cooking"],"picked":"alterego_mod:Weigh","floor":13.0},{"not_picked":["alterego_mod:Clones","alterego_mod:Birthday"],"picked":"alterego_mod:Support","floor":14.0}],"player_experience":564756,"relics_obtained":[{"floor":7.0,"key":"Bag of Preparation"},{"floor":9.0,"key":"White Beast Statue"},{"floor":10.0,"key":"Art of War"},{"floor":12.0,"key":"Dota2Spire:DrumOfEndurance"}],"event_choices":[{"damage_healed":0.0,"max_hp_gain":0.0,"max_hp_loss":0.0,"gold_gain":0.0,"event_name":"Shining Light","player_choice":"Entered Light","floor":3.0,"gold_loss":0.0,"damage_taken":14.0,"cards_upgraded":["alterego_mod:Strike","alterego_mod:Defend"]}],"is_beta":false,"boss_relics":[],"items_purged_floors":[4],"is_endless":false,"potions_floor_spawned":[5,7,10,12,13,14],"killed_by":"Hexaghost","ascension_level":0}}