{"host":"gobyjzz6xbwq9f9i","time":1612158072,"event":{"mods":["AchievementEnabler","BaseMod","Bestiary","Colored Map","Minty Spire (QoL Compilation)","Relic Stats"],"gold_per_floor":[109,109,119,138,154,154,186,198,224,255,255,266,281,311,311,407,407,419,419,429,429,447,447,447,480,480,508,526,526,54,71,71,173,173,190,200,211,225,238,238,273,283,283,283,295,33,33,50,50,50],"floor_reached":51,"language":"ENG","playtime":2424,"items_purged":["Strike_P"],"score":1076,"play_id":"d4b2309a-3c40-451f-bd35-b363c44ade1d","local_time":"20210131214112","is_ascension_mode":true,"campfire_choices":[{"data":"EmptyFist","floor":6,"key":"SMITH"},{"data":"CrushJoints","floor":11,"key":"SMITH"},{"data":"SashWhip","floor":15,"key":"SMITH"},{"data":"BowlingBash","floor":23,"key":"SMITH"},{"data":"Halt","floor":29,"key":"SMITH"},{"data":"CutThroughFate","floor":32,"key":"SMITH"},{"floor":40,"key":"REST"},{"data":"Weave","floor":47,"key":"SMITH"},{"floor":49,"key":"REST"}],"circlet_count":0,"master_deck":["Strike_P","Strike_P","Strike_P","Defend_P","Defend_P","Defend_P","Defend_P","Eruption","Vigilance","CrushJoints+1","EmptyFist+1","JustLucky","BowlingBash+1","CutThroughFate+1","FearNoEvil","WheelKick","SashWhip+1","CutThroughFate","Halt+1","Vault","Nirvana+1","Conclude","Study+1","WreathOfFlame+1","Weave+1","Vengeance","SpiritShield","CutThroughFate+1","ThirdEye+1","WaveOfTheHand+1","Scrawl","JustLucky+1","Master of Strategy","FlurryOfBlows+1"],"relics":["Sozu","Nunchaku","Bronze Scales","Lantern","Ancient Tea Set","Runic Pyramid","NlothsMask","Singing Bowl","HornCleat","Pantograph","Lee\u0027s Waffle","VioletLotus","Sundial","Bag of Preparation"],"acts_visited":["Exordium","TheCity","TheBeyond"],"potions_floor_usage":[],"damage_taken":[{"damage":0,"enemies":"Small Slimes","floor":1,"turns":2},{"damage":0,"enemies":"Cultist","floor":3,"turns":4},{"damage":7,"enemies":"Jaw Worm","floor":4,"turns":2},{"damage":11,"enemies":"3 Louse","floor":5,"turns":2},{"damage":16,"enemies":"Gremlin Nob","floor":7,"turns":3},{"damage":1,"enemies":"Blue Slaver","floor":8,"turns":2},{"damage":0,"enemies":"3 Sentries","floor":10,"turns":4},{"damage":0,"enemies":"Exordium Thugs","floor":12,"turns":2},{"damage":0,"enemies":"Gremlin Gang","floor":13,"turns":2},{"damage":12,"enemies":"Lagavulin","floor":14,"turns":3},{"damage":0,"enemies":"Hexaghost","floor":16,"turns":7},{"damage":3,"enemies":"Spheric Guardian","floor":18,"turns":3},{"damage":0,"enemies":"Chosen","floor":20,"turns":3},{"damage":0,"enemies":"3 Cultists","floor":22,"turns":3},{"damage":15,"enemies":"Book of Stabbing","floor":25,"turns":4},{"damage":7,"enemies":"Slavers","floor":27,"turns":3},{"damage":0,"enemies":"Centurion and Healer","floor":28,"turns":4},{"damage":24,"enemies":"Snake Plant","floor":31,"turns":4},{"damage":19,"enemies":"Automaton","floor":33,"turns":9},{"damage":0,"enemies":"Orb Walker","floor":35,"turns":3},{"damage":14,"enemies":"3 Shapes","floor":36,"turns":2},{"damage":24,"enemies":"Jaw Worm Horde","floor":37,"turns":4},{"damage":19,"enemies":"3 Darklings","floor":38,"turns":5},{"damage":1,"enemies":"Maw","floor":39,"turns":6},{"damage":9,"enemies":"Giant Head","floor":41,"turns":6},{"damage":1,"enemies":"4 Shapes","floor":42,"turns":5},{"damage":12,"enemies":"Spire Growth","floor":45,"turns":3},{"damage":0,"enemies":"Writhing Mass","floor":48,"turns":3},{"damage":16,"enemies":"Donu and Deca","floor":50,"turns":7}],"seed_played":"-296004736592157306","potions_obtained":[],"is_trial":false,"path_per_floor":["M","?","M","M","M","R","E","M","T","E","R","M","M","E","R","B",null,"M","?","M","?","M","R","?","E","T","E","M","R","$","M","R","B",null,"M","M","M","M","M","R","E","M","T","?","M","$","R","M","R","B",null],"character_chosen":"WATCHER","items_purchased":["Weave","Pantograph","Lee\u0027s Waffle","Master of Strategy"],"campfire_rested":2,"item_purchase_floors":[30,30,30,46],"current_hp_per_floor":[65,72,72,65,54,54,38,37,37,37,37,37,37,25,25,25,60,57,57,57,44,44,44,44,31,31,26,26,26,88,64,64,69,83,83,71,49,30,29,56,47,48,48,50,38,38,38,38,66,75],"gold":50,"neow_bonus":"BOSS_RELIC","is_daily":false,"chose_seed":false,"campfire_upgraded":7,"win_rate":0.0,"timestamp":1612158072,"path_taken":["M","?","M","M","M","R","E","M","T","E","R","?","M","E","R","BOSS","M","?","?","?","M","R","?","E","T","E","M","R","$","M","R","BOSS","M","?","M","M","M","R","E","M","T","?","M","$","R","M","R","BOSS"],"items_purchased_type":["Card","Relic","Relic","Card"],"build_version":"2020-12-22","purchased_purges":1,"victory":true,"max_hp_per_floor":[72,72,72,72,72,72,72,72,72,72,72,72,72,72,72,72,72,72,72,72,77,77,77,77,79,79,81,81,81,88,88,88,88,88,88,90,92,92,92,92,92,94,94,96,96,96,96,96,96,96],"relic_stats":{"Sozu":11,"Nunchaku":[33],"Lee\u0027s Waffle":62,"Singing Bowl":12,"counters":[29,110],"Sundial":[2],"Bronze Scales":[200],"Pantograph":49,"VioletLotus":[10],"Bag of Preparation":[6],"obtain_stats":[{"Lantern":10,"Lee\u0027s Waffle":30,"Singing Bowl":25,"Bag of Preparation":43,"Ancient Tea Set":14,"Sozu":0,"Nunchaku":7,"HornCleat":27,"Sundial":41,"Bronze Scales":9,"Pantograph":30,"VioletLotus":34,"PureWater":0,"Runic Pyramid":17,"NlothsMask":19},{"Lantern":7,"Lee\u0027s Waffle":17,"Singing Bowl":15,"Bag of Preparation":26,"Ancient Tea Set":10,"Sozu":0,"Nunchaku":5,"HornCleat":16,"Sundial":25,"Bronze Scales":6,"Pantograph":17,"VioletLotus":19,"PureWater":0,"Runic Pyramid":11,"NlothsMask":12},{"Lantern":19,"Lee\u0027s Waffle":53,"Singing Bowl":46,"Bag of Preparation":97,"Ancient Tea Set":26,"Sozu":0,"Nunchaku":13,"HornCleat":49,"Sundial":92,"Bronze Scales":15,"Pantograph":53,"VioletLotus":66,"PureWater":0,"Runic Pyramid":33,"NlothsMask":36}]},"card_choices":[{"not_picked":["Prostrate","PathToVictory"],"picked":"CrushJoints","floor":1},{"not_picked":["FollowUp","Prostrate"],"picked":"EmptyFist","floor":3},{"not_picked":["ForeignInfluence","Weave"],"picked":"JustLucky","floor":4},{"not_picked":["Sanctity","Study"],"picked":"BowlingBash","floor":5},{"not_picked":["JustLucky","Consecrate"],"picked":"CutThroughFate","floor":7},{"not_picked":["BowlingBash","PathToVictory"],"picked":"FearNoEvil","floor":8},{"not_picked":["Swivel","Establishment"],"picked":"WheelKick","floor":10},{"not_picked":["BowlingBash","EmptyBody"],"picked":"SashWhip","floor":12},{"not_picked":["FlurryOfBlows","SpiritShield"],"picked":"CutThroughFate","floor":13},{"not_picked":["SashWhip","Prostrate"],"picked":"Halt","floor":14},{"not_picked":["Alpha","Ragnarok"],"picked":"Vault","floor":16},{"not_picked":["SashWhip","EmptyFist+1"],"picked":"Nirvana+1","floor":18},{"not_picked":["ClearTheMind","BowlingBash+1"],"picked":"Conclude","floor":20},{"not_picked":["EmptyBody","JustLucky"],"picked":"Study+1","floor":22},{"not_picked":["Consecrate+1","BowlingBash","LikeWater"],"picked":"Singing Bowl","floor":25},{"not_picked":["Protect","PathToVictory+1","CrushJoints"],"picked":"Singing Bowl","floor":27},{"not_picked":["ClearTheMind+1","Collect"],"picked":"WreathOfFlame+1","floor":28},{"not_picked":["WheelKick","Perseverance"],"picked":"Vengeance","floor":31},{"not_picked":["Alpha","Establishment"],"picked":"SpiritShield","floor":33},{"not_picked":["FlyingSleeves","ThirdEye"],"picked":"CutThroughFate+1","floor":35},{"not_picked":["Vengeance","EmptyFist+1","CarveReality+1"],"picked":"Singing Bowl","floor":36},{"not_picked":["FearNoEvil+1","ClearTheMind+1","CrushJoints"],"picked":"Singing Bowl","floor":37},{"not_picked":["Devotion","Prostrate+1"],"picked":"ThirdEye+1","floor":38},{"not_picked":["EmptyFist","SashWhip+1"],"picked":"WaveOfTheHand+1","floor":39},{"not_picked":["SashWhip","SpiritShield"],"picked":"Scrawl","floor":41},{"not_picked":["BowlingBash","ClearTheMind+1","Swivel"],"picked":"Singing Bowl","floor":42},{"not_picked":["Impatience","PanicButton","Forethought"],"picked":"Singing Bowl","floor":44},{"not_picked":["Vengeance","Worship+1"],"picked":"JustLucky+1","floor":45},{"not_picked":["EmptyFist","FollowUp"],"picked":"FlurryOfBlows+1","floor":48}],"player_experience":1253600,"relics_obtained":[{"floor":7,"key":"Nunchaku"},{"floor":9,"key":"Bronze Scales"},{"floor":10,"key":"Lantern"},{"floor":14,"key":"Ancient Tea Set"},{"floor":25,"key":"Singing Bowl"},{"floor":27,"key":"HornCleat"},{"floor":41,"key":"Sundial"},{"floor":43,"key":"Bag of Preparation"}],"event_choices":[{"damage_healed":7,"gold_gain":0,"player_choice":"Full Heal","damage_taken":0,"max_hp_gain":0,"max_hp_loss":0,"event_name":"Wheel of Change","floor":2,"gold_loss":0},{"damage_healed":0,"gold_gain":0,"player_choice":"Trade","damage_taken":0,"relics_obtained":["NlothsMask"],"max_hp_gain":0,"max_hp_loss":0,"event_name":"FaceTrader","floor":19,"gold_loss":0},{"damage_healed":0,"gold_gain":0,"player_choice":"Shed Blood","damage_taken":18,"max_hp_gain":5,"max_hp_loss":0,"event_name":"Forgotten Altar","floor":21,"gold_loss":0},{"damage_healed":0,"gold_gain":0,"player_choice":"0 cards matched","damage_taken":0,"max_hp_gain":0,"max_hp_loss":0,"event_name":"Match and Keep!","floor":24,"gold_loss":0,"cards_obtained":[]},{"damage_healed":0,"gold_gain":0,"player_choice":"Memory 1","damage_taken":0,"max_hp_gain":0,"max_hp_loss":0,"event_name":"SensoryStone","floor":44,"gold_loss":0}],"is_beta":false,"boss_relics":[{"not_picked":["Astrolabe","SlaversCollar"],"picked":"Runic Pyramid"},{"not_picked":["Empty Cage","Runic Dome"],"picked":"VioletLotus"}],"items_purged_floors":[46],"is_endless":false,"potions_floor_spawned":[5,7,12,13,16,18,27,31,33,36,39],"ascension_level":6}}