{"host":"7cp3z5w0tcrrm8ys","time":1612167033,"event":{"mods":["AchievementEnabler","BaseMod","DeckTracker","Minty Spire (QoL Compilation)","StSLib","SuperFastMode"],"gold_per_floor":[110,35,52,52,52,52,67,85,110,110,171,171,171,54,54,126,126,137,187,30,42,42,73,83,83,83,27,27,0,28,41,41,41,41],"floor_reached":33,"language":"KOR","playtime":828,"items_purged":["Strike_R"],"score":542,"play_id":"49a3684a-5e8c-4dcb-8fb5-07660d951e4e","local_time":"20210201171033","is_ascension_mode":true,"campfire_choices":[{"data":"Metamorphosis","floor":6,"key":"SMITH"},{"data":"Evolve","floor":10,"key":"SMITH"},{"data":"Sword Boomerang","floor":13,"key":"SMITH"},{"floor":15,"key":"REST"},{"data":"Double Tap","floor":25,"key":"SMITH"},{"floor":28,"key":"REST"},{"floor":32,"key":"REST"}],"circlet_count":0,"master_deck":["AscendersBane","Bash","Metamorphosis+1","Spot Weakness+1","Sword Boomerang+1","Evolve+1","Second Wind+1","Feel No Pain","Double Tap+1","Fiend Fire","Blood for Blood","Disarm","Dropkick","Pummel","Shrug It Off","Dropkick","Reckless Charge"],"relics":["Burning Blood","War Paint","Vajra","Pandora\u0027s Box","Nunchaku","Toy Ornithopter","Bottled Tornado","Anchor"],"acts_visited":["Exordium","TheCity"],"potions_floor_usage":[11,18,21,24,24,30,33],"damage_taken":[{"damage":11,"enemies":"Small Slimes","floor":1,"turns":5},{"damage":14,"enemies":"2 Louse","floor":3,"turns":4},{"damage":0,"enemies":"Jaw Worm","floor":7,"turns":3},{"damage":13,"enemies":"Large Slime","floor":8,"turns":4},{"damage":11,"enemies":"Lagavulin Event","floor":11,"turns":3},{"damage":31,"enemies":"Slime Boss","floor":16,"turns":6},{"damage":32,"enemies":"2 Thieves","floor":18,"turns":3},{"damage":7,"enemies":"Shell Parasite","floor":21,"turns":3},{"damage":58,"enemies":"Gremlin Leader","floor":23,"turns":6},{"damage":12,"enemies":"Centurion and Healer","floor":24,"turns":6},{"damage":37,"enemies":"Slavers","floor":30,"turns":4},{"damage":4,"enemies":"Chosen and Byrds","floor":31,"turns":3},{"damage":72,"enemies":"Automaton","floor":33,"turns":6}],"seed_played":"5302983552773364371","potions_obtained":[{"floor":1,"key":"FairyPotion"},{"floor":7,"key":"SkillPotion"},{"floor":16,"key":"Regen Potion"},{"floor":18,"key":"SneckoOil"},{"floor":21,"key":"SpeedPotion"},{"floor":23,"key":"LiquidMemories"},{"floor":31,"key":"Block Potion"}],"is_trial":false,"path_per_floor":["M","?","M","?","?","R","M","M","T","R","?","?","R","$","R","B",null,"M","?","$","M","?","E","M","R","T","$","R","?","E","M","R","B"],"character_chosen":"IRONCLAD","items_purchased":["Feel No Pain","Nunchaku","BloodPotion"],"campfire_rested":3,"item_purchase_floors":[14,20,27],"current_hp_per_floor":[63,63,55,60,60,60,66,59,59,59,54,32,32,32,53,28,62,45,45,45,44,44,16,20,20,20,20,41,41,29,31,52,0,0],"gold":41,"neow_bonus":"RANDOM_COLORLESS_2","is_daily":false,"chose_seed":false,"campfire_upgraded":4,"win_rate":0.0,"timestamp":1612167033,"path_taken":["M","?","M","?","?","R","M","?","T","R","?","?","R","?","R","BOSS","M","?","$","M","?","E","M","R","T","$","R","?","E","M","R","BOSS"],"items_purchased_type":["Card","Relic","Potion"],"build_version":"2020-12-22","purchased_purges":1,"victory":false,"max_hp_per_floor":[68,68,68,73,73,73,73,73,73,73,73,73,73,73,73,73,73,73,73,73,73,73,73,73,73,73,73,73,73,73,73,73,73,73],"card_choices":[{"not_picked":["Chrysalis","Secret Weapon"],"picked":"Metamorphosis","floor":0.0},{"not_picked":["Perfected Strike","Twin Strike"],"picked":"Spot Weakness","floor":1},{"not_picked":["Headbutt","Corruption"],"picked":"Sword Boomerang","floor":3},{"not_picked":["Hemokinesis","Anger","Sentinel"],"picked":"SKIP","floor":7},{"not_picked":["Carnage","Infernal Blade"],"picked":"Evolve","floor":8},{"not_picked":["Sword Boomerang","Thunderclap"],"picked":"Second Wind","floor":11},{"not_picked":["Reaper","Fiend Fire"],"picked":"Double Tap","floor":16},{"not_picked":["Cleave","Heavy Blade"],"picked":"Shrug It Off","floor":18},{"not_picked":["Pommel Strike","Perfected Strike","Evolve"],"picked":"SKIP","floor":21},{"not_picked":["Sword Boomerang","Juggernaut","Cleave"],"picked":"SKIP","floor":23},{"not_picked":["Ghostly Armor","Thunderclap"],"picked":"Dropkick","floor":24},{"not_picked":["True Grit","Shockwave","Clothesline"],"picked":"SKIP","floor":30},{"not_picked":["Searing Blow","Clothesline+1"],"picked":"Reckless Charge","floor":31}],"player_experience":803496,"relics_obtained":[{"floor":9,"key":"War Paint"},{"floor":11,"key":"Vajra"},{"floor":23,"key":"Toy Ornithopter"},{"floor":26,"key":"Bottled Tornado"},{"floor":30,"key":"Anchor"}],"event_choices":[{"cards_removed":["Strike_R"],"damage_healed":0,"gold_gain":0,"player_choice":"Card Removal","damage_taken":0,"max_hp_gain":0,"max_hp_loss":0,"event_name":"The Cleric","floor":2,"gold_loss":75},{"damage_healed":0,"gold_gain":0,"player_choice":"Donut","damage_taken":0,"max_hp_gain":5,"max_hp_loss":0,"event_name":"Big Fish","floor":4,"gold_loss":0},{"cards_removed":["Strike_R"],"damage_healed":0,"gold_gain":0,"player_choice":"Forget","damage_taken":0,"max_hp_gain":0,"max_hp_loss":0,"event_name":"Living Wall","floor":5,"gold_loss":0},{"damage_healed":0,"gold_gain":0,"player_choice":"Searched \u00272\u0027 times","damage_taken":0,"max_hp_gain":0,"max_hp_loss":0,"event_name":"Dead Adventurer","floor":11,"gold_loss":0},{"damage_healed":0,"gold_gain":0,"player_choice":"Entered Light","damage_taken":22,"max_hp_gain":0,"max_hp_loss":0,"event_name":"Shining Light","floor":12,"gold_loss":0,"cards_upgraded":["Second Wind","Spot Weakness"]},{"damage_healed":0,"gold_gain":50,"player_choice":"Stole From Cult","damage_taken":0,"max_hp_gain":0,"max_hp_loss":0,"event_name":"Nest","floor":19,"gold_loss":0},{"cards_removed":["Bludgeon"],"damage_healed":0,"gold_gain":0,"player_choice":"Elegance","damage_taken":0,"max_hp_gain":0,"max_hp_loss":0,"event_name":"Back to Basics","floor":22,"gold_loss":0},{"damage_healed":0,"gold_gain":0,"player_choice":"Paid Fearfully","damage_taken":0,"max_hp_gain":0,"max_hp_loss":0,"event_name":"Masked Bandits","floor":29,"gold_loss":27}],"is_beta":false,"boss_relics":[{"not_picked":["Mark of Pain","Sozu"],"picked":"Pandora\u0027s Box"}],"items_purged_floors":[14],"is_endless":false,"potions_floor_spawned":[1,7,16,18,21,23,31],"killed_by":"Automaton","ascension_level":20}}