{"host":"skr63qsdfgeey3it","time":1612222896,"event":{"mods":["BaseMod","Colored Map","Hubris","Minty Spire (QoL Compilation)","Replay The Spire","Spicy Shops","StSLib"],"gold_per_floor":[116,116,128,47,47,47,74,74,147,160,190,71,99,111,111,213,213,230,249,264,264,279,279,279],"floor_reached":23,"language":"ENG","playtime":892,"items_purged":["Writhe"],"score":352,"play_id":"f1c972a6-68cc-4eb3-9b78-825637df434e","local_time":"20210201174136","is_ascension_mode":true,"campfire_choices":[{"floor":6,"key":"REST"},{"floor":8,"key":"REST"},{"floor":15,"key":"REST"}],"circlet_count":0,"master_deck":["AscendersBane","Strike_B","Strike_B","Strike_B","Strike_B","Defend_B","Defend_B","Defend_B","Defend_B","Zap","Dualcast","Capacitor+1","Cold Snap","Conserve Battery","Hyperbeam","Loop","hubris:PowerSurge","ReplayTheSpireMod:Calculation Training","Barrage","Coolheaded","Echo Form","hubris:PowerSurge+1","Conserve Battery","Rebound","Ghostly","Ghostly","Ghostly","Ghostly","Ghostly","ReplayTheSpireMod:Reroute Power"],"relics":["Fusion Hammer","ReplayTheSpireMod:CursedCoin","DataDisk","Toy Ornithopter","hubris:SphereOfDissonance","Onion Ring","Lantern","Snecko Heart"],"acts_visited":["Exordium","TheCity"],"potions_floor_usage":[7,13,16,18,19,22],"damage_taken":[{"damage":7,"enemies":"Small Slimes","floor":1,"turns":3},{"damage":0,"enemies":"Cultist","floor":3,"turns":4},{"damage":23,"enemies":"Lagavulin","floor":7,"turns":7},{"damage":8,"enemies":"2 Louse","floor":10,"turns":2},{"damage":18,"enemies":"3 Sentries","floor":11,"turns":5},{"damage":3,"enemies":"Gremlin Nob","floor":13,"turns":3},{"damage":0,"enemies":"Exordium Wildlife","floor":14,"turns":2},{"damage":42,"enemies":"Hexaghost","floor":16,"turns":11},{"damage":23,"enemies":"2 Thieves","floor":18,"turns":3},{"damage":3,"enemies":"Chosen","floor":19,"turns":4},{"damage":0,"enemies":"Snecko","floor":20,"turns":5},{"damage":0,"enemies":"Snake Plant","floor":22,"turns":2},{"damage":60,"enemies":"Gremlin Leader","floor":23,"turns":9}],"seed_played":"-4510247549040813601","potions_obtained":[{"floor":1,"key":"AttackPotion"},{"floor":11,"key":"SpeedPotion"},{"floor":13,"key":"Swift Potion"},{"floor":16,"key":"Cursed Concoction"},{"floor":18,"key":"Weak Potion"},{"floor":19,"key":"AttackPotion"}],"is_trial":false,"path_per_floor":["M","?","M","$","?","R","E","R","T","M","E","$","E","M","R","B",null,"M","M","M","?","M","E"],"character_chosen":"DEFECT","items_purchased":["ReplayTheSpireMod:CursedCoin","DataDisk","ReplayTheSpireMod:Calculation Training","Barrage"],"campfire_rested":3,"item_purchase_floors":[4,4,12,12],"current_hp_per_floor":[61,61,61,61,61,75,52,74,74,66,48,48,50,50,72,33,65,47,49,49,37,37,0,0],"gold":279,"neow_bonus":"BOSS_RELIC","is_daily":false,"chose_seed":false,"campfire_upgraded":0,"win_rate":0.0,"timestamp":1612222896,"path_taken":["M","?","M","$","?","R","E","R","T","M","E","$","E","M","R","BOSS","M","M","?","?","M","E"],"items_purchased_type":["Relic","Relic","Card","Card"],"build_version":"2020-12-22","purchased_purges":1,"victory":false,"max_hp_per_floor":[75,75,75,75,75,75,75,75,75,75,75,75,75,75,75,75,75,75,75,75,37,37,37,37],"card_choices":[{"not_picked":["Go for the Eyes","ReplayTheSpireMod:Repulse"],"picked":"Capacitor","floor":1},{"not_picked":["Rebound","Stack"],"picked":"Conserve Battery","floor":3},{"not_picked":["Conserve Battery","Redo"],"picked":"Hyperbeam","floor":7},{"not_picked":["Stack","Leap"],"picked":"Loop","floor":10},{"not_picked":["Stack","BootSequence"],"picked":"hubris:PowerSurge","floor":11},{"not_picked":["ReplaySort","Hologram","Self Repair"],"picked":"SKIP","floor":13},{"not_picked":["Rebound","Stack"],"picked":"Coolheaded","floor":14},{"not_picked":["Creative AI","Buffer"],"picked":"Echo Form","floor":16},{"not_picked":["Redo","Static Discharge"],"picked":"hubris:PowerSurge+1","floor":18},{"not_picked":["Ball Lightning","Gash"],"picked":"Conserve Battery","floor":19},{"not_picked":["Reboot","Panic Button"],"picked":"Rebound","floor":20},{"not_picked":["Conserve Battery+1","Redo"],"picked":"ReplayTheSpireMod:Reroute Power","floor":22}],"player_experience":849069,"relics_obtained":[{"floor":7,"key":"Toy Ornithopter"},{"floor":9,"key":"hubris:SphereOfDissonance"},{"floor":11,"key":"Onion Ring"},{"floor":13,"key":"Lantern"}],"event_choices":[{"damage_healed":0,"gold_gain":0,"player_choice":"Upgraded","damage_taken":0,"max_hp_gain":0,"max_hp_loss":0,"event_name":"Upgrade Shrine","floor":5,"gold_loss":0,"cards_upgraded":["Capacitor"]},{"damage_healed":0,"gold_gain":0,"player_choice":"Became a Ghost","damage_taken":0,"max_hp_gain":0,"max_hp_loss":38,"event_name":"Ghosts","floor":21,"gold_loss":0,"cards_obtained":["Ghostly","Ghostly","Ghostly","Ghostly","Ghostly"]}],"is_beta":false,"boss_relics":[{"not_picked":["Snecko Eye","hubris:Stopwatch"],"picked":"Snecko Heart"}],"items_purged_floors":[4],"is_endless":false,"potions_floor_spawned":[1,11,13,16,18,19],"killed_by":"Gremlin Leader","ascension_level":11}}