{"host":"qy1e0kd24tpj3i2m","time":1612209334,"event":{"mods":["Act Like it!","Alarm Clock","BaseMod","Better Skull","Better Vampires","Colored Map","Colored Powertips","Custom Start","Faster Ascension Climbing","Friendly Minions","GifTheSpireLib","Gremlin Skip","Highlight Path","Minty Spire (QoL Compilation)","Permanent Neow","Poor People Problems","Quick Restart","Red Circlet Mod","Relic Filter Mod","Relic Sorter","Reorder Act Four","SacredBarkPlus","Shop Mod","StSLib","SuperFastMode","Transform Curses","没有小屋子和绿帽子啦"],"gold_per_floor":[115,115,115,115,62,89,164,189,189,217,230,230,230,249,249,249,249],"floor_reached":16,"language":"ZHS","playtime":396,"items_purged":[],"score":232,"play_id":"0633ea84-a311-4f69-a307-e7b68e1fbe18","local_time":"20210202045534","is_ascension_mode":true,"campfire_choices":[{"floor":12.0,"key":"DIG"},{"floor":15.0,"key":"DIG"}],"circlet_count":0,"master_deck":["AscendersBane","Strike_R","Strike_R","Strike_R","Strike_R","Strike_R","Defend_R","Defend_R","Defend_R","Perfected Strike","Power Through","Feel No Pain","Perfected Strike","Perfected Strike","Whirlwind","Flame Barrier","Body Slam"],"relics":["Burning Blood","Bronze Scales","Kunai","Omamori","Shovel","CeramicFish","Letter Opener","WingedGreaves"],"acts_visited":["Exordium"],"potions_floor_usage":[],"damage_taken":[{"damage":14.0,"enemies":"Small Slimes","floor":1.0,"turns":5.0},{"damage":8.0,"enemies":"3 Sentries","floor":6.0,"turns":12.0},{"damage":18.0,"enemies":"Lagavulin","floor":8.0,"turns":7.0},{"damage":12.0,"enemies":"3 Sentries","floor":10.0,"turns":10.0},{"damage":0.0,"enemies":"Jaw Worm","floor":11.0,"turns":3.0},{"damage":0.0,"enemies":"2 Louse","floor":14.0,"turns":3.0},{"damage":9,"enemies":"Hexaghost","floor":16,"turns":9}],"seed_played":"-2295585560713348657","potions_obtained":[{"floor":6.0,"key":"CultistPotion"},{"floor":8.0,"key":"Weak Potion"}],"is_trial":false,"path_per_floor":["M","?","?","?","$","E","?","E","T","E","M","R","T","M","R","B"],"character_chosen":"IRONCLAD","items_purchased":["Perfected Strike"],"campfire_rested":0,"item_purchase_floors":[5],"current_hp_per_floor":[60,53,53,42,42,40,29,17,17,11,17,17,17,23,23,14,14],"gold":249,"neow_bonus":"THREE_CARDS","is_daily":false,"chose_seed":false,"campfire_upgraded":0,"win_rate":0.0,"timestamp":1612209334,"path_taken":["M","?","?","?","$","E","?","E","T","E","?","R","?","M","R","BOSS"],"items_purchased_type":["Card"],"build_version":"2020-12-22","purchased_purges":0,"victory":false,"max_hp_per_floor":[75,75,75,75,75,75,75,75,75,75,75,75,75,75,75,75,75],"card_choices":[{"not_picked":["Sever Soul","Blood for Blood"],"picked":"Perfected Strike","floor":0.0},{"not_picked":["Heavy Blade","Thunderclap"],"picked":"Power Through","floor":1.0},{"not_picked":["Whirlwind","Power Through"],"picked":"Perfected Strike","floor":6.0},{"not_picked":["Sword Boomerang","Shockwave"],"picked":"Whirlwind","floor":8.0},{"not_picked":["Clothesline","Sword Boomerang","Dropkick"],"picked":"SKIP","floor":10.0},{"not_picked":["Heavy Blade","Fire Breathing"],"picked":"Flame Barrier","floor":11.0},{"not_picked":["Sword Boomerang","Combust"],"picked":"Body Slam","floor":14.0}],"player_experience":972099,"relics_obtained":[{"floor":6.0,"key":"Kunai"},{"floor":8.0,"key":"Omamori"},{"floor":10.0,"key":"Shovel"},{"floor":12.0,"key":"CeramicFish"},{"floor":13.0,"key":"Letter Opener"},{"floor":15.0,"key":"WingedGreaves"}],"event_choices":[{"cards_removed":["Bash"],"damage_healed":0.0,"max_hp_gain":0.0,"max_hp_loss":0.0,"gold_gain":0.0,"event_name":"Golden Wing","player_choice":"Card Removal","floor":2.0,"gold_loss":0.0,"damage_taken":7.0},{"damage_healed":0.0,"max_hp_gain":0.0,"max_hp_loss":0.0,"gold_gain":0.0,"cards_transformed":["Defend_R"],"event_name":"Living Wall","player_choice":"Change","floor":3.0,"gold_loss":0.0,"damage_taken":0.0,"cards_obtained":["Feel No Pain"]},{"damage_healed":0.0,"max_hp_gain":0.0,"max_hp_loss":0.0,"gold_gain":0.0,"event_name":"Scrap Ooze","player_choice":"Success","floor":4.0,"gold_loss":0.0,"damage_taken":11.0,"relics_obtained":["Bronze Scales"]},{"damage_healed":0.0,"max_hp_gain":0.0,"max_hp_loss":0.0,"gold_gain":75.0,"event_name":"World of Goop","player_choice":"Gather Gold","floor":7.0,"gold_loss":0.0,"damage_taken":11.0}],"is_beta":false,"boss_relics":[],"items_purged_floors":[],"is_endless":false,"potions_floor_spawned":[6,8],"killed_by":"Hexaghost","ascension_level":20}}