{"host":"swphzoo6hmc78epl","time":1612147473,"event":{"mods":["BaseMod","Highlight Path","Minty Spire (QoL Compilation)","Quick Restart"],"gold_per_floor":[114,114,133,153,228,262,5,21,21,40,40,53,53,65,65,65,65],"floor_reached":16,"language":"ENG","playtime":431,"items_purged":["Strike_B"],"score":120,"play_id":"00a60e5f-be36-437d-8b2c-4d24c5f46865","local_time":"20210131214433","is_ascension_mode":true,"campfire_choices":[{"floor":11,"key":"REST"},{"data":"Zap","floor":15,"key":"SMITH"}],"circlet_count":0,"master_deck":["Strike_B","Strike_B","Defend_B","Defend_B","Defend_B","Defend_B","Zap+1","Dualcast","Rebound","Beam Cell","Scrape","Heatsinks","Capacitor","Sunder","Storm","Barrage"],"relics":["Cracked Core","NeowsBlessing","Mummified Hand","Omamori"],"acts_visited":["Exordium"],"potions_floor_usage":[6,6,14],"damage_taken":[{"damage":0,"enemies":"2 Louse","floor":1,"turns":1},{"damage":0,"enemies":"Cultist","floor":3,"turns":1},{"damage":0,"enemies":"Small Slimes","floor":4,"turns":1},{"damage":20,"enemies":"Lagavulin","floor":6,"turns":6},{"damage":32,"enemies":"Exordium Thugs","floor":8,"turns":4},{"damage":11,"enemies":"Looter","floor":10,"turns":2},{"damage":13,"enemies":"Blue Slaver","floor":12,"turns":2},{"damage":6,"enemies":"Exordium Thugs","floor":14,"turns":3},{"damage":0,"enemies":"The Guardian","floor":16,"turns":2}],"seed_played":"2091765185642676839","potions_obtained":[{"floor":1,"key":"Weak Potion"},{"floor":3,"key":"PowerPotion"},{"floor":8,"key":"Fire Potion"},{"floor":14,"key":"Fruit Juice"}],"is_trial":false,"path_per_floor":["M","?","M","M","?","E","$","M","T","M","R","M","$","M","R","B"],"character_chosen":"DEFECT","items_purchased":["Capacitor","Omamori"],"campfire_rested":1,"item_purchase_floors":[7,7],"current_hp_per_floor":[75,75,75,75,64,44,44,12,12,1,23,10,10,9,9,9,9],"gold":65,"neow_bonus":"THREE_ENEMY_KILL","is_daily":false,"chose_seed":false,"campfire_upgraded":1,"win_rate":0.0,"timestamp":1612147473,"path_taken":["M","?","M","?","?","E","$","M","T","M","R","M","$","M","R","BOSS"],"items_purchased_type":["Card","Relic"],"build_version":"2020-12-22","purchased_purges":1,"victory":false,"max_hp_per_floor":[75,75,75,75,75,75,75,75,75,75,75,75,75,80,80,80,80],"card_choices":[{"not_picked":["Heatsinks","Barrage"],"picked":"Rebound","floor":1},{"not_picked":["Redo","Defragment"],"picked":"Beam Cell","floor":3},{"not_picked":["Sunder","Fusion"],"picked":"Scrape","floor":4},{"not_picked":["Compile Driver","Auto Shields"],"picked":"Heatsinks","floor":6},{"not_picked":["Stack","Doom and Gloom","Auto Shields"],"picked":"SKIP","floor":8},{"not_picked":["Hologram","Tempest"],"picked":"Sunder","floor":10},{"not_picked":["Barrage","Hologram"],"picked":"Storm","floor":12},{"not_picked":["Redo","Reprogram"],"picked":"Barrage","floor":14}],"player_experience":852805,"relics_obtained":[{"floor":6,"key":"Mummified Hand"}],"event_choices":[{"cards_removed":["Strike_B"],"damage_healed":0,"gold_gain":0,"player_choice":"Offered Basic","damage_taken":0,"max_hp_gain":0,"max_hp_loss":0,"event_name":"Bonfire Elementals","floor":2,"gold_loss":0},{"damage_healed":0,"gold_gain":75,"player_choice":"Gather Gold","damage_taken":11,"max_hp_gain":0,"max_hp_loss":0,"event_name":"World of Goop","floor":5,"gold_loss":0}],"is_beta":false,"boss_relics":[],"items_purged_floors":[7],"is_endless":false,"potions_floor_spawned":[1,3,8,14],"killed_by":"The Guardian","ascension_level":3}}