{"host":"vhvubw4jk4f204qs","time":1612202812,"event":{"mods":["AchievementEnabler","BaseMod","DeckTracker","GifTheSpireLib","Minty Spire (QoL Compilation)","Permanent Neow","Quick Restart","StSLib","SuperFastMode","The IronCluck","slay the spire mod where everything is the same but ironclad has a cowboy hat"],"gold_per_floor":[114,132,150,150,150,150,150],"floor_reached":6,"language":"ENG","playtime":231,"items_purged":[],"score":47,"play_id":"57be07ac-ac75-4c83-a4a9-341db3eff478","local_time":"20210201130652","is_ascension_mode":true,"campfire_choices":[],"circlet_count":0,"master_deck":["Strike_R","Strike_R","Strike_R","Strike_R","Defend_R","Defend_R","Defend_R","Defend_R","Bash","Blood for Blood","Shrug It Off","Shrug It Off"],"relics":["Burning Blood","Dream Catcher","GremlinMask"],"acts_visited":["Exordium"],"potions_floor_usage":[],"damage_taken":[{"damage":1,"enemies":"Cultist","floor":1,"turns":4},{"damage":9,"enemies":"Jaw Worm","floor":2,"turns":4},{"damage":2,"enemies":"2 Louse","floor":3,"turns":4},{"damage":0,"enemies":"Gremlin Nob","floor":6,"turns":1}],"seed_played":"3054623276353459676","potions_obtained":[{"floor":1,"key":"FearPotion"},{"floor":2,"key":"EssenceOfSteel"},{"floor":3,"key":"ElixirPotion"}],"is_trial":false,"path_per_floor":["M","M","M","?","?","E"],"character_chosen":"IRONCLAD","items_purchased":[],"campfire_rested":0,"item_purchase_floors":[],"current_hp_per_floor":[77,74,78,71,71,71,71],"gold":150,"neow_bonus":"RANDOM_COMMON_RELIC","is_daily":false,"chose_seed":false,"campfire_upgraded":0,"win_rate":0.0,"timestamp":1612202812,"path_taken":["M","M","M","?","?","E"],"items_purchased_type":[],"build_version":"2020-12-22","purchased_purges":0,"victory":false,"max_hp_per_floor":[80,80,80,80,80,80,80],"card_choices":[{"not_picked":["Second Wind","Pummel"],"picked":"Blood for Blood","floor":1},{"not_picked":["Clothesline","Infernal Blade"],"picked":"Shrug It Off","floor":2},{"not_picked":["Ghostly Armor","Body Slam"],"picked":"Shrug It Off","floor":3}],"player_experience":754785,"relics_obtained":[],"event_choices":[{"cards_removed":["Strike_R"],"damage_healed":0,"gold_gain":0,"player_choice":"Card Removal","damage_taken":7,"max_hp_gain":0,"max_hp_loss":0,"event_name":"Golden Wing","floor":4,"gold_loss":0},{"damage_healed":0,"gold_gain":0,"player_choice":"Trade","damage_taken":0,"relics_obtained":["GremlinMask"],"max_hp_gain":0,"max_hp_loss":0,"event_name":"FaceTrader","floor":5,"gold_loss":0}],"is_beta":false,"boss_relics":[],"items_purged_floors":[],"is_endless":false,"potions_floor_spawned":[1,2,3],"killed_by":"Gremlin Nob","ascension_level":6}}