{"host":"evny4tziu33vpgm7","time":1612173438,"event":{"mods":["2.2 Compatiblity","Astrologer","BaseMod","BetterRewards","Booster Modes","Card Filter","Clockwork Mod","Colored Map","Colored Powertips","Dota2Spire","Fox Events","Friendly Minions","GifTheSpireLib","Minty Spire (QoL Compilation)","Random Character Button","Random Character Mod","Rare Cards Sparkle","Relic Filter","Relic Sorter","Reliquary","Shop Mod","Spire Arcade","StSLib","SuperFastMode","The Blue Laboratory","The Construct","The Hierophant","TheSurvivalist","TheVacant","Yuri Mod","??????REMEMod"],"gold_per_floor":[194,194,144,41,149,149,149,149,253,321,394,394,394,471,471,424,424],"floor_reached":16,"language":"ENG","playtime":2244,"items_purged":[],"score":144,"play_id":"bc71ce10-2e7d-4fdc-81ab-9f7c9ccf1b14","local_time":"20210201025718","daily_mods":["SealedDeck","Heirloom","Flight","DeadlyEvents"],"is_ascension_mode":false,"campfire_choices":[{"data":"hierophant:Kindle","floor":6,"key":"SMITH"},{"data":"REME_Flogging","floor":7,"key":"SMITH"},{"data":"hierophant:RepressedViolence","floor":8,"key":"SMITH"},{"data":"hierophant:Doubloon","floor":12,"key":"SMITH"},{"data":"hierophant:Doubloon","floor":13,"key":"SMITH"},{"data":"hierophant:Doubloon","floor":15,"key":"SMITH"}],"circlet_count":0,"master_deck":["hierophant:Community","hierophant:Remorse","hierophant:RepressedViolence+1","hierophant:OrnateBuckler","hierophant:OrnateBuckler","hierophant:ConvertCurrency","hierophant:RecallFunds","hierophant:EyeForCoin","hierophant:BulkyChest","hierophant:Kindle+1","hierophant:Doubloon+1","hierophant:Doubloon+1","hierophant:Doubloon+1","hierophant:FieryStrike","REME_Flogging+1","hierophant:AuricBeam","hierophant:Doubloon"],"relics":["hierophant:PropheticMaskRelic","REME_ComplimentaryCards","reliquary:PurpleTingedLeaf","MerchantsRug","foxEvents:LuckyCharm","Dota2Spire:PhaseBoots","Dota2Spire:Vanguard","Pen Nib"],"acts_visited":["Exordium"],"potions_floor_usage":[],"damage_taken":[{"damage":18,"enemies":"2 Louse","floor":1,"turns":4},{"damage":53,"enemies":"Colosseum Slavers","floor":5,"turns":7},{"damage":0,"enemies":"Jaw Worm","floor":10,"turns":2},{"damage":0,"enemies":"Gremlin Nob","floor":11,"turns":2},{"damage":12,"enemies":"The Guardian","floor":16,"turns":3}],"seed_played":"8457563727050950608","potions_obtained":[{"floor":1,"key":"Fire Potion"},{"floor":5,"key":"blueLaboratory:HummingbirdPotion"},{"floor":11,"key":"blueLaboratory:Moonshine"}],"is_trial":true,"path_per_floor":["M","?","?","$","?","R","R","R","T","M","E","R","R","T","R","B"],"character_chosen":"HIEROPHANT","items_purchased":["MerchantsRug","hierophant:AuricBeam"],"campfire_rested":0,"item_purchase_floors":[4,4],"current_hp_per_floor":[57,57,57,57,4,4,4,4,4,5,5,5,5,5,5,0,0],"gold":424,"neow_bonus":"","is_daily":false,"chose_seed":false,"campfire_upgraded":6,"win_rate":0.0,"timestamp":1612173438,"path_taken":["M","?","?","$","?","R","R","R","T","?","E","R","R","?","R","BOSS"],"items_purchased_type":["Relic","Card"],"build_version":"2020-12-22","purchased_purges":0,"victory":false,"max_hp_per_floor":[75,75,75,75,75,75,75,75,75,75,75,75,75,75,75,75,75],"card_choices":[{"not_picked":["hierophant:Chorus","hierophant:HolyVerse"],"picked":"hierophant:FieryStrike","floor":1},{"not_picked":["hierophant:Purify","hierophant:RecallFunds","hierophant:SecretStash"],"picked":"SKIP","floor":10},{"not_picked":["hierophant:AuricForm","hierophant:FieryStrike","hierophant:HolyVerse"],"picked":"SKIP","floor":11}],"player_experience":1598757,"relics_obtained":[{"floor":5,"key":"foxEvents:LuckyCharm"},{"floor":9,"key":"Dota2Spire:PhaseBoots"},{"floor":11,"key":"Dota2Spire:Vanguard"},{"floor":14,"key":"Pen Nib"}],"event_choices":[{"damage_healed":0,"gold_gain":0,"player_choice":"Box","damage_taken":0,"relics_obtained":["reliquary:PurpleTingedLeaf"],"max_hp_gain":0,"max_hp_loss":0,"event_name":"Big Fish","floor":2,"gold_loss":0,"cards_obtained":["Regret"]},{"cards_removed":["Regret"],"damage_healed":0,"gold_gain":0,"player_choice":"Card Removal","damage_taken":0,"max_hp_gain":0,"max_hp_loss":0,"event_name":"The Cleric","floor":3,"gold_loss":50}],"is_beta":false,"boss_relics":[],"items_purged_floors":[],"is_endless":false,"potions_floor_spawned":[1,5,11],"killed_by":"The Guardian","ascension_level":0}}