{"host":"yans4pr1zf0lm9bx","time":1612203508,"event":{"mods":["AchievementEnabler","BaseMod","Downfall","Minty Spire (QoL Compilation)","StSLib","SuperFastMode","slay the spire mod where everything is the same but ironclad has a cowboy hat"],"gold_per_floor":[99,118,118,137,194,194,221,221,233,383,401,428,440,440,454,549,549,549,567,578,286,286,286,313,313,29,47,57,72,72,72,87,87,87,87],"floor_reached":33,"language":"ENG","playtime":6032,"items_purged":["sneckomod:Strike"],"score":276,"play_id":"73809b18-5f29-4127-b46c-4a0547f0ded2","local_time":"20210201131828","is_ascension_mode":false,"campfire_choices":[{"data":"sneckomod:Unknown","floor":1,"key":"SMITH"},{"data":"sneckomod:Unknown","floor":6,"key":"SMITH"},{"data":"sneckomod:SerpentIdol","floor":8,"key":"SMITH"},{"data":"sneckomod:UnlimitedRolls","floor":18,"key":"SMITH"},{"data":"sneckomod:UnendingSupply","floor":25,"key":"SMITH"}],"circlet_count":0,"master_deck":["sneckomod:TailWhip","sneckomod:SnekBite","sneckomod:Unknown+1","sneckomod:Unknown+1","sneckomod:SerpentIdol+1","sneckomod:UnknownBlock","sneckomod:DiceBlock","sneckomod:TrashToTreasure","downfall:Icky","sneckomod:UnendingSupply+1","sneckomod:Unknown0Cost","sneckomod:ImprovisedAttack","sneckomod:UnknownStrike","sneckomod:UnlimitedRolls+1","sneckomod:Unknown1Cost","sneckomod:CheapStock","sneckomod:Unknown1Cost","sneckomod:UnknownUncommonPower","sneckomod:UnknownStrike","sneckomod:SoulCleanse","downfall:Bewildered","sneckomod:Unknown3Cost","sneckomod:UnknownCommonSkill","sneckomod:UnknownStrike","sneckomod:Unknown2Cost","sneckomod:UnknownExhaust+1","sneckomod:SoulDraw","sneckomod:UnendingSupply","sneckomod:UnknownStrike+1","sneckomod:UnknownDraw+1","sneckomod:Nope+1","sneckomod:DiceBlock+1"],"relics":["sneckomod:SneckoSoul","Pocketwatch","Dream Catcher","Mercury Hourglass","Ice Cream","bronze:MakeshiftBattery","sneckomod:BabySnecko","Potion Belt","Strange Spoon"],"acts_visited":["Exordium","TheCity"],"potions_floor_usage":[12,13,19,27,28,31,31],"damage_taken":[{"damage":5,"enemies":"2 Louse","floor":2,"turns":4},{"damage":0,"enemies":"Cultist","floor":4,"turns":4},{"damage":20,"enemies":"3 Sentries","floor":5,"turns":12},{"damage":0,"enemies":"Small Slimes","floor":9,"turns":3},{"damage":0,"enemies":"3 Louse","floor":11,"turns":3},{"damage":24,"enemies":"3 Sentries","floor":12,"turns":7},{"damage":0,"enemies":"2 Fungi Beasts","floor":13,"turns":2},{"damage":14,"enemies":"Blue Slaver","floor":15,"turns":3},{"damage":30,"enemies":"DF_ARCHETYPE_STREAMLINE","floor":16,"turns":9},{"damage":0,"enemies":"Spheric Guardian","floor":19,"turns":3},{"damage":10,"enemies":"3 Byrds","floor":20,"turns":5},{"damage":0,"enemies":"downfall:FleeingMerchant","floor":21,"turns":4},{"damage":3,"enemies":"downfall:FleeingMerchant","floor":26,"turns":4},{"damage":16,"enemies":"Centurion and Healer","floor":27,"turns":5},{"damage":31,"enemies":"Shelled Parasite and Fungi","floor":28,"turns":4},{"damage":18,"enemies":"Snake Plant","floor":29,"turns":4},{"damage":0,"enemies":"3 Cultists","floor":31,"turns":2},{"damage":2,"enemies":"Centurion and Healer","floor":32,"turns":4},{"damage":28,"enemies":"WA_ARCHETYPE_CALM","floor":33,"turns":2}],"seed_played":"2537890267668643472","potions_obtained":[{"floor":4,"key":"SpeedPotion"},{"floor":12,"key":"DistilledChaos"},{"floor":13,"key":"LiquidBronze"},{"floor":16,"key":"Explosive Potion"},{"floor":20,"key":"Block Potion"},{"floor":27,"key":"SkillPotion"},{"floor":28,"key":"SmokeBomb"},{"floor":29,"key":"Swift Potion"}],"is_trial":false,"path_per_floor":["R","M","?","M","?","R","T","R","M","?","M","E","M","?","M","B",null,"R","M","M","$","?","?","T","R","$","M","M","M","?","M","M","B"],"character_chosen":"THE_SNECKO","items_purchased":["sneckomod:UnknownUncommonPower","sneckomod:UnknownStrike","sneckomod:SoulCleanse","sneckomod:SoulDraw","sneckomod:UnendingSupply","Strange Spoon"],"campfire_rested":0,"item_purchase_floors":[21,21,21,26,26,26],"current_hp_per_floor":[99,94,94,94,74,74,74,74,74,74,74,60,60,53,39,9,99,99,99,89,89,89,89,89,89,86,70,39,29,29,29,27,0,0,0],"gold":87,"neow_bonus":"TEN_PERCENT_HP_BONUS","is_daily":false,"chose_seed":false,"campfire_upgraded":5,"win_rate":0.0,"timestamp":1612203508,"path_taken":["R","M","?","?","?","R","T","R","M","?","M","E","M","?","M","BOSS","R","M","M","$","?","?","T","R","$","M","M","M","?","?","M","BOSS"],"items_purchased_type":["Card","Card","Card","Card","Card","Relic"],"build_version":"2020-12-22","purchased_purges":1,"victory":false,"max_hp_per_floor":[99,99,99,99,99,99,99,99,99,99,99,99,99,99,99,99,99,99,99,99,99,99,99,99,99,99,99,99,99,99,99,99,99,99,99],"card_choices":[{"not_picked":["sneckomod:DiceBoulder","sneckomod:WideSting"],"picked":"sneckomod:SerpentIdol","floor":2},{"not_picked":["sneckomod:CheapStock","sneckomod:QuickBite"],"picked":"sneckomod:UnknownBlock","floor":4},{"not_picked":["sneckomod:UnknownCommonSkill","sneckomod:UnknownWeak"],"picked":"sneckomod:DiceBlock","floor":5},{"not_picked":["sneckomod:MasterEye","sneckomod:CheapStock"],"picked":"sneckomod:TrashToTreasure","floor":9},{"not_picked":["sneckomod:IronFang","sneckomod:QuickBite"],"picked":"sneckomod:UnendingSupply","floor":11},{"not_picked":["sneckomod:Mudshield","sneckomod:DefensiveFlair"],"picked":"sneckomod:Unknown0Cost","floor":12},{"not_picked":["sneckomod:QuickMove","sneckomod:RainOfDice"],"picked":"sneckomod:ImprovisedAttack","floor":13},{"not_picked":["sneckomod:RainOfDice","sneckomod:UnknownCommonSkill"],"picked":"sneckomod:UnknownStrike","floor":15},{"not_picked":["sneckomod:UnknownRareSkill","sneckomod:DangerNoodle"],"picked":"sneckomod:UnlimitedRolls","floor":16},{"not_picked":["sneckomod:QuickBite","sneckomod:ImprovisedAttack"],"picked":"sneckomod:Unknown1Cost","floor":19},{"not_picked":["sneckomod:UnknownVulnerable","sneckomod:UnknownClassSLIMEBOUND"],"picked":"sneckomod:CheapStock","floor":20},{"not_picked":["sneckomod:DiceCrush","sneckomod:UnknownBlock"],"picked":"sneckomod:Unknown1Cost","floor":21},{"not_picked":["sneckomod:IronFang","sneckomod:Cheat"],"picked":"sneckomod:UnknownExhaust+1","floor":26},{"not_picked":["sneckomod:UnknownClassSLIMEBOUND","sneckomod:ImprovisedGuard"],"picked":"sneckomod:UnknownStrike+1","floor":27},{"not_picked":["sneckomod:QuickBite","sneckomod:Nope"],"picked":"sneckomod:UnknownDraw","floor":28},{"not_picked":["sneckomod:ImprovisedGuard","sneckomod:WideSting"],"picked":"sneckomod:Nope+1","floor":29},{"not_picked":["sneckomod:SoulRoll","sneckomod:UnknownClassPURPLE"],"picked":"sneckomod:DiceBlock+1","floor":32}],"player_experience":282037,"relics_obtained":[{"floor":5,"key":"Pocketwatch"},{"floor":7,"key":"Dream Catcher"},{"floor":12,"key":"Mercury Hourglass"},{"floor":24,"key":"Potion Belt"}],"event_choices":[{"cards_removed":["sneckomod:Strike"],"damage_healed":0,"gold_gain":0,"player_choice":"Offered Basic","damage_taken":0,"max_hp_gain":0,"max_hp_loss":0,"event_name":"Bonfire Elementals","floor":3,"gold_loss":0},{"damage_healed":0,"gold_gain":0,"player_choice":"Success","damage_taken":7,"relics_obtained":["Ice Cream"],"max_hp_gain":0,"max_hp_loss":0,"event_name":"Scrap Ooze","floor":14,"gold_loss":0},{"damage_healed":0,"gold_gain":0,"player_choice":"Forge","damage_taken":0,"max_hp_gain":0,"max_hp_loss":0,"event_name":"Accursed Blacksmith","floor":30,"gold_loss":0,"cards_upgraded":["sneckomod:UnknownDraw"]}],"is_beta":false,"boss_relics":[{"not_picked":["Runic Pyramid","Black Star"],"picked":"bronze:MakeshiftBattery"}],"items_purged_floors":[21],"is_endless":false,"potions_floor_spawned":[4,12,13,16,20,27,28,29],"killed_by":"WA_ARCHETYPE_CALM","ascension_level":0}}