{"host":"2js2pxuugveqjuf7","time":1612160482,"event":{"mods":["BaseMod","Colored Map","Minty Spire (QoL Compilation)","Quick Restart","Random Character Button","Relic Stats","StSLib"],"gold_per_floor":[119,131,143,161,180,215,215,232,308,321,352,366,366,386,386,486,486,497,497,29,48,48,48,48],"floor_reached":23,"language":"ENG","playtime":2773,"items_purged":["SignatureMove+1"],"score":367,"play_id":"ff8adc27-f9fa-43d6-8f0b-43f49e12fbd3","local_time":"20210201002122","is_ascension_mode":true,"campfire_choices":[{"data":"EmptyFist","floor":7.0,"key":"SMITH"},{"data":"Eruption","floor":13.0,"key":"SMITH"},{"data":"Vigilance","floor":15.0,"key":"SMITH"}],"circlet_count":0,"master_deck":["Eruption+1","Vigilance+1","Weave+1","CutThroughFate+1","WaveOfTheHand","EmptyFist+1","Halt","FearNoEvil","ClearTheMind","Halt","CutThroughFate+1","ReachHeaven+1","MentalFortress","Scrawl","ConjureBlade","InnerPeace","Sanctity","Swivel","Ragnarok+1","SandsOfTime+1","ThirdEye","LikeWater","Perseverance","WheelKick+1","Collect"],"relics":["PureWater","FossilizedHelix","Orichalcum","Molten Egg 2","Torii","Pandora\u0027s Box","Enchiridion","Whetstone","Medical Kit"],"acts_visited":["Exordium","TheCity"],"potions_floor_usage":[],"damage_taken":[{"damage":0.0,"enemies":"Cultist","floor":1.0,"turns":2.0},{"damage":0.0,"enemies":"2 Louse","floor":2.0,"turns":2.0},{"damage":0.0,"enemies":"Jaw Worm","floor":3.0,"turns":4.0},{"damage":0.0,"enemies":"Large Slime","floor":4.0,"turns":3.0},{"damage":6.0,"enemies":"Looter","floor":5.0,"turns":4.0},{"damage":0.0,"enemies":"Gremlin Nob","floor":6.0,"turns":3.0},{"damage":0.0,"enemies":"Gremlin Gang","floor":8.0,"turns":5.0},{"damage":0.0,"enemies":"Large Slime","floor":10.0,"turns":4.0},{"damage":5.0,"enemies":"Lagavulin","floor":11.0,"turns":6.0},{"damage":0.0,"enemies":"Exordium Thugs","floor":12.0,"turns":2.0},{"damage":0.0,"enemies":"Looter","floor":14.0,"turns":2.0},{"damage":0.0,"enemies":"The Guardian","floor":16.0,"turns":12.0},{"damage":0.0,"enemies":"Shell Parasite","floor":18.0,"turns":1.0},{"damage":0.0,"enemies":"2 Thieves","floor":21.0,"turns":3.0},{"damage":7,"enemies":"Book of Stabbing","floor":23,"turns":2}],"seed_played":"-6689028420169182265","potions_obtained":[{"floor":4.0,"key":"Weak Potion"},{"floor":8.0,"key":"PowerPotion"},{"floor":10.0,"key":"EssenceOfSteel"},{"floor":11.0,"key":"GamblersBrew"},{"floor":16.0,"key":"Strength Potion"}],"is_trial":false,"path_per_floor":["M","M","M","M","M","E","R","M","T","M","E","M","R","M","R","B",null,"M","?","$","M","?","E"],"character_chosen":"WATCHER","items_purchased":["ThirdEye","Whetstone","Medical Kit","LikeWater"],"campfire_rested":0,"item_purchase_floors":[20,20,20,20],"current_hp_per_floor":[65,65,65,65,59,59,59,59,59,59,54,54,54,54,54,54,62,62,46,46,46,46,39,39],"gold":48,"neow_bonus":"ONE_RARE_RELIC","is_daily":false,"chose_seed":false,"campfire_upgraded":3,"win_rate":0.0,"timestamp":1612160482,"path_taken":["M","?","M","M","M","E","R","M","T","M","E","?","R","M","R","BOSS","M","?","$","M","?","E"],"items_purchased_type":["Card","Relic","Relic","Card"],"build_version":"2020-12-22","purchased_purges":1,"victory":false,"max_hp_per_floor":[65,65,65,65,65,65,65,65,65,65,65,65,65,65,65,65,65,65,65,65,65,65,65,65],"relic_stats":{"Torii":0,"counters":[15,55],"Pandora\u0027s Box":["Prostrate","SignatureMove","ConjureBlade","InnerPeace","Sanctity","WaveOfTheHand","Swivel","Ragnarok"],"Whetstone":["CutThroughFate","Weave"],"Orichalcum":[54],"Medical Kit":[0],"obtain_stats":[{"Torii":11,"Enchiridion":19,"Molten Egg 2":9,"Pandora\u0027s Box":17,"Whetstone":20,"PureWater":0,"Orichalcum":6,"Medical Kit":20,"FossilizedHelix":0},{"Torii":9,"Enchiridion":13,"Molten Egg 2":7,"Pandora\u0027s Box":12,"Whetstone":13,"PureWater":0,"Orichalcum":6,"Medical Kit":13,"FossilizedHelix":0},{"Torii":33,"Enchiridion":50,"Molten Egg 2":23,"Pandora\u0027s Box":49,"Whetstone":50,"PureWater":0,"Orichalcum":18,"Medical Kit":50,"FossilizedHelix":0}]},"card_choices":[{"not_picked":["FlyingSleeves","Prostrate"],"picked":"Weave","floor":1.0},{"not_picked":["FlurryOfBlows","MentalFortress"],"picked":"CutThroughFate","floor":2.0},{"not_picked":["EmptyBody","Prostrate"],"picked":"WaveOfTheHand","floor":3.0},{"not_picked":["BowlingBash","SashWhip"],"picked":"EmptyFist","floor":4.0},{"not_picked":["Protect","SashWhip"],"picked":"Halt","floor":5.0},{"not_picked":["FollowUp","Consecrate"],"picked":"FearNoEvil","floor":6.0},{"not_picked":["EmptyFist","Protect"],"picked":"ClearTheMind","floor":8.0},{"not_picked":["Establishment","EmptyFist+1"],"picked":"Halt","floor":10.0},{"not_picked":["ClearTheMind","Meditate"],"picked":"CutThroughFate+1","floor":11.0},{"not_picked":["PathToVictory","LikeWater"],"picked":"ReachHeaven+1","floor":12.0},{"not_picked":["BowlingBash+1","Devotion"],"picked":"MentalFortress","floor":14.0},{"not_picked":["Wish","SpiritShield"],"picked":"Scrawl","floor":16.0},{"not_picked":["EmptyFist+1","PathToVictory+1"],"picked":"SandsOfTime+1","floor":18.0},{"not_picked":["WindmillStrike+1","FollowUp+1"],"picked":"Perseverance","floor":21.0}],"player_experience":357938,"relics_obtained":[{"floor":6.0,"key":"Orichalcum"},{"floor":9.0,"key":"Molten Egg 2"},{"floor":11.0,"key":"Torii"},{"floor":19.0,"key":"Enchiridion"}],"event_choices":[{"damage_healed":0.0,"max_hp_gain":0.0,"max_hp_loss":0.0,"gold_gain":0.0,"event_name":"Cursed Tome","player_choice":"Obtained Book","floor":19.0,"gold_loss":0.0,"damage_taken":16.0},{"damage_healed":0.0,"max_hp_gain":0.0,"max_hp_loss":0.0,"gold_gain":0.0,"cards_transformed":["WaveOfTheHand","Prostrate"],"event_name":"Drug Dealer","player_choice":"Became Test Subject","floor":22.0,"gold_loss":0.0,"damage_taken":0.0,"cards_obtained":["WheelKick","Collect"]}],"is_beta":false,"boss_relics":[{"not_picked":["Coffee Dripper","Black Star"],"picked":"Pandora\u0027s Box"}],"items_purged_floors":[20],"is_endless":false,"potions_floor_spawned":[4,8,10,11,16],"killed_by":"Book of Stabbing","ascension_level":6}}