{"host":"xltl1aroowo69o4n","time":1612215789,"event":{"mods":["BaseMod","Colored Map","Colored Powertips","Minty Spire (QoL Compilation)","StSLib"],"gold_per_floor":[114,114,126,36,51,51,77,77,102,129,140,33,45,59,59,157,157,173,173,173,191,206,206,241,25,79,93,107,107,126,51,51,152,152,162,262,279,279,279],"floor_reached":38,"language":"ENG","playtime":1492,"items_purged":[],"score":408,"play_id":"6a8a7a00-26f8-4722-ab67-0aba44ebeea2","local_time":"20210201164309","is_ascension_mode":false,"campfire_choices":[{"data":"Apotheosis","floor":6.0,"key":"SMITH"},{"floor":8.0,"key":"REST"},{"floor":15.0,"key":"REST"},{"floor":23,"key":"REST"},{"floor":32,"key":"REST"}],"circlet_count":0,"master_deck":["Strike_B","Strike_B","Strike_B","Defend_B","Defend_B","Defend_B","Defend_B","Zap","Dualcast","Apotheosis+1","Lockon","Cold Snap","Dark Shackles","Sweeping Beam","Static Discharge","Beam Cell","Streamline","Self Repair","Leap","BootSequence","Melter","Core Surge","Redo","Deep Breath","Turbo","Leap+1","Redo","Steam","White Noise","Streamline","Storm","Thunder Strike","CurseOfTheBell","Stack"],"relics":["Cracked Core","Potion Belt","Mummified Hand","Bag of Marbles","Toy Ornithopter","Busted Crown","Oddly Smooth Stone","Boot","Happy Flower","Calling Bell","MealTicket","Eternal Feather","StoneCalendar"],"acts_visited":["Exordium","TheCity","TheBeyond"],"potions_floor_usage":[33,33,35,35,38],"damage_taken":[{"damage":0.0,"enemies":"2 Louse","floor":1.0,"turns":3.0},{"damage":0.0,"enemies":"Cultist","floor":3.0,"turns":3.0},{"damage":0.0,"enemies":"Jaw Worm","floor":5.0,"turns":3.0},{"damage":18.0,"enemies":"3 Sentries","floor":7.0,"turns":5.0},{"damage":8.0,"enemies":"Lagavulin","floor":10.0,"turns":5.0},{"damage":0.0,"enemies":"2 Fungi Beasts","floor":11.0,"turns":2.0},{"damage":12.0,"enemies":"Gremlin Gang","floor":13.0,"turns":2.0},{"damage":1.0,"enemies":"Looter","floor":14.0,"turns":3.0},{"damage":8.0,"enemies":"Hexaghost","floor":16.0,"turns":8.0},{"damage":22,"enemies":"3 Byrds","floor":18,"turns":3},{"damage":0,"enemies":"Chosen","floor":21,"turns":4},{"damage":11,"enemies":"Snake Plant","floor":22,"turns":4},{"damage":19,"enemies":"Book of Stabbing","floor":24,"turns":5},{"damage":8,"enemies":"Snecko","floor":27,"turns":5},{"damage":10,"enemies":"Cultist and Chosen","floor":28,"turns":5},{"damage":0,"enemies":"Shelled Parasite and Fungi","floor":30,"turns":4},{"damage":63,"enemies":"Champ","floor":33,"turns":9},{"damage":51,"enemies":"3 Darklings","floor":35,"turns":6},{"damage":14,"enemies":"3 Shapes","floor":37,"turns":5},{"damage":37,"enemies":"Transient","floor":38,"turns":5}],"seed_played":"5042821131942440414","potions_obtained":[{"floor":1.0,"key":"Regen Potion"},{"floor":10.0,"key":"Fire Potion"},{"floor":13.0,"key":"Fire Potion"},{"floor":16.0,"key":"Dexterity Potion"},{"floor":21,"key":"SkillPotion"},{"floor":22,"key":"FearPotion"},{"floor":37,"key":"EssenceOfDarkness"}],"is_trial":false,"path_per_floor":["M","?","M","$","M","R","E","R","T","E","M","$","M","M","R","B",null,"M","?","?","M","M","R","E","$","T","M","M","?","M","?","R","B",null,"M","?","M","M"],"character_chosen":"DEFECT","items_purchased":["Dark Shackles","Self Repair","Leap","Boot","Redo","Steam"],"campfire_rested":4,"item_purchase_floors":[4,12,12,25,25,25],"current_hp_per_floor":[75,75,75,75,75,75,57,75,75,67,67,67,55,61,75,67,75,60,60,60,60,56,75,63,63,63,55,52,52,52,52,74,24,75,39,39,32,0,0],"gold":279,"neow_bonus":"RANDOM_COLORLESS_2","is_daily":false,"chose_seed":false,"campfire_upgraded":1,"win_rate":0.0,"timestamp":1612215789,"path_taken":["M","?","M","$","M","R","E","R","T","E","?","$","M","M","R","BOSS","M","?","?","M","?","R","E","$","T","M","M","?","M","?","R","BOSS","M","?","?","M"],"items_purchased_type":["Card","Card","Card","Relic","Card","Card"],"build_version":"2020-12-13","purchased_purges":0,"victory":false,"max_hp_per_floor":[75,75,75,75,75,75,75,75,75,75,75,75,75,75,75,75,75,75,75,75,75,75,75,75,75,75,75,75,75,75,75,75,75,75,75,75,75,75,75],"card_choices":[{"not_picked":["Metamorphosis","Mayhem"],"picked":"Apotheosis","floor":0.0},{"not_picked":["Hologram","Barrage"],"picked":"Lockon","floor":1.0},{"not_picked":["Turbo","Hologram"],"picked":"Cold Snap","floor":3.0},{"not_picked":["Redo","Recycle"],"picked":"Sweeping Beam","floor":5.0},{"not_picked":["Fission","Barrage"],"picked":"Static Discharge","floor":7.0},{"not_picked":["Barrage","Amplify"],"picked":"Beam Cell","floor":10.0},{"not_picked":["Rebound","Leap"],"picked":"Streamline","floor":11.0},{"not_picked":["FTL","Cold Snap"],"picked":"BootSequence","floor":13.0},{"not_picked":["Leap","Cold Snap"],"picked":"Melter","floor":14.0},{"not_picked":["Thunder Strike","Biased Cognition"],"picked":"Core Surge","floor":16.0},{"not_picked":[],"picked":"Redo","floor":18},{"not_picked":[],"picked":"Turbo","floor":21},{"not_picked":[],"picked":"Leap+1","floor":22},{"not_picked":["Skim"],"picked":"SKIP","floor":24},{"not_picked":[],"picked":"White Noise","floor":27},{"not_picked":[],"picked":"Streamline","floor":28},{"not_picked":[],"picked":"Storm","floor":30},{"not_picked":[],"picked":"Thunder Strike","floor":33},{"not_picked":["Compile Driver"],"picked":"SKIP","floor":35},{"not_picked":[],"picked":"Stack","floor":37}],"player_experience":70515,"relics_obtained":[{"floor":7.0,"key":"Mummified Hand"},{"floor":9.0,"key":"Bag of Marbles"},{"floor":10.0,"key":"Toy Ornithopter"},{"floor":24,"key":"Oddly Smooth Stone"},{"floor":26,"key":"Happy Flower"},{"floor":34,"key":"MealTicket"},{"floor":34,"key":"Eternal Feather"},{"floor":34,"key":"StoneCalendar"}],"event_choices":[{"damage_healed":0.0,"max_hp_gain":0.0,"max_hp_loss":0.0,"gold_gain":0.0,"event_name":"WeMeetAgain","player_choice":"Gave Potion","floor":2.0,"gold_loss":0.0,"damage_taken":0.0,"relics_obtained":["Potion Belt"]},{"cards_removed":["Decay"],"damage_healed":0,"gold_gain":0,"player_choice":"Elegance","damage_taken":0,"max_hp_gain":0,"max_hp_loss":0,"event_name":"Back to Basics","floor":19,"gold_loss":0},{"damage_healed":0,"gold_gain":0,"player_choice":"1 cards matched","damage_taken":0,"max_hp_gain":0,"max_hp_loss":0,"event_name":"Match and Keep!","floor":20,"gold_loss":0,"cards_obtained":["Deep Breath"]},{"damage_healed":0,"gold_gain":0,"player_choice":"Ignored","damage_taken":0,"max_hp_gain":0,"max_hp_loss":0,"event_name":"Vampires","floor":29,"gold_loss":0},{"cards_removed":["Strike_B"],"damage_healed":0,"gold_gain":0,"player_choice":"Gave Gold","damage_taken":0,"max_hp_gain":0,"max_hp_loss":0,"event_name":"Beggar","floor":31,"gold_loss":75},{"damage_healed":0,"gold_gain":100,"player_choice":"Pray","damage_taken":0,"max_hp_gain":0,"max_hp_loss":0,"event_name":"Golden Shrine","floor":36,"gold_loss":0}],"is_beta":false,"boss_relics":[{"not_picked":["Velvet Choker","Ectoplasm"],"picked":"Busted Crown"},{"not_picked":["Fusion Hammer","Coffee Dripper"],"picked":"Calling Bell"}],"items_purged_floors":[],"is_endless":false,"potions_floor_spawned":[1,10,13,16,21,22,24,37],"killed_by":"Transient","ascension_level":0}}