{"host":"a3wpq7kyokchzawk","time":1612200524,"event":{"mods":["BaseMod","Colored Map","Highlight Path","Minty Spire (QoL Compilation)","Permanent Neow","Potion Indicator Mod","Relic Stats","Weighted Paths"],"gold_per_floor":[111,111,124,38,38,38,38,79,79,79,79],"floor_reached":10,"language":"ENG","playtime":566,"items_purged":[],"score":128,"play_id":"f1394bd9-1618-4c4d-8dcf-4234b903c336","local_time":"20210201152844","is_ascension_mode":true,"campfire_choices":[{"data":"Flame Barrier","floor":6.0,"key":"SMITH"}],"circlet_count":0,"master_deck":["AscendersBane","Strike_R","Strike_R","Strike_R","Strike_R","Defend_R","Defend_R","Defend_R","Defend_R","Bash","Barricade+1","Cleave","Second Wind","Flame Barrier+1","Dropkick"],"relics":["Burning Blood","Golden Idol","Ancient Tea Set","Singing Bowl"],"acts_visited":["Exordium"],"potions_floor_usage":[],"damage_taken":[{"damage":12.0,"enemies":"Cultist","floor":1.0,"turns":4.0},{"damage":14.0,"enemies":"Jaw Worm","floor":3.0,"turns":3.0},{"damage":42,"enemies":"Lagavulin","floor":8,"turns":12},{"damage":27,"enemies":"Gremlin Nob","floor":10,"turns":3}],"seed_played":"4643145833692234543","potions_obtained":[{"floor":3.0,"key":"ElixirPotion"},{"floor":8,"key":"Explosive Potion"}],"is_trial":false,"path_per_floor":["M","?","M","$","?","R","?","E","T","E"],"character_chosen":"IRONCLAD","items_purchased":["Flame Barrier"],"campfire_rested":0,"item_purchase_floors":[4],"current_hp_per_floor":[62,62,54,54,47,47,47,11,11,0,0],"gold":79,"neow_bonus":"ONE_RANDOM_RARE_CARD","is_daily":false,"chose_seed":false,"campfire_upgraded":1,"win_rate":0.0,"timestamp":1612200524,"path_taken":["M","?","M","?","?","R","?","E","T","E"],"items_purchased_type":["Card"],"build_version":"2020-12-22","purchased_purges":0,"victory":false,"max_hp_per_floor":[75,75,75,75,75,75,68,68,68,68,68],"relic_stats":{"Singing Bowl":0,"counters":[4,22],"Golden Idol":8,"obtain_stats":[{"Singing Bowl":9,"Golden Idol":7,"Ancient Tea Set":8,"Burning Blood":0},{"Singing Bowl":3,"Golden Idol":2,"Ancient Tea Set":3,"Burning Blood":0},{"Singing Bowl":19,"Golden Idol":7,"Ancient Tea Set":19,"Burning Blood":0}],"Burning Blood":18},"card_choices":[{"not_picked":["Flex","Thunderclap"],"picked":"Cleave","floor":1.0},{"not_picked":["Inflame","Wild Strike"],"picked":"Second Wind","floor":3.0},{"not_picked":["Combust","Inflame"],"picked":"Dropkick","floor":8}],"player_experience":2527667,"relics_obtained":[{"floor":8,"key":"Ancient Tea Set"},{"floor":9,"key":"Singing Bowl"}],"event_choices":[{"damage_healed":0.0,"max_hp_gain":0.0,"max_hp_loss":0.0,"gold_gain":0.0,"event_name":"Living Wall","player_choice":"Grow","floor":2.0,"gold_loss":0.0,"damage_taken":0.0,"cards_upgraded":["Barricade"]},{"cards_removed":["Strike_R"],"damage_healed":0.0,"max_hp_gain":0.0,"max_hp_loss":0.0,"gold_gain":0.0,"event_name":"Golden Wing","player_choice":"Card Removal","floor":5.0,"gold_loss":0.0,"damage_taken":7.0},{"damage_healed":0.0,"max_hp_gain":0.0,"max_hp_loss":7.0,"gold_gain":0.0,"event_name":"Golden Idol","player_choice":"Lose Max HP","floor":7.0,"gold_loss":0.0,"damage_taken":0.0,"relics_obtained":["Golden Idol"]}],"is_beta":false,"boss_relics":[],"items_purged_floors":[],"is_endless":false,"potions_floor_spawned":[3,8],"killed_by":"Gremlin Nob","ascension_level":20}}