{"host":"99l0i25nwwr6z99u","time":1612145874,"event":{"mods":["Act Like it!","BaseMod","Colored Map","Colored Powertips","Downfall","Googly Eyes","Minty Spire (QoL Compilation)","Quick Restart","StSLib"],"gold_per_floor":[99,118,118,137,151,18,41,66,78,253,253,253,253,285,304,304,304,304],"floor_reached":16,"language":"ENG","playtime":495,"items_purged":[],"score":121,"play_id":"11c5b6d3-45c2-4001-9d78-fbdf239ef281","local_time":"20210131211754","is_ascension_mode":true,"campfire_choices":[{"data":"bronze:Goto","floor":1,"key":"SMITH"},{"data":"bronze:Format","floor":12,"key":"SMITH"}],"circlet_count":0,"master_deck":["bronze:Strike","bronze:Strike","bronze:Strike","bronze:Strike","bronze:Defend","bronze:Defend","bronze:Defend","bronze:Defend","bronze:Replicate+1","bronze:Goto+1","bronze:OilSpill","bronze:ChosenStrike","bronze:Overheat","bronze:WildBeam","bronze:Format+1","bronze:BuggyMess","bronze:Invalidate","bronze:Constructor","Doubt","bronze:ThunderWave"],"relics":["bronze:BronzeCore","downfall:ShatteredFragment","bronze:SilverBullet","Bottled Flame","Vajra"],"acts_visited":["Exordium"],"potions_floor_usage":[16,16,16],"damage_taken":[{"damage":1,"enemies":"Cultist","floor":2,"turns":4},{"damage":3,"enemies":"2 Louse","floor":4,"turns":2},{"damage":5,"enemies":"Small Slimes","floor":5,"turns":2},{"damage":0,"enemies":"downfall:FleeingMerchant","floor":6,"turns":4},{"damage":9,"enemies":"3 Sentries","floor":8,"turns":4},{"damage":0,"enemies":"Red Slaver","floor":9,"turns":1},{"damage":21,"enemies":"Lagavulin","floor":14,"turns":4},{"damage":0,"enemies":"3 Louse","floor":15,"turns":2},{"damage":30,"enemies":"SI_SHIV_ARCHETYPE","floor":16,"turns":5}],"seed_played":"1025957362936601479","potions_obtained":[{"floor":4,"key":"Slimebound:ThreeZeroPotion"},{"floor":8,"key":"bronze:FreeFunctionsPotion"},{"floor":13,"key":"downfall:CursedFountainPotion"}],"is_trial":false,"path_per_floor":["R","M","?","M","M","$","T","E","M","?","?","R","?","E","M","B"],"character_chosen":"THE_AUTOMATON","items_purchased":["bronze:Format","bronze:BuggyMess"],"campfire_rested":0,"item_purchase_floors":[6,6],"current_hp_per_floor":[70,69,48,45,40,40,40,31,31,31,54,54,54,33,33,3,3,3],"gold":304,"neow_bonus":"UPGRADE_CARD","is_daily":false,"chose_seed":false,"campfire_upgraded":2,"win_rate":0.0,"timestamp":1612145874,"path_taken":["R","M","?","M","M","$","T","E","M","?","?","R","?","E","M","BOSS"],"items_purchased_type":["Card","Card"],"build_version":"2020-12-22","purchased_purges":0,"victory":false,"max_hp_per_floor":[70,70,70,70,70,70,70,70,70,70,70,70,70,70,70,70,70,70],"card_choices":[{"not_picked":["bronze:Invalidate","bronze:Repair"],"picked":"bronze:OilSpill","floor":2},{"not_picked":["bronze:DelayedSlice","bronze:OilSpill"],"picked":"bronze:ChosenStrike","floor":4},{"not_picked":["bronze:Shield","bronze:Overload"],"picked":"bronze:Overheat","floor":5},{"not_picked":["bronze:Deprecate","bronze:Invalidate"],"picked":"bronze:WildBeam","floor":6},{"not_picked":["bronze:Overheat","bronze:Terminator"],"picked":"bronze:Invalidate","floor":8},{"not_picked":["bronze:WildBeam","bronze:Terminator"],"picked":"bronze:Constructor","floor":9},{"not_picked":["bronze:DelayedGuard","bronze:BugBarrage","bronze:BitShift"],"picked":"SKIP","floor":14},{"not_picked":["bronze:FineTuning","bronze:CutThrough"],"picked":"bronze:ThunderWave","floor":15}],"player_experience":968437,"relics_obtained":[{"floor":7,"key":"bronze:SilverBullet"},{"floor":8,"key":"Bottled Flame"},{"floor":14,"key":"Vajra"}],"event_choices":[{"damage_healed":23,"gold_gain":0,"player_choice":"Banana","damage_taken":0,"max_hp_gain":0,"max_hp_loss":0,"event_name":"Big Fish","floor":11,"gold_loss":0}],"is_beta":false,"boss_relics":[],"items_purged_floors":[],"is_endless":false,"potions_floor_spawned":[4,8,15],"killed_by":"SI_SHIV_ARCHETYPE","ascension_level":2}}