{"host":"nptej036rrbiurf5","time":1612144543,"event":{"mods":["BaseMod","Colored Map","Colored Powertips","DeckTracker","Minty Spire (QoL Compilation)","StSLib","SuperFastMode"],"gold_per_floor":[114,125,275,275,275,295,314,314,361,361,361,372,372,352,352,427,427,427,352,352,57,57,57,57,57,57,57,57,57,57,57,57,57,57,57,57],"floor_reached":35,"language":"KOR","playtime":763,"items_purged":["Doubt","Strike_P"],"score":826,"play_id":"81e874e5-705c-4277-954b-e15f90bf5a2f","local_time":"20210201105543","is_ascension_mode":true,"campfire_choices":[{"data":"ConjureBlade","floor":8.0,"key":"SMITH"},{"data":"Eruption","floor":10.0,"key":"SMITH"},{"data":"Crescendo","floor":13.0,"key":"SMITH"},{"data":"TalkToTheHand","floor":15.0,"key":"SMITH"},{"data":"Vault","floor":23.0,"key":"SMITH"},{"data":"Adaptation","floor":25.0,"key":"SMITH"},{"floor":32.0,"key":"REST"}],"circlet_count":0,"master_deck":["AscendersBane","Strike_P","Strike_P","Strike_P","Defend_P","Defend_P","Defend_P","Defend_P","Eruption+1","Vigilance","ConjureBlade+1","Crescendo+1","TalkToTheHand+1","Tantrum","Vault+1","Meditate","Adaptation+1","Adaptation","Blasphemy"],"relics":["PureWater","Blood Vial","Pen Nib","Ectoplasm","FaceOfCleric","Akabeko","Pantograph","Bottled Tornado","VioletLotus"],"acts_visited":["Exordium","TheCity","TheBeyond"],"potions_floor_usage":[],"damage_taken":[{"damage":12.0,"enemies":"Small Slimes","floor":1.0,"turns":3.0},{"damage":1.0,"enemies":"Cultist","floor":2.0,"turns":3.0},{"damage":15.0,"enemies":"2 Louse","floor":6.0,"turns":4.0},{"damage":14.0,"enemies":"Red Slaver","floor":7.0,"turns":4.0},{"damage":8.0,"enemies":"Exordium Thugs","floor":12.0,"turns":3.0},{"damage":0.0,"enemies":"Slime Boss","floor":16.0,"turns":3.0},{"damage":0.0,"enemies":"Chosen","floor":18.0,"turns":4.0},{"damage":6.0,"enemies":"Spheric Guardian","floor":24.0,"turns":4.0},{"damage":18.0,"enemies":"Centurion and Healer","floor":27.0,"turns":4.0},{"damage":27.0,"enemies":"Slavers","floor":28.0,"turns":4.0},{"damage":0.0,"enemies":"Snecko","floor":29.0,"turns":4.0},{"damage":31,"enemies":"Champ","floor":33,"turns":6},{"damage":70,"enemies":"3 Shapes","floor":35,"turns":5}],"seed_played":"-7745245922596899291","potions_obtained":[{"floor":2.0,"key":"AttackPotion"},{"floor":5.0,"key":"SkillPotion"},{"floor":7.0,"key":"FearPotion"},{"floor":14.0,"key":"LiquidMemories"},{"floor":24.0,"key":"BottledMiracle"},{"floor":28.0,"key":"Ambrosia"}],"is_trial":false,"path_per_floor":["M","M","?","?","?","M","M","R","T","R","?","M","R","?","R","B",null,"M","$","?","$","?","R","M","R","T","M","E","M","T","$","R","B",null,"M"],"character_chosen":"WATCHER","items_purchased":["Akabeko","Meditate"],"campfire_rested":1,"item_purchase_floors":[21,21],"current_hp_per_floor":[31,30,30,52,52,37,23,23,23,23,18,12,12,12,12,14,55,57,57,57,57,57,57,54,54,54,39,15,18,18,18,39,36,64,0,0],"gold":57,"neow_bonus":"THREE_RARE_CARDS","is_daily":false,"chose_seed":false,"campfire_upgraded":6,"win_rate":0.0,"timestamp":1612144543,"path_taken":["M","M","?","?","?","?","M","R","T","R","?","M","R","?","R","BOSS","M","$","?","?","?","R","M","R","T","M","E","M","?","$","R","BOSS","M"],"items_purchased_type":["Relic","Card"],"build_version":"2020-12-22","purchased_purges":2,"victory":false,"max_hp_per_floor":[68,68,68,68,68,68,68,68,68,68,68,68,68,68,68,68,68,68,68,68,68,68,68,69,69,69,70,71,72,72,72,72,73,73,73,73],"card_choices":[{"not_picked":["SpiritShield","Scrawl"],"picked":"ConjureBlade","floor":0.0},{"not_picked":["PathToVictory","FlurryOfBlows","Wallop"],"picked":"SKIP","floor":1.0},{"not_picked":["CutThroughFate","JustLucky"],"picked":"Crescendo","floor":2.0},{"not_picked":["ClearTheMind","Evaluate"],"picked":"TalkToTheHand","floor":6.0},{"not_picked":["CutThroughFate","EmptyFist"],"picked":"Tantrum","floor":7.0},{"not_picked":["Brilliance","Weave","JustLucky"],"picked":"SKIP","floor":12.0},{"not_picked":["Blasphemy","Establishment"],"picked":"Vault","floor":16.0},{"not_picked":["Evaluate","SashWhip","CarveReality"],"picked":"SKIP","floor":18.0},{"not_picked":["Protect+1","PathToVictory"],"picked":"Adaptation","floor":24.0},{"not_picked":["Indignation","FlyingSleeves"],"picked":"Adaptation","floor":27.0},{"not_picked":["EmptyFist","BowlingBash","Prostrate"],"picked":"SKIP","floor":28.0},{"not_picked":["Wallop","TalkToTheHand","Crescendo"],"picked":"SKIP","floor":29.0},{"not_picked":["ConjureBlade","Omniscience"],"picked":"Blasphemy","floor":33}],"player_experience":898085,"relics_obtained":[{"floor":9.0,"key":"Blood Vial"},{"floor":28.0,"key":"Pantograph"},{"floor":30.0,"key":"Bottled Tornado"}],"event_choices":[{"damage_healed":0.0,"max_hp_gain":0.0,"max_hp_loss":0.0,"gold_gain":150.0,"event_name":"Liars Game","player_choice":"AGREE","floor":3.0,"gold_loss":0.0,"damage_taken":0.0,"cards_obtained":["Doubt"]},{"damage_healed":22.0,"max_hp_gain":0.0,"max_hp_loss":0.0,"gold_gain":0.0,"event_name":"Big Fish","player_choice":"Banana","floor":4.0,"gold_loss":0.0,"damage_taken":0.0},{"damage_healed":0.0,"max_hp_gain":0.0,"max_hp_loss":0.0,"gold_gain":0.0,"event_name":"Lab","player_choice":"Got Potions","floor":5.0,"gold_loss":0.0,"damage_taken":0.0},{"damage_healed":0.0,"max_hp_gain":0.0,"max_hp_loss":0.0,"gold_gain":0.0,"event_name":"Scrap Ooze","player_choice":"Success","floor":11.0,"gold_loss":0.0,"damage_taken":5.0,"relics_obtained":["Pen Nib"]},{"damage_healed":0.0,"max_hp_gain":0.0,"max_hp_loss":0.0,"gold_gain":0.0,"event_name":"The Woman in Blue","player_choice":"Bought 1 Potion","floor":14.0,"gold_loss":0.0,"damage_taken":0.0},{"damage_healed":0.0,"max_hp_gain":0.0,"max_hp_loss":0.0,"gold_gain":0.0,"event_name":"FaceTrader","player_choice":"Trade","floor":20.0,"gold_loss":0.0,"damage_taken":0.0,"relics_obtained":["FaceOfCleric"]},{"damage_healed":0.0,"max_hp_gain":0.0,"max_hp_loss":0.0,"gold_gain":0.0,"event_name":"Vampires","player_choice":"Ignored","floor":22.0,"gold_loss":0.0,"damage_taken":0.0}],"is_beta":false,"boss_relics":[{"not_picked":["Velvet Choker","Calling Bell"],"picked":"Ectoplasm"},{"not_picked":["SacredBark","Black Star"],"picked":"VioletLotus"}],"items_purged_floors":[19,21],"is_endless":false,"potions_floor_spawned":[2,7,24,28,29],"killed_by":"3 Shapes","ascension_level":20}}