{"host":"i4vlfbz13gs2xtdj","time":1612148863,"event":{"mods":["2.2 Compatiblity","AchievementEnabler","Act Like it!","Aspiration","BaseMod","Better Altar","Better Match","Better Note","Better Sensory Stone","Better Skull","Better Third Choice","BetterRewards","Colored Map","Elementarium","Energized Spire","Fox Events","Friendly Minions","GifTheSpireLib","Halation","Hubris","Infinite Spire","Jedi Mod","Minty Spire (QoL Compilation)","Pale of the Ancients","Potionbrewer","Replay The Spire","Shop Mod","Somnambulant","Spikes Relics","StSLib","Stuff the Spire","The Jungle","The Marked","The Sage","Trackpad"],"gold_per_floor":[118,118,118,118,137,173,173,209,209,174,174,138,161,196,196,301,301,308,330,83,83,111,111,95,95,95,126,146,183,215,251,309,427,427,455,294,294,22,22,75,75,108,108,108,127,127,176,202,202,205,205,205,77,143,174],"floor_reached":56,"language":"ENG","playtime":17080,"items_purged":["potionbrewer:PotionbrewerDefend","potionbrewer:PotionbrewerDefend","potionbrewer:PotionbrewerDefend"],"score":2235,"play_id":"120afebf-9273-4ac0-9757-165d3a558540","local_time":"20210131220743","is_ascension_mode":true,"campfire_choices":[{"data":"potionbrewer:Toxicity","floor":11,"key":"SMITH"},{"data":"potionbrewer:AlchemistForm","floor":23,"key":"SMITH"},{"floor":41,"key":"RECALL"},{"floor":46,"key":"REST"},{"floor":49,"key":"DIG"},{"data":"hubris:InfiniteBlow+2","floor":52,"key":"SMITH"}],"circlet_count":0,"master_deck":["potionbrewer:PotionbrewerStrike+1","potionbrewer:PotionbrewerStrike+1","potionbrewer:PotionbrewerStrike+1","potionbrewer:PotionbrewerStrike+1","potionbrewer:PotionbrewerDefend","potionbrewer:Collect","potionbrewer:ChemicalSpill","potionbrewer:LabJournal","potionbrewer:Toxicity+1","potionbrewer:BalancedFormula","potionbrewer:PrivateReserves","potionbrewer:DigDeep","potionbrewer:ChoosePotion","potionbrewer:ChoosePotion","potionbrewer:AlchemistForm+1","potionbrewer:Shovel","potionbrewer:AnotherRound","potionbrewer:Fuel","potionbrewer:Prototype","potionbrewer:FlareUp+1","potionbrewer:QuickStep","potionbrewer:TwoForOne+1","potionbrewer:CrossReference+1","potionbrewer:TheFinalStraw+1","Iron Wave+1","Metamorphosis+1","potionbrewer:FuelCell+1","potionbrewer:EmptyBottle+1","potionbrewer:Brandish+1","potionbrewer:AnotherRound+1","potionbrewer:Bribery+1","hubris:InfiniteBlow+3","potionbrewer:ExothermicReaction+1","Metallicize","potionbrewer:ChoosePotion","potionbrewer:ChoosePotion","Panache+1","Pommel Strike+1","Body Slam"],"relics":["potionbrewer:PotionKit","BicycleWheel","hubris:PeanutButter","halation:IllGainedPizza","ClockworkSouvenir","MerchantsRug","HornCleat","hubris:Icosahedron","StuffTheSpire:PointBlank","aspiration:HummingbirdHeart","potionbrewer:WarMedal","Runic Dome","trackpad:RapidFire","potionbrewer:ElricsMonocle","Counterbalance","StuffTheSpire:Experiment12","aspiration:IroncladSkillbook","StuffTheSpire:GreaterSneckoEye","jedi:archwizardhat","infinitespire:Lucky Rock","hubris:SlimyHat","ShockBauble","StuffTheSpire:Gunfinga"],"acts_visited":["Exordium","TheCity","TheBeyond","TheEnding"],"potions_floor_usage":[6,6,8,8,12,14,14,14,16,16,16,18,19,19,19,24,24,24,24,24,27,27,27,28,28,30,30,30,31,31,31,33,33,33,33,35,40,42,47,47,48,48,50,55,55,55,55,55],"damage_taken":[{"damage":0,"enemies":"Small Slimes","floor":1,"turns":4},{"damage":0,"enemies":"2 Louse","floor":5,"turns":2},{"damage":2,"enemies":"Gremlin Nob","floor":6,"turns":4},{"damage":5,"enemies":"Replay:BlueRogue","floor":8,"turns":5},{"damage":0,"enemies":"Jaw Worm","floor":12,"turns":2},{"damage":6,"enemies":"Exordium Wildlife","floor":13,"turns":4},{"damage":0,"enemies":"3 Sentries","floor":14,"turns":8},{"damage":8,"enemies":"Slime Boss","floor":16,"turns":11},{"damage":0,"enemies":"Chosen","floor":18,"turns":4},{"damage":0,"enemies":"2 Thieves","floor":19,"turns":4},{"damage":0,"enemies":"Centurion and Healer","floor":22,"turns":4},{"damage":0,"enemies":"Nightmare","floor":24,"turns":5},{"damage":0,"enemies":"Slavers","floor":27,"turns":3},{"damage":0,"enemies":"Snake Plant","floor":28,"turns":3},{"damage":0,"enemies":"Snecko","floor":29,"turns":3},{"damage":0,"enemies":"Replay:Snechameleon","floor":30,"turns":3},{"damage":0,"enemies":"Shelled Parasite and Fungi","floor":31,"turns":3},{"damage":0,"enemies":"hubris:MusketHawk","floor":33,"turns":5},{"damage":20,"enemies":"3 Darklings","floor":35,"turns":4},{"damage":0,"enemies":"Nightmare","floor":40,"turns":4},{"damage":0,"enemies":"R_Hoarder","floor":42,"turns":3},{"damage":0,"enemies":"3 Shapes","floor":45,"turns":2},{"damage":0,"enemies":"Nemesis","floor":47,"turns":5},{"damage":0,"enemies":"Sphere and 2 Shapes","floor":48,"turns":3},{"damage":0,"enemies":"hubris:GrandSnecko","floor":50,"turns":3},{"damage":0,"enemies":"Shield and Spear","floor":54,"turns":4},{"damage":0,"enemies":"The Heart","floor":55,"turns":4}],"seed_played":"5019501368121477839","potions_obtained":[{"floor":8,"key":"Adrenaline Potion"},{"floor":13,"key":"potionbrewer:NoxiousPotion"},{"floor":14,"key":"Elixir"},{"floor":18,"key":"SkillPotion"},{"floor":22,"key":"LifebloodPotion"},{"floor":27,"key":"ColorlessPotion"},{"floor":29,"key":"Block Potion"},{"floor":30,"key":"potionbrewer:EndurancePotion"},{"floor":31,"key":"potionbrewer:BoundlessPotion"},{"floor":42,"key":"EssenceOfSteel"},{"floor":48,"key":"Swift Potion"}],"is_trial":false,"path_per_floor":["M","?","?","?","M","E","T","E","T","?","R","M","M","E","R_BF","B",null,"M","M","$","?","M","R","NM","?","T","E","M","M","E","M","R_BF","B",null,"M","$","?","$","T","NM","R","E","T","AVR","M","R","E","M","R_BF","B",null,"R","$","E","B",null],"character_chosen":"POTIONBREWER","items_purchased":["BicycleWheel","hubris:PeanutButter","Potion Belt","halation:IllGainedPizza","ClockworkSouvenir","MerchantsRug","trackpad:RapidFire","Replay:Bottled Eggs","BargainBundle","Metamorphosis","potionbrewer:FuelCell","potionbrewer:EmptyBottle","potionbrewer:Brandish","potionbrewer:AnotherRound","SpeedPotion","potionbrewer:EndurancePotion","Panache","Pommel Strike","FairyPotion","SteroidPotion","ShockBauble"],"campfire_rested":1,"item_purchase_floors":[0,0,0,0,0,0,20,36,38,38,38,38,38,38,38,38,53,53,53,53,53],"current_hp_per_floor":[32,16,21,21,21,19,19,14,14,34,34,34,28,28,28,20,80,80,80,80,80,80,80,80,80,80,80,80,80,80,80,80,80,80,64,64,44,44,44,48,48,52,52,52,56,80,80,80,80,80,80,80,80,80,80],"gold":174,"neow_bonus":"","is_daily":false,"chose_seed":false,"campfire_upgraded":3,"win_rate":0.0,"timestamp":1612148863,"path_taken":["M","?","?","?","?","E","?","E","T","?","R","?","M","E","R_BF","BOSS","M","M","$","?","M","R","NM","?","T","E","M","?","E","M","R_BF","BOSS","M","?","?","$","?","NM","R","E","T","AVR","?","R","E","M","R_BF","BOSS","R","$","E","BOSS"],"items_purchased_type":["Relic","Relic","Relic","Relic","Relic","Relic","Relic","Relic","Relic","Card","Card","Card","Card","Card","Potion","Potion","Card","Card","Potion","Potion","Relic"],"build_version":"2020-12-22","purchased_purges":3,"victory":true,"max_hp_per_floor":[75,75,80,80,80,80,80,80,80,80,80,80,80,80,80,80,80,80,80,80,80,80,80,80,80,80,80,80,80,80,80,80,80,80,80,80,80,80,80,80,80,80,80,80,80,80,80,80,80,80,80,80,80,80,80],"card_choices":[{"not_picked":["potionbrewer:FortifiedSerum","potionbrewer:OneTwoPunch"],"picked":"potionbrewer:LabJournal","floor":1},{"not_picked":["potionbrewer:Contingency","potionbrewer:Experimentation"],"picked":"potionbrewer:Toxicity","floor":5},{"not_picked":["potionbrewer:ExplosiveReaction","potionbrewer:VolatileSolution"],"picked":"potionbrewer:BalancedFormula","floor":6},{"not_picked":["potionbrewer:BlindingSpray","potionbrewer:FuelCell"],"picked":"potionbrewer:PrivateReserves","floor":8},{"not_picked":["potionbrewer:BlindingSpray","potionbrewer:TimeBomb"],"picked":"potionbrewer:DigDeep","floor":12},{"not_picked":["potionbrewer:Biohazard","potionbrewer:ChainReaction","potionbrewer:PrivateReserves"],"picked":"SKIP","floor":13},{"not_picked":["potionbrewer:BlindingSpray","potionbrewer:Brandish"],"picked":"potionbrewer:BottomlessFlask","floor":14},{"not_picked":["potionbrewer:PotentialEnergy","potionbrewer:TwoForOne"],"picked":"potionbrewer:AlchemistForm","floor":16},{"not_picked":["potionbrewer:VolatileSolution+1","potionbrewer:ExothermicReaction+1"],"picked":"potionbrewer:Shovel","floor":18},{"not_picked":["potionbrewer:Biohazard","potionbrewer:Refill"],"picked":"potionbrewer:AnotherRound","floor":19},{"not_picked":["potionbrewer:OneTwoPunch+1","potionbrewer:LeftoverSpecimen"],"picked":"potionbrewer:Fuel","floor":22},{"not_picked":["potionbrewer:BlindingMist","potionbrewer:AnotherRound","potionbrewer:Smokescreen"],"picked":"potionbrewer:Prototype","floor":24},{"not_picked":["potionbrewer:FortifiedSerum","potionbrewer:FlashPowder","potionbrewer:TimeBomb","potionbrewer:Refill"],"picked":"SKIP","floor":27},{"not_picked":["potionbrewer:Smokescreen","potionbrewer:WizBang","potionbrewer:TimeBomb+1"],"picked":"potionbrewer:FlareUp+1","floor":28},{"not_picked":["potionbrewer:TestFormula","potionbrewer:TestSubject","potionbrewer:FuelCell+1"],"picked":"potionbrewer:QuickStep","floor":29},{"not_picked":["potionbrewer:EmptyBottle","potionbrewer:Transmute","potionbrewer:BrokenBeakers"],"picked":"potionbrewer:TwoForOne","floor":30},{"not_picked":["potionbrewer:TestSubject","potionbrewer:CausticBarrier","potionbrewer:VolatileSolution"],"picked":"potionbrewer:CrossReference+1","floor":31},{"not_picked":["potionbrewer:BeatDown","potionbrewer:BottomlessFlask","potionbrewer:ResearchResults","potionbrewer:Prototype"],"picked":"potionbrewer:TheFinalStraw","floor":33},{"not_picked":["StuffTheSpire:RockThrow+1","potionbrewer:EmptyBottle+1","potionbrewer:Refill","Sword Boomerang+1","potionbrewer:Prototype"],"picked":"Iron Wave+1","floor":35},{"not_picked":["Replay:Many Hands","potionbrewer:Hoarder","Demon Form","jedi:strikingstrike"],"picked":"potionbrewer:Bribery","floor":40},{"not_picked":["potionbrewer:RefinedProcess","Fiend Fire","Sword Boomerang","potionbrewer:DigDeep","potionbrewer:IronFist","potionbrewer:Prototype"],"picked":"SKIP","floor":42},{"not_picked":["Anger","jedi:fear+1","Disarm+1","Perfected Strike+1"],"picked":"potionbrewer:ExothermicReaction+1","floor":45},{"not_picked":["Twin Strike+1","potionbrewer:IronFlesh","Flame Barrier","Sword Boomerang+1","potionbrewer:Prototype"],"picked":"potionbrewer:BottomlessFlask","floor":47},{"not_picked":["Thunderclap+1","Pommel Strike+1","potionbrewer:BlindingMist+1","Dual Wield+1","potionbrewer:Prototype"],"picked":"Metallicize","floor":48},{"not_picked":["Hemokinesis","Twin Strike+1","Offering"],"picked":"Body Slam","floor":54}],"player_experience":256333,"relics_obtained":[{"floor":6,"key":"StuffTheSpire:PointBlank"},{"floor":7,"key":"aspiration:HummingbirdHeart"},{"floor":8,"key":"sagemod:Red_Beast_Statue"},{"floor":9,"key":"potionbrewer:WarMedal"},{"floor":14,"key":"Bottled Lightning"},{"floor":21,"key":"potionbrewer:ElricsMonocle"},{"floor":24,"key":"Question Card"},{"floor":26,"key":"Counterbalance"},{"floor":27,"key":"Golden Egg"},{"floor":30,"key":"StuffTheSpire:Experiment12"},{"floor":37,"key":"StuffTheSpire:GreaterSneckoEye"},{"floor":40,"key":"Blue Doll"},{"floor":42,"key":"jedi:archwizardhat"},{"floor":43,"key":"Dream Catcher"},{"floor":47,"key":"infinitespire:Lucky Rock"},{"floor":49,"key":"hubris:SlimyHat"},{"floor":54,"key":"StuffTheSpire:Gunfinga"}],"event_choices":[{"damage_healed":0,"gold_gain":1,"player_choice":"Relic Relic ","damage_taken":16,"max_hp_gain":0,"max_hp_loss":0,"event_name":"betterThird:BetterScrap","floor":2,"gold_loss":0,"cards_obtained":["Finisher"]},{"damage_healed":0,"gold_gain":0,"player_choice":"Donut","damage_taken":0,"max_hp_gain":5,"max_hp_loss":0,"event_name":"Big Fish","floor":3,"gold_loss":0},{"damage_healed":20,"gold_gain":0,"player_choice":"Healed","damage_taken":0,"max_hp_gain":0,"max_hp_loss":0,"event_name":"The Cleric","floor":10,"gold_loss":35},{"damage_healed":0,"gold_gain":0,"player_choice":"Upgraded","damage_taken":0,"max_hp_gain":0,"max_hp_loss":0,"event_name":"Upgrade Shrine","floor":15,"gold_loss":0,"cards_upgraded":["potionbrewer:BottomlessFlask"]},{"damage_healed":0,"gold_gain":0,"player_choice":"Got Potions","damage_taken":0,"max_hp_gain":0,"max_hp_loss":0,"event_name":"Lab","floor":21,"gold_loss":0},{"damage_healed":0,"gold_gain":0,"player_choice":"Traded Relic","damage_taken":0,"relics_obtained":["Nloth\u0027s Gift"],"max_hp_gain":0,"max_hp_loss":0,"event_name":"N\u0027loth","floor":25,"relics_lost":["Onion Ring"],"gold_loss":0}],"is_beta":false,"boss_relics":[{"not_picked":["ReplayTheSpireMod:DimensionalGlitch","energizedSpire:StickyHand"],"picked":"Runic Dome"},{"not_picked":["Coffee Dripper","halation:CatFaceCupcake"],"picked":"aspiration:IroncladSkillbook"}],"items_purged_floors":[38,44,53],"is_endless":false,"potions_floor_spawned":[8,13,14,18,22,27,29,30,31,42,48],"ascension_level":3}}