{"host":"vddnn8yddbh0df4g","time":1612155762,"event":{"mods":["Act Like it!","BaseMod","Beaked The Cultist","Bestiary","Clockwork Mod","Downfall","Minty Spire (QoL Compilation)","Shop Mod","StSLib","SuperFastMode","The Construct","The Runesmith"],"gold_per_floor":[99,115,129,121,146,182,182,182,282,318,218,236,236,263,291,402,402,402,518,23,23,82,82,82,82,159,221,276,343,417,474,565,702,702,702,792,846,352,352,403,430,230,344,11,184,184,184,377,552,632,632,741,436,436,436,436],"floor_reached":57,"language":"ENG","playtime":3351,"items_purged":["hexamod:NecessarySacrifice","hexamod:Defend","hexamod:Defend"],"score":1650,"play_id":"132b563e-4f3a-4caa-8b4a-9e9018322676","local_time":"20210201000242","is_ascension_mode":true,"campfire_choices":[{"data":"hexamod:Toasty","floor":1.0,"key":"SMITH"},{"data":"hexamod:Float","floor":8.0,"key":"SMITH"},{"data":"hexamod:EtherealExpedition","floor":11.0,"key":"SMITH"},{"data":"hexamod:GiftsFromTheDead","floor":13.0,"key":"SMITH"},{"data":"hexamod:FastForward","floor":18.0,"key":"SMITH"},{"data":"hexamod:ApocalypticArmor","floor":23.0,"key":"SMITH"},{"floor":25.0,"key":"REST"},{"floor":35.0,"key":"RECALL"},{"data":"hexamod:ForkedFlame","floor":42.0,"key":"SMITH"},{"data":"Flash of Steel","floor":46.0,"key":"SMITH"},{"data":"J.A.X.","floor":54.0,"key":"SMITH"}],"circlet_count":0,"master_deck":["hexamod:Strike+1","hexamod:Strike","hexamod:Strike","hexamod:Defend+1","hexamod:Defend+1","hexamod:Sear","hexamod:Float+1","hexamod:Toasty+1","hexamod:EtherealExpedition+1","hexamod:FastForward+1","hexamod:FlamesFromBeyond","hexamod:FastForward","hexamod:InspiringFlames","hexamod:GiftsFromTheDead+1","hexamod:GhostLash+1","hexamod:HexaLevel","J.A.X.+1","hexamod:TimeWarp","hexamod:Hexaguard","hexamod:EmpoweredFlame","hexamod:ApocalypticArmor+1","hexamod:PhantomCloak","hexamod:Hexaguard+1","hexamod:ForkedFlame+1","hexamod:RecurringNightmare+1","hexamod:EtherealExpedition+1","Flash of Steel+1","hexamod:PowerFromBeyond+1","expansioncontent:StudyTheSpire"],"relics":["hexamod:SpiritBrand","Guardian:GemstoneGun","construct:BoolHorns","Bronze Scales","downfall:HeartBlessingGreen","construct:WeddingRing","MutagenicStrength","Lantern","construct:FoamFinger","downfall:KnowingSkull","Mummified Hand","HornCleat","hexamod:TheBrokenSeal","Calipers","Busted Crown","hexamod:RecyclingMachine","Pantograph","PreservedInsect","MerchantsRug","downfall:HeartBlessingRed","downfall:HeartBlessingBlue","Runesmith:Locket","Bag of Preparation","Centennial Puzzle"],"acts_visited":["Exordium","TheCity","TheBeyond","TheEnding"],"potions_floor_usage":[56],"damage_taken":[{"damage":0.0,"enemies":"Cultist","floor":2.0,"turns":3.0},{"damage":0.0,"enemies":"2 Louse","floor":3.0,"turns":3.0},{"damage":0.0,"enemies":"Small Slimes","floor":5.0,"turns":3.0},{"damage":13.0,"enemies":"Lagavulin","floor":6.0,"turns":5.0},{"damage":1.0,"enemies":"Gremlin Nob","floor":10.0,"turns":3.0},{"damage":5.0,"enemies":"Exordium Thugs","floor":12.0,"turns":4.0},{"damage":4.0,"enemies":"2 Fungi Beasts","floor":14.0,"turns":3.0},{"damage":8.0,"enemies":"Red Slaver","floor":15.0,"turns":2.0},{"damage":36.0,"enemies":"SI_SHIV_ARCHETYPE","floor":16.0,"turns":6.0},{"damage":26.0,"enemies":"downfall:Augmenter","floor":19.0,"turns":5.0},{"damage":0.0,"enemies":"downfall:FleeingMerchant","floor":20.0,"turns":4.0},{"damage":9.0,"enemies":"Chosen","floor":22.0,"turns":4.0},{"damage":6.0,"enemies":"Gremlin Leader","floor":26.0,"turns":4.0},{"damage":9.0,"enemies":"Shell Parasite","floor":27.0,"turns":3.0},{"damage":3.0,"enemies":"3 Cultists","floor":28.0,"turns":4.0},{"damage":3.0,"enemies":"Cultist and Chosen","floor":29.0,"turns":4.0},{"damage":3.0,"enemies":"Book of Stabbing","floor":30.0,"turns":3.0},{"damage":3.0,"enemies":"Snake Plant","floor":31.0,"turns":3.0},{"damage":6.0,"enemies":"Centurion and Healer","floor":32.0,"turns":4.0},{"damage":6.0,"enemies":"DF_ARCHETYPE_CLAW","floor":33.0,"turns":5.0},{"damage":8.0,"enemies":"3 Darklings","floor":36.0,"turns":4.0},{"damage":3.0,"enemies":"Orb Walker","floor":37.0,"turns":2.0},{"damage":14.0,"enemies":"downfall:FleeingMerchant","floor":38.0,"turns":4.0},{"damage":8.0,"enemies":"Sphere and 2 Shapes","floor":40.0,"turns":4.0},{"damage":9.0,"enemies":"Giant Head","floor":43.0,"turns":5.0},{"damage":16.0,"enemies":"3 Darklings","floor":45.0,"turns":4.0},{"damage":12.0,"enemies":"Nemesis","floor":48.0,"turns":3.0},{"damage":12.0,"enemies":"4 Shapes","floor":49.0,"turns":3.0},{"damage":13.0,"enemies":"WA_ARCHETYPE_DIVINITY","floor":50.0,"turns":4.0},{"damage":9.0,"enemies":"downfall:CharBossMerchant","floor":52.0,"turns":4.0},{"damage":26.0,"enemies":"downfall:NeowBoss","floor":55.0,"turns":11.0},{"damage":96,"enemies":"downfall:NeowBossFinal","floor":56,"turns":6}],"seed_played":"-5071102439957630488","potions_obtained":[{"floor":2.0,"key":"sneckomod:MuddlingPotion"},{"floor":5.0,"key":"EssenceOfSteel"},{"floor":6.0,"key":"Fruit Juice"},{"floor":10.0,"key":"Swift Potion"},{"floor":12.0,"key":"hexamod:InfernoChargePotion"},{"floor":14.0,"key":"DistilledChaos"},{"floor":16.0,"key":"hexamod:EctoCoolerPotion"},{"floor":16.0,"key":"PowerPotion"},{"floor":19.0,"key":"hexamod:SoulburnPotion"},{"floor":20.0,"key":"Slimebound:ThreeZeroPotion"},{"floor":22.0,"key":"SkillPotion"},{"floor":26.0,"key":"ColorlessPotion"},{"floor":26.0,"key":"Energy Potion"},{"floor":27.0,"key":"BlessingOfTheForge"},{"floor":33.0,"key":"Slimebound:ThreeZeroPotion"},{"floor":36.0,"key":"SkillPotion"},{"floor":40.0,"key":"champ:CounterPotion"},{"floor":43.0,"key":"hexamod:DoubleChargePotion"},{"floor":49.0,"key":"Slimebound:ThreeZeroPotion"},{"floor":52.0,"key":"hexamod:DoubleChargePotion"}],"is_trial":false,"path_per_floor":["R","M","M","?","M","E","T","R","?","E","R","M","R","M","M","B",null,"R","?","$","?","M","R","T","R","E","M","M","M","E","M","M","B",null,"R","M","M","$","?","M","T","R","E","?","M","R","$","E","M","B",null,"E","$","R","B","B",null],"character_chosen":"THE_SPIRIT","items_purchased":["Lantern","construct:FoamFinger","hexamod:RecyclingMachine","Pantograph","PreservedInsect","MerchantsRug","Flash of Steel","expansioncontent:StudyTheSpire"],"campfire_rested":1,"item_purchase_floors":[20,20,38,38,38,38,38,53],"current_hp_per_floor":[70,70,70,63,70,64,64,64,64,63,63,70,70,73,72,43,75,75,49,56,49,47,47,47,69,70,68,72,85,82,79,73,67,85,85,77,74,60,60,52,52,62,53,107,91,91,91,79,67,79,107,98,98,98,81,10],"gold":436,"neow_bonus":"ONE_RANDOM_RARE_CARD","is_daily":false,"chose_seed":false,"campfire_upgraded":9,"win_rate":0.0,"timestamp":1612155762,"path_taken":["R","M","M","?","M","E","T","R","?","E","R","M","R","M","M","BOSS","R","?","?","?","?","R","T","R","E","M","M","M","E","M","M","BOSS","R","M","M","$","?","M","T","R","E","?","M","R","?","E","M","BOSS","E","$","R","BOSS","BOSS"],"items_purchased_type":["Relic","Relic","Relic","Relic","Relic","Relic","Card","Card"],"build_version":"2020-12-22","purchased_purges":3,"victory":true,"max_hp_per_floor":[70,70,70,70,70,70,70,70,70,70,70,75,75,75,75,75,75,75,75,75,75,75,75,75,75,75,75,75,85,85,85,85,85,85,85,85,85,85,85,85,85,95,95,107,107,107,107,107,107,107,107,107,107,107,107,107],"card_choices":[{"not_picked":["hexamod:PhantomCloak","hexamod:Hexaguard"],"picked":"hexamod:EtherealExpedition","floor":2.0},{"not_picked":["hexamod:BurningTouch","hexamod:SpectralAdrenaline"],"picked":"hexamod:Firestarter","floor":3.0},{"not_picked":["hexamod:ShieldOfDarkness","hexamod:SuperheatedStrike"],"picked":"hexamod:FastForward","floor":5.0},{"not_picked":["hexamod:GhostOfSpirePast","hexamod:BurningTouch"],"picked":"hexamod:FlamesFromBeyond","floor":5.0},{"not_picked":["hexamod:HeatCrush","hexamod:ThirdSeal"],"picked":"hexamod:FastForward","floor":6.0},{"not_picked":["hexamod:Again","hexamod:AdvancingGuard"],"picked":"hexamod:InspiringFlames","floor":10.0},{"not_picked":["hexamod:ThermalTransfer","hexamod:FastForward"],"picked":"hexamod:GiftsFromTheDead","floor":12.0},{"not_picked":["hexamod:SwordOfDarkness","hexamod:HeatMetal"],"picked":"hexamod:GhostLash","floor":14.0},{"not_picked":["hexamod:HeatCrush","hexamod:NightmareStrike","hexamod:HauntingEcho"],"picked":"SKIP","floor":15.0},{"not_picked":["hexamod:TurnItUp","hexamod:SpectersWail","hexamod:FastForward"],"picked":"SKIP","floor":15.0},{"not_picked":["hexamod:ForkedFlame","hexamod:WildfireWeapon"],"picked":"hexamod:SixthSeal","floor":16.0},{"not_picked":["hexamod:ParanormalForm","hexamod:SixthSeal"],"picked":"hexamod:HexaLevel","floor":16.0},{"not_picked":[],"picked":"J.A.X.","floor":19.0},{"not_picked":["hexamod:ShieldOfDarkness","hexamod:SuperheatedStrike"],"picked":"hexamod:TimeWarp","floor":19.0},{"not_picked":["hexamod:SpectersWail","hexamod:GhostOfSpireFuture"],"picked":"hexamod:Hexaguard","floor":19.0},{"not_picked":["hexamod:GhostOfSpirePast","hexamod:HauntingEcho"],"picked":"hexamod:EmpoweredFlame","floor":19.0},{"not_picked":["hexamod:BurningTouch","hexamod:ThermalTransfer"],"picked":"hexamod:ApocalypticArmor","floor":20.0},{"not_picked":["hexamod:RetreatToShadows","hexamod:GhostLash","hexamod:SwordOfDarkness"],"picked":"SKIP","floor":20.0},{"not_picked":["hexamod:ThermalTransfer+1","hexamod:NightmareStrike","hexamod:RetreatToShadows+1"],"picked":"SKIP","floor":22.0},{"not_picked":["hexamod:AdvancingGuard","hexamod:ThirdSeal","hexamod:NecessarySacrifice"],"picked":"SKIP","floor":22.0},{"not_picked":["hexamod:GhostLash","hexamod:GhostOfSpirePresent","hexamod:Incineration+1"],"picked":"SKIP","floor":26.0},{"not_picked":["hexamod:AdvancingGuard","hexamod:Incineration","hexamod:HauntingEcho"],"picked":"SKIP","floor":26.0},{"not_picked":["hexamod:BurningTouch","hexamod:NightmareStrike+1"],"picked":"hexamod:PhantomCloak","floor":27.0},{"not_picked":["hexamod:RetreatToShadows","hexamod:AdvancingGuard","hexamod:BacktrackSmack+1"],"picked":"SKIP","floor":27.0},{"not_picked":["hexamod:AdvancingGuard+1","hexamod:FlamesFromBeyond"],"picked":"hexamod:FifthSeal","floor":28.0},{"not_picked":["hexamod:SpectersWail+1","hexamod:ShieldOfDarkness+1","hexamod:HeatMetal"],"picked":"SKIP","floor":28.0},{"not_picked":["hexamod:GhostShield","hexamod:BacktrackSmack"],"picked":"hexamod:Hexaguard+1","floor":29.0},{"not_picked":["hexamod:PhantomFireball","hexamod:Hexaguard"],"picked":"hexamod:ForkedFlame","floor":30.0},{"not_picked":["hexamod:SuperheatedStrike","hexamod:Again"],"picked":"hexamod:RecurringNightmare+1","floor":31.0},{"not_picked":["hexamod:EmpoweredFlame+1","hexamod:DynamicBlow","hexamod:SkipABeat+1"],"picked":"SKIP","floor":32.0},{"not_picked":["hexamod:HauntingEcho+1"],"picked":"SKIP","floor":36.0},{"not_picked":["hexamod:BurningTouch"],"picked":"SKIP","floor":37.0},{"not_picked":[],"picked":"hexamod:EtherealExpedition+1","floor":38.0},{"not_picked":["hexamod:AdvancingGuard"],"picked":"SKIP","floor":40.0},{"not_picked":["hexamod:BurningTouch+1"],"picked":"SKIP","floor":43.0},{"not_picked":[],"picked":"hexamod:PowerFromBeyond+1","floor":45.0},{"not_picked":["hexamod:HauntingEcho+1"],"picked":"SKIP","floor":48.0},{"not_picked":["hexamod:AdvancingGuard"],"picked":"SKIP","floor":49.0},{"not_picked":["hexamod:Incineration+1"],"picked":"SKIP","floor":52.0}],"player_experience":723286,"relics_obtained":[{"floor":6.0,"key":"Guardian:GemstoneGun"},{"floor":7.0,"key":"construct:BoolHorns"},{"floor":10.0,"key":"Bronze Scales"},{"floor":19.0,"key":"MutagenicStrength"},{"floor":24.0,"key":"Mummified Hand"},{"floor":26.0,"key":"HornCleat"},{"floor":30.0,"key":"Calipers"},{"floor":43.0,"key":"Runesmith:Locket"},{"floor":48.0,"key":"Bag of Preparation"},{"floor":52.0,"key":"Centennial Puzzle"}],"event_choices":[],"is_beta":false,"boss_relics":[{"not_picked":["Calling Bell","Snecko Eye"],"picked":"construct:WeddingRing"},{"not_picked":["Sozu","Coffee Dripper"],"picked":"Busted Crown"}],"items_purged_floors":[20,38,53],"is_endless":false,"potions_floor_spawned":[2,12,15,16,19,22,26,27,31,33,36,40,43,49,52],"ascension_level":1}}