{"host":"v3jf26dbm2nq3y14","time":1612192967,"event":{"mods":["2.2 Compatiblity","Act Like it!","BaseMod","BetterRewards","Block Reminder","CapriCore","Card Filter","Chen","Colored Map","Colored Powertips","Custom Start","DeckTracker","Defuse TimeMaze Blight","Exacting","FoggyMod","Gensokyo","Highlight Path","Keyboard Shortcuts","Koishi","KomeijiMod","Marisa（霧雨　魔理沙）","Minty Spire (QoL Compilation)","Permanent Neow","Quick Restart","RNG Fix","Reimu（博??梦）","Relic Filter","Relic Sorter","Remove Card Discount Mod","SpireExporter+","StSLib","Synergy Search","The Administrix","The Immortal","Transform Curses","Unceasing Turn Reminder","Yakumo Yukari mod","Yuyuko"],"gold_per_floor":[144,144,144,244,244,244,244,144,144,225,225,122,122,176,176,485,485,521,521,521,521,521,521,614,494,494,575,31,31,31,31,31,343,343,391,403,415,427,439,451,463,526,538,146,146,23,23,65,65,368,368,422,422,422,422,422,509,566,575,671,511,621,551,593,593,593,899,899,956,956,906,906,906,915,629,665,761,761,770,770,839,839,839,1154,1154,1187,1196,1247,1247,1247,1247,1247],"floor_reached":91,"language":"ENG","playtime":11632,"items_purged":["Clumsy","CommonSense_AntiCommonSense_purple","Shame","Pain","Gensokyo:AllTheWorldsEvil"],"score":2093,"play_id":"de4e1657-c786-4e59-af39-efd75d38549a","local_time":"20210201152247","daily_mods":["SealedDeck","Vintage","Heirloom","Flight","Elite Swarm","Midas"],"is_ascension_mode":true,"campfire_choices":[{"floor":11.0,"key":"REST"},{"floor":15.0,"key":"REST"},{"floor":23.0,"key":"REST"},{"floor":29.0,"key":"REST"},{"floor":32.0,"key":"REST"},{"floor":40.0,"key":"REST"},{"floor":47.0,"key":"REST"},{"floor":66.0,"key":"REST"},{"floor":83.0,"key":"REST"}],"circlet_count":6,"master_deck":["Enchanting:ReiMu+1","PhosphorusFlame:ReiMu+1","Enchanting:ReiMu+1","FineLineFantasy:ReiMu+1","ButterflyHabitatTemple_purple+1","CommonSense_AntiCommonSense_purple+1","Dreaming2:ReiMu+1","ManaGlint:ReiMu+1","Meditation:ReiMu+1","DependentForm:ReiMu+1","Gensokyo:FourOfAKind+1","SealNeedle:ReiMu+1","SubcavityFantasy:ReiMu+1","KyokaiOfKami:ReiMu+1","PositiveMatter_Antimatter_Universe_purple+1","Mirror_TwoAndThreeElementRealm_purple+1","Gensokyo:MedicineKit","UniversalSpiritual:ReiMu+1","Gensokyo:PrivateSquare+1","Pride","YinYang:ReiMu","RuptureOfTimeAndSpace_purple+1","WasteWire_Metro_purple+1","KamiRite:ReiMu","PrayRite:ReiMu+1","DependentForm:ReiMu","Computing_the_future_purpleEX","GluttonyofRealm_purpleEX","Night Terror+1","Gensokyo:ShootingStar","Gensokyo:DreamlikeParadise+1"],"relics":["ShineYinYang:ReiMu","KyoryuNoHagoromo","White Beast Statue","Gensokyo:NagashiBinaDoll","Gensokyo:Mercy","OrangePellets","Unceasing Top","PreservedInsect","Gensokyo:PerfectCherryBlossom","CrazyTorch:ReiMu","Bird Faced Urn","Question Card","Gensokyo:MosesMiracle","Strawberry","Gensokyo:FoxMask","TungstenRod","FossilizedHelix","TurtleShell:ReiMu","Calipers","Fusion Hammer","MawBank","Gensokyo:TheCrow","Ice Cream","Salt:ReiMu","Circlet","Membership Card","FadedRune:ReiMu","GoodDreamPillow","Mummified Hand","RedLine:ReiMu","Torii","Happy Flower","CeramicFish","Gensokyo:LunaticRedEyes","Enchiridion","Gensokyo:DirgeOfMelancholy","Frozen Egg 2","Turnip","Bottled Flame","Gensokyo:ConquerorOfFear","Orichalcum","Gensokyo:RedStar","Toxic Egg 2","Thread and Needle"],"acts_visited":["Gensokyo:Gensokyo","Gensokyo:Gensokyoer","Gensokyo:Gensokyoest","Gensokyo:Gensokyo","Gensokyo:Gensokyoer","Gensokyo:Gensokyoest"],"potions_floor_usage":[],"damage_taken":[{"damage":8.0,"enemies":"Gensokyo:3_Fairies","floor":1.0,"turns":5.0},{"damage":39.0,"enemies":"Gensokyo:Aya","floor":10.0,"turns":7.0},{"damage":8.0,"enemies":"Gensokyo:2_Kodama","floor":14.0,"turns":3.0},{"damage":7.0,"enemies":"Gensokyo:Kokoro","floor":16.0,"turns":8.0},{"damage":28.0,"enemies":"Gensokyo:CosmicMonolith","floor":18.0,"turns":7.0},{"damage":13.0,"enemies":"Gensokyo:Tenshi","floor":24.0,"turns":3.0},{"damage":75.0,"enemies":"Gensokyo:Reisen","floor":27.0,"turns":8.0},{"damage":7.0,"enemies":"Gensokyo:Eternal_Rivals","floor":33.0,"turns":7.0},{"damage":8.0,"enemies":"Gensokyo:3_Bats","floor":35.0,"turns":4.0},{"damage":30.0,"enemies":"Gensokyo:3_Boulders","floor":42.0,"turns":5.0},{"damage":0.0,"enemies":"Gensokyo:SeedOfUnknown","floor":48.0,"turns":3.0},{"damage":12.0,"enemies":"Gensokyo:Shinki","floor":50.0,"turns":6.0},{"damage":0.0,"enemies":"Gensokyo:Python","floor":52.0,"turns":2.0},{"damage":5.0,"enemies":"Gensokyo:Cirno","floor":57.0,"turns":4.0},{"damage":0.0,"enemies":"Gensokyo:2_Kodama","floor":58.0,"turns":2.0},{"damage":0.0,"enemies":"Gensokyo:Aya","floor":60.0,"turns":2.0},{"damage":5.0,"enemies":"Gensokyo:Cirno","floor":62.0,"turns":4.0},{"damage":0.0,"enemies":"Gensokyo:Gryphon","floor":64.0,"turns":1.0},{"damage":0.0,"enemies":"Gensokyo:Reimu","floor":67.0,"turns":3.0},{"damage":0.0,"enemies":"Gensokyo:Chomper","floor":69.0,"turns":2.0},{"damage":0.0,"enemies":"Gensokyo:3_Dogs","floor":76.0,"turns":2.0},{"damage":0.0,"enemies":"Gensokyo:Tenshi","floor":77.0,"turns":2.0},{"damage":0.0,"enemies":"Gensokyo:Wraith","floor":81.0,"turns":4.0},{"damage":0.0,"enemies":"Gensokyo:Eternal_Rivals","floor":84.0,"turns":6.0},{"damage":0.0,"enemies":"Gensokyo:3_Bats","floor":86.0,"turns":3.0},{"damage":0.0,"enemies":"Gensokyo:3_Bats","floor":87.0,"turns":5.0},{"damage":0.0,"enemies":"Gensokyo:AncientGuardian","floor":88.0,"turns":4.0},{"damage":0,"enemies":"Gensokyo:Doremy","floor":91,"turns":2}],"seed_played":"874386802159605189","potions_obtained":[{"floor":10.0,"key":"SteroidPotion"},{"floor":14.0,"key":"DuplicationPotion"},{"floor":16.0,"key":"PowerPotion"},{"floor":27.0,"key":"ZuzhouPotion:ReiMu"},{"floor":33.0,"key":"ZuzhouPotion:ReiMu"},{"floor":48.0,"key":"HakureiPotion:ReiMu"},{"floor":57.0,"key":"Ancient Potion"},{"floor":62.0,"key":"Block Potion"}],"is_trial":true,"path_per_floor":["M","?","M","?","T","M","M","?","T","E","R","$","?","M","R","B",null,"M","?","?","?","?","R","E","M","T","E","$","R","$","M","R","B",null,"M","M","?","?","?","R","M","M","T","$","?","?","R","M","R","B",null,"M","?","?","?","M","E","M","?","E","?","E","?","M","?","R","B",null,"M","?","?","?","M","?","$","M","E","?","M","$","M","?","R","B",null,"M","?","M","?","?","E"],"character_chosen":"REIMU","items_purchased":["Photoelasticity_Doppler_Effect_purple","Meditation:ReiMu","TurtleShell:ReiMu","Calipers","PositiveMatter_Antimatter_Universe_purple","Membership Card","FadedRune:ReiMu","UniversalSpiritual:ReiMu","Frozen Egg 2","Turnip","Bottled Flame"],"campfire_rested":9,"item_purchase_floors":[12,12,28,28,28,44,44,44,75,75,75],"current_hp_per_floor":[72,72,72,72,72,72,72,72,72,38,60,60,60,57,75,72,75,52,52,52,52,52,69,68,68,68,7,7,29,29,29,51,54,76,72,72,72,43,43,65,55,38,38,38,38,38,60,68,68,69,76,76,76,83,83,83,78,83,83,83,83,83,83,83,83,83,83,83,83,88,95,95,95,95,95,95,95,95,87,87,95,95,95,98,98,107,107,107,107,107,107,107],"gold":1247,"neow_bonus":"","is_daily":false,"chose_seed":false,"campfire_upgraded":0,"win_rate":0.0,"timestamp":1612192967,"path_taken":["M","?","?","?","?","?","?","?","T","E","R","$","?","?","R","BOSS","M","?","?","?","?","R","E","?","T","E","$","R","?","?","R","BOSS","M","?","?","?","?","R","?","?","T","?","?","?","R","?","R","BOSS","M","?","?","?","?","E","?","?","E","?","E","?","?","?","R","BOSS","M","?","?","?","?","?","?","?","E","?","?","?","?","?","R","BOSS","M","?","?","?","?","E"],"items_purchased_type":["Card","Card","Relic","Relic","Card","Relic","Relic","Card","Relic","Relic","Relic"],"build_version":"2020-12-22","purchased_purges":5,"victory":false,"max_hp_per_floor":[75,75,75,75,75,75,75,75,75,75,75,75,75,75,75,75,75,75,69,69,69,69,69,76,76,76,76,76,76,76,76,76,76,76,76,76,76,76,76,76,76,76,76,76,76,76,76,76,76,76,76,76,76,83,83,83,83,83,83,83,83,83,83,83,83,83,83,83,83,88,95,95,95,95,95,95,95,95,95,95,95,95,95,98,98,107,107,107,107,107,107,107],"card_choices":[{"not_picked":["BlastKick2:ReiMu","MagicEyes_LaplaceDemon_purple"],"picked":"ProofOfUnderstanding_purple","floor":10.0},{"not_picked":["CeremonyResonance:ReiMu","Determination:ReiMu"],"picked":"DependentForm:ReiMu","floor":16.0},{"not_picked":["PrayRite:ReiMu","Boundary_LifeAndDeath_purple","BlastKick2:ReiMu"],"picked":"SubcavityFantasy:ReiMu","floor":24.0},{"not_picked":["Dreaming:ReiMu","MagicEyes_LaplaceDemon_purple","ProofOfUnderstanding_purple"],"picked":"KyokaiOfKami:ReiMu","floor":27.0},{"not_picked":["D_absorption_purple","GluttonyofRealm_purpleEX","ProofOfUnderstanding_purple"],"picked":"Mirror_TwoAndThreeElementRealm_purple","floor":33.0},{"not_picked":["Know_ledgeAbilityRealm_purple","Determination:ReiMu","BarrageBoundary_PipeDream_purple"],"picked":"YinYang:ReiMu","floor":50.0},{"not_picked":["CareerPray:ReiMu","Photoelasticity_Doppler_Effect_purple","WeekHit_purple"],"picked":"Shallow_ocean_purpleEX","floor":56.0},{"not_picked":["SfantasyHide_purple","Mirror_WaveAndshot_purple","OmniscientAndOmnipotent_Monster_purple"],"picked":"ManaGlint:ReiMu","floor":56.0},{"not_picked":["WangLiang_LineAndCurveDreams_purple","UniverseChoice_purple","Boundary_LifeAndDeath_purple"],"picked":"WasteWire_Metro_purple","floor":57.0},{"not_picked":["SubcavityFantasy:ReiMu","Fancifulhole_purple","ProofOfUnderstanding_purple"],"picked":"KamiRite:ReiMu","floor":57.0},{"not_picked":["Determination:ReiMu","SubcavityFantasy:ReiMu","MagicEyes_LaplaceDemon_purple"],"picked":"PrayRite:ReiMu","floor":60.0},{"not_picked":["WangLiang_OokamiKakushi_purple","KyokaiOfKami:ReiMu","BlastKick2:ReiMu"],"picked":"DependentForm:ReiMu","floor":62.0},{"not_picked":["Dreaming:ReiMu","RunawayExorcism:ReiMu","KyokaiOfKami:ReiMu"],"picked":"Computing_the_future_purpleEX","floor":67.0},{"not_picked":["BarrageBoundary_PipeDream_purple","UniverseChoice_purple+1","PrayRite:ReiMu"],"picked":"GluttonyofRealm_purpleEX","floor":77.0},{"not_picked":[],"picked":"Gensokyo:ShootingStar","floor":84.0},{"not_picked":["Gensokyo:Dawn+1","Gensokyo:HouraiInAPot+1"],"picked":"Gensokyo:DreamlikeParadise+1","floor":87.0}],"player_experience":422637,"relics_obtained":[{"floor":1.0,"key":"Pear"},{"floor":5.0,"key":"White Beast Statue"},{"floor":9.0,"key":"Unceasing Top"},{"floor":10.0,"key":"PreservedInsect"},{"floor":14.0,"key":"CrazyTorch:ReiMu"},{"floor":18.0,"key":"Bird Faced Urn"},{"floor":24.0,"key":"Strawberry"},{"floor":26.0,"key":"TungstenRod"},{"floor":27.0,"key":"FossilizedHelix"},{"floor":33.0,"key":"Gensokyo:MosesMiracle"},{"floor":35.0,"key":"MawBank"},{"floor":42.0,"key":"Salt:ReiMu"},{"floor":43.0,"key":"Circlet"},{"floor":48.0,"key":"Mummified Hand"},{"floor":52.0,"key":"Torii"},{"floor":58.0,"key":"CeramicFish"},{"floor":64.0,"key":"Circlet"},{"floor":69.0,"key":"Circlet"},{"floor":76.0,"key":"Circlet"},{"floor":81.0,"key":"Gensokyo:ConquerorOfFear"},{"floor":81.0,"key":"Orichalcum"},{"floor":86.0,"key":"Toxic Egg 2"},{"floor":88.0,"key":"Thread and Needle"}],"event_choices":[],"is_beta":false,"boss_relics":[{"not_picked":["SlaversCollar","DonationBox:ReiMu"],"picked":"ShineYinYang:ReiMu"},{"not_picked":["CrownOfHeavens:ReiMu","Black Star"],"picked":"Fusion Hammer"},{"not_picked":["SacredBark","Circlet"],"picked":"RedLine:ReiMu"},{"not_picked":["Circlet","Circlet"],"picked":"Circlet"},{"not_picked":["Circlet","Circlet"],"picked":"Circlet"}],"items_purged_floors":[12,12,44,75,75],"is_endless":true,"potions_floor_spawned":[10,14,16,18,24,27,33,35,42,48,50,52,57,58,60,62,64,67,69,76,77,81,84,86,88],"killed_by":"Gensokyo:Doremy","ascension_level":1}}