{"host":"jhohbi8xmmotmpw6","time":1612164065,"event":{"mods":["BaseMod","Downfall","Hermit","Hubris","Minty Spire (QoL Compilation)","Reliquary","Replay The Spire","Spicy Shops","StSLib"],"gold_per_floor":[99,114,114,114,129,129,154,64,64,79,40,5,20,50,65,165,165,165,180,195,210,210,60,60,75,105,120,30,30,30,30,30],"floor_reached":30,"language":"ENG","playtime":1694,"items_purged":[],"score":350,"play_id":"a2c9beea-4667-42f8-95fb-05450eb73a91","local_time":"20210201202105","daily_mods":["Specialized","Hoarder","downfall:WorldOfGoo"],"is_ascension_mode":false,"campfire_choices":[{"data":"Slimebound:Split","floor":1,"key":"SMITH"},{"floor":18,"key":"RECALL"},{"data":"Slimebound:CorrosiveSpit","floor":29,"key":"SMITH"}],"circlet_count":0,"master_deck":["Slimebound:Strike_Slimebound+1","Slimebound:Strike_Slimebound","Slimebound:Strike_Slimebound","Slimebound:Tackle","Slimebound:Defend_Slimebound","Slimebound:Defend_Slimebound","Slimebound:Defend_Slimebound","Slimebound:Defend_Slimebound","Slimebound:CorrosiveSpit+1","Slimebound:FormOfPuddle","Slimebound:FormOfPuddle","Slimebound:FormOfPuddle","Slimebound:FormOfPuddle","Slimebound:FormOfPuddle","Slimebound:FormOfPuddle","Slimebound:FormOfPuddle","Slimebound:FormOfPuddle","Slimebound:FormOfPuddle","Slimebound:FormOfPuddle","Slimebound:FormOfPuddle","Slimebound:FormOfPuddle","Slimebound:FormOfPuddle","Slimebound:FormOfPuddle","Slimebound:FormOfPuddle","Slimebound:ForwardTackle","Slimebound:ForwardTackle","Slimebound:ForwardTackle+1","Chaos+1","Chaos+1","Chaos+1","Slimebound:SplitBruiser","Slimebound:SplitBruiser","Slimebound:SplitBruiser","Slimebound:Schlurp","Slimebound:Schlurp","Slimebound:Schlurp","Slimebound:Prepare","Slimebound:Prepare","Slimebound:Prepare","Slimebound:Repurpose","Slimebound:Repurpose","Slimebound:Repurpose","Slimebound:LeechingTouch","Slimebound:LeechingTouch","Slimebound:LeechingTouch","Slimebound:MinionMaster","Slimebound:MinionMaster","Slimebound:MinionMaster","Slimebound:LeadByExample","Slimebound:LeadByExample","Slimebound:LeadByExample","Slimebound:Darklings","Slimebound:Darklings","Slimebound:Darklings","CurseOfTheBell","CurseOfTheBell","CurseOfTheBell","Slimebound:Chomp+1","Slimebound:Chomp+1","Slimebound:Chomp+1","Slimebound:ItLooksTasty","Slimebound:ItLooksTasty","Slimebound:ItLooksTasty","Slimebound:SplitMire","Slimebound:SplitMire","Slimebound:SplitMire","Slimebound:GoopSpray","Slimebound:GoopSpray","Slimebound:GoopSpray","Slimebound:PressTheAttack+1","Slimebound:PressTheAttack+1","Slimebound:PressTheAttack+1"],"relics":["Slimebound:AbsorbEndCombat","hubris:Towel","Replay:Mystery Machine","HandDrill","Guardian:PocketSentry","Calling Bell","Blue Doll","Garlic","champ:DeflectingBracers","hubris:BottledHeart","Gambling Chip","Replay:Wax Seal","Cauldron"],"acts_visited":["Exordium","TheCity"],"potions_floor_usage":[16,19,19,26,28],"damage_taken":[{"damage":9,"enemies":"Jaw Worm","floor":2,"turns":3},{"damage":6,"enemies":"Small Slimes","floor":5,"turns":3},{"damage":6,"enemies":"downfall:FleeingMerchant","floor":8,"turns":4},{"damage":0,"enemies":"Cultist","floor":10,"turns":3},{"damage":0,"enemies":"downfall:FleeingMerchant","floor":11,"turns":4},{"damage":3,"enemies":"Looter","floor":13,"turns":4},{"damage":13,"enemies":"3 Sentries","floor":14,"turns":7},{"damage":12,"enemies":"Exordium Thugs","floor":15,"turns":4},{"damage":28,"enemies":"Fading Forest","floor":16,"turns":11},{"damage":4,"enemies":"Chosen","floor":19,"turns":4},{"damage":0,"enemies":"3 Byrds","floor":20,"turns":5},{"damage":5,"enemies":"Snecko","floor":21,"turns":4},{"damage":0,"enemies":"Snake Plant","floor":25,"turns":5},{"damage":0,"enemies":"Book of Stabbing","floor":26,"turns":5},{"damage":0,"enemies":"3 Cultists","floor":27,"turns":6},{"damage":0,"enemies":"downfall:FleeingMerchant","floor":28,"turns":4}],"seed_played":"-6699970657251824518","potions_obtained":[{"floor":2,"key":"FearPotion"},{"floor":5,"key":"Doom Potion"},{"floor":9,"key":"Venom Potion"},{"floor":9,"key":"Swift Potion"},{"floor":10,"key":"DuplicationPotion"},{"floor":16,"key":"Strength Potion"},{"floor":21,"key":"Slimebound:SlimyTonguePotion"},{"floor":25,"key":"Fire Potion"},{"floor":27,"key":"SteroidPotion"},{"floor":28,"key":"SmokeBomb"},{"floor":28,"key":"ColorlessPotion"}],"is_trial":false,"path_per_floor":["R","M","?","?","M","?","T","$","?","M","$","?","M","E","M","B",null,"R","M","M","M","?","?","T","M","E","M","$","R","?"],"character_chosen":"SLIMEBOUND","items_purchased":["HandDrill","Slimebound:LeechingTouch","Cauldron"],"campfire_rested":0,"item_purchase_floors":[8,11,28],"current_hp_per_floor":[65,60,47,47,43,43,43,37,37,41,43,59,58,47,39,23,65,65,63,65,62,1,1,1,1,1,1,1,1,0,0,0],"gold":30,"neow_bonus":"","is_daily":true,"chose_seed":false,"campfire_upgraded":2,"win_rate":0.0,"timestamp":1612164065,"path_taken":["R","M","?","?","M","?","T","$","?","?","$","?","M","E","M","BOSS","R","M","M","M","?","?","T","?","E","M","$","R","?"],"items_purchased_type":["Relic","Card","Relic"],"build_version":"2020-12-22","purchased_purges":0,"victory":false,"max_hp_per_floor":[65,65,65,65,65,65,65,65,65,65,65,65,65,65,65,65,65,65,65,65,65,1,1,1,1,1,1,1,1,1,1,1],"card_choices":[{"not_picked":["Slimebound:MegaLick","Slimebound:SplitMire"],"picked":"Slimebound:ForwardTackle","floor":2},{"not_picked":["Slimebound:HauntingLick","Slimebound:Gluttony"],"picked":"Slimebound:SplitBruiser","floor":5},{"not_picked":["Slimebound:MinionMaster","Slimebound:LeechingTouch"],"picked":"Slimebound:Schlurp","floor":8},{"not_picked":["Slimebound:SlimeSpikes","Slimebound:SplitBruiser"],"picked":"Slimebound:Prepare","floor":10},{"not_picked":["Slimebound:SamplingLick","Slimebound:SlimeBrawl"],"picked":"Slimebound:Repurpose","floor":11},{"not_picked":["Slimebound:ViciousTackle","Slimebound:SlimeTap"],"picked":"Slimebound:MinionMaster","floor":13},{"not_picked":["Slimebound:SplitAcid","Slimebound:RainOfGoop"],"picked":"Slimebound:LeadByExample","floor":14},{"not_picked":["Slimebound:SlimeSpikes","Slimebound:LeechingTouch","Slimebound:SplitBruiser"],"picked":"SKIP","floor":15},{"not_picked":["Slimebound:SlimeSlap","Slimebound:Teamwork"],"picked":"Slimebound:Darklings","floor":16},{"not_picked":["Slimebound:Repurpose","Slimebound:LeechingTouch"],"picked":"Slimebound:Chomp+1","floor":19},{"not_picked":["Slimebound:HauntingLick+1","Slimebound:FormOfPuddle"],"picked":"Slimebound:ItLooksTasty","floor":20},{"not_picked":["Slimebound:FinishingTackle","Slimebound:ForwardTackle","Slimebound:GoopSpray+1"],"picked":"SKIP","floor":21},{"not_picked":["Slimebound:Schlurp+1","Slimebound:ItLooksTasty+1"],"picked":"Slimebound:SplitMire","floor":25},{"not_picked":["Slimebound:FormOfPuddle+1","Slimebound:HauntingLick"],"picked":"Slimebound:GoopSpray","floor":26},{"not_picked":["Slimebound:FinishingTackle","Slimebound:HungryTackle"],"picked":"Slimebound:PressTheAttack+1","floor":27},{"not_picked":["Slimebound:AcidTongue+1","Slimebound:SlimeBrawl+1","Slimebound:GoopSpray+1"],"picked":"SKIP","floor":28}],"player_experience":127426,"relics_obtained":[{"floor":7,"key":"Replay:Mystery Machine"},{"floor":14,"key":"Guardian:PocketSentry"},{"floor":17,"key":"Blue Doll"},{"floor":17,"key":"Garlic"},{"floor":17,"key":"champ:DeflectingBracers"},{"floor":24,"key":"Gambling Chip"},{"floor":26,"key":"Replay:Wax Seal"}],"event_choices":[{"damage_healed":0,"gold_gain":0,"player_choice":"Entered Light","damage_taken":13,"max_hp_gain":0,"max_hp_loss":0,"event_name":"Shining Light","floor":3,"gold_loss":0,"cards_upgraded":["Slimebound:Strike_Slimebound","Slimebound:ForwardTackle"]},{"damage_healed":0,"gold_gain":0,"player_choice":"Got Potions","damage_taken":0,"max_hp_gain":0,"max_hp_loss":0,"event_name":"Lab","floor":9,"gold_loss":0},{"damage_healed":16,"gold_gain":0,"player_choice":"Healed","damage_taken":0,"max_hp_gain":0,"max_hp_loss":0,"event_name":"The Cleric","floor":12,"gold_loss":35}],"is_beta":false,"boss_relics":[{"not_picked":["Runic Pyramid","Replay:Wanted Poster"],"picked":"Calling Bell"}],"items_purged_floors":[],"is_endless":false,"potions_floor_spawned":[2,5,10,15,16,21,25,27],"ascension_level":0}}