{"host":"2ica2wc1gg7guzbw","time":1612144981,"event":{"mods":["BaseMod","Colored Map","Minty Spire (QoL Compilation)","Replay The Spire","Shop Mod","StSLib"],"gold_per_floor":[110,125,139,158,174,205,121,121,175,52,52,84,94,94,94,171,171,187,187,13,23,23,55,55,75,75,0,28,28,78,88,88],"floor_reached":31,"language":"RUS","playtime":1124,"items_purged":["EmptyFist"],"score":561,"play_id":"e8bcf91e-fcb2-4e3c-b0a2-223e819f8f49","local_time":"20210201060301","is_ascension_mode":true,"campfire_choices":[{"floor":8.0,"key":"REST"},{"data":"Ragnarok","floor":11.0,"key":"SMITH"},{"floor":15.0,"key":"RECALL"},{"floor":24.0,"key":"REST"},{"floor":29,"key":"REST"}],"circlet_count":0,"master_deck":["AscendersBane","Strike_P+1","Strike_P+1","Strike_P+1","Strike_P+1","Defend_P+1","Defend_P+1","Defend_P+1","Defend_P+1","Eruption","Vigilance","Vault","CarveReality","FollowUp","FlurryOfBlows","FlyingSleeves","Ragnarok+1","BattleHymn","MasterReality+1","Study","LikeWater","SignatureMove","DeusExMachina+1","EmptyBody","Replay:AtTheReady+1","ClearTheMind","LikeWater+1"],"relics":["PureWater","Oddly Smooth Stone","Lantern","Mirror","VioletLotus","Omamori","Replay:Bandana","Replay:Bottled Eggs"],"acts_visited":["Exordium","TheCity"],"potions_floor_usage":[30],"damage_taken":[{"damage":0.0,"enemies":"Cultist","floor":1.0,"turns":4.0},{"damage":3.0,"enemies":"2 Louse","floor":2.0,"turns":3.0},{"damage":2.0,"enemies":"Jaw Worm","floor":3.0,"turns":3.0},{"damage":1.0,"enemies":"Looter","floor":4.0,"turns":4.0},{"damage":13.0,"enemies":"Exordium Thugs","floor":5.0,"turns":4.0},{"damage":17.0,"enemies":"Lagavulin","floor":6.0,"turns":5.0},{"damage":16.0,"enemies":"Gremlin Nob","floor":12.0,"turns":3.0},{"damage":0.0,"enemies":"Exordium Wildlife","floor":13.0,"turns":3.0},{"damage":2.0,"enemies":"Hexaghost","floor":16.0,"turns":8.0},{"damage":11.0,"enemies":"Spheric Guardian","floor":18.0,"turns":5.0},{"damage":8.0,"enemies":"2 Thieves","floor":21.0,"turns":2.0},{"damage":22.0,"enemies":"Gremlin Leader","floor":23.0,"turns":5.0},{"damage":31.0,"enemies":"Shelled Parasite and Fungi","floor":25.0,"turns":4.0},{"damage":10,"enemies":"Replay:Snechameleon","floor":28,"turns":10},{"damage":19,"enemies":"Slavers","floor":30,"turns":5},{"damage":9,"enemies":"Centurion and Healer","floor":31,"turns":1}],"seed_played":"290088668348362833","potions_obtained":[{"floor":3.0,"key":"Cursed Concoction"},{"floor":4.0,"key":"DuplicationPotion"},{"floor":6.0,"key":"Dexterity Potion"},{"floor":16.0,"key":"PowerPotion"},{"floor":23.0,"key":"Toxic Potion"},{"floor":25.0,"key":"Fruit Juice"},{"floor":28,"key":"Ancient Potion"}],"is_trial":false,"path_per_floor":["M","M","M","M","M","E","$","R","T","$","R","E","M","?","R","B",null,"M","?","$","M","?","E","R","M","T","$","E","R","E","M"],"character_chosen":"WATCHER","items_purchased":["BattleHymn","MasterReality+1","DeusExMachina"],"campfire_rested":3,"item_purchase_floors":[7,10,20],"current_hp_per_floor":[61,58,56,55,42,25,25,45,45,45,45,29,29,29,29,27,58,47,47,47,39,39,17,37,11,11,11,1,22,3,0,0],"gold":88,"neow_bonus":"ONE_RANDOM_RARE_CARD","is_daily":false,"chose_seed":false,"campfire_upgraded":1,"win_rate":0.0,"timestamp":1612144981,"path_taken":["M","M","?","M","M","E","$","R","T","?","R","E","M","?","R","BOSS","M","?","$","M","?","E","R","?","T","$","E","R","E","M"],"items_purchased_type":["Card","Card","Card"],"build_version":"2020-12-22","purchased_purges":1,"victory":false,"max_hp_per_floor":[68,68,68,68,68,68,68,68,68,68,68,68,68,68,68,68,68,68,68,68,68,68,68,68,73,73,73,73,73,73,73,73],"card_choices":[{"not_picked":["EmptyBody","Replay:DivineShield"],"picked":"CarveReality","floor":1.0},{"not_picked":["WindmillStrike","EmptyFist"],"picked":"FollowUp","floor":2.0},{"not_picked":["ForeignInfluence","CrushJoints"],"picked":"FlurryOfBlows","floor":3.0},{"not_picked":["FlurryOfBlows","Replay:BluntJabs"],"picked":"FlyingSleeves","floor":4.0},{"not_picked":["Replay:BluntJabs","InnerPeace"],"picked":"Ragnarok","floor":5.0},{"not_picked":["Meditate","FollowUp"],"picked":"EmptyFist","floor":6.0},{"not_picked":["ClearTheMind","Replay:Anticipation"],"picked":"Study","floor":12.0},{"not_picked":["Pray","DeceiveReality"],"picked":"LikeWater","floor":13.0},{"not_picked":["Brilliance","Replay:LoomingThreat"],"picked":"Alpha","floor":16.0},{"not_picked":["EmptyBody","ClearTheMind"],"picked":"SignatureMove","floor":18.0},{"not_picked":["CrushJoints","Consecrate","EmptyBody"],"picked":"SKIP","floor":21.0},{"not_picked":["CrushJoints","Consecrate"],"picked":"EmptyBody","floor":21.0},{"not_picked":["Crescendo","Replay:LoomingThreat"],"picked":"Replay:AtTheReady+1","floor":23.0},{"not_picked":["Halt","PathToVictory"],"picked":"ClearTheMind","floor":25.0},{"not_picked":["PathToVictory+1","CrushJoints","LessonLearned"],"picked":"SKIP","floor":28},{"not_picked":["BowlingBash+1","Pray+1"],"picked":"LikeWater+1","floor":30}],"player_experience":938963,"relics_obtained":[{"floor":6.0,"key":"Oddly Smooth Stone"},{"floor":9.0,"key":"Lantern"},{"floor":12.0,"key":"Mirror"},{"floor":23.0,"key":"Omamori"},{"floor":28,"key":"Replay:Bandana"},{"floor":30,"key":"Replay:Bottled Eggs"}],"event_choices":[{"damage_healed":0.0,"max_hp_gain":0.0,"max_hp_loss":0.0,"gold_gain":0.0,"event_name":"Golden Wing","player_choice":"Ignored","floor":14.0,"gold_loss":0.0,"damage_taken":0.0},{"damage_healed":0.0,"max_hp_gain":0.0,"max_hp_loss":0.0,"gold_gain":0.0,"event_name":"Back to Basics","player_choice":"Simplicity","floor":19.0,"gold_loss":0.0,"damage_taken":0.0,"cards_upgraded":["Strike_P","Strike_P","Strike_P","Strike_P","Defend_P","Defend_P","Defend_P","Defend_P"]},{"cards_removed":["Alpha"],"damage_healed":0.0,"max_hp_gain":0.0,"max_hp_loss":0.0,"gold_gain":0.0,"event_name":"Purifier","player_choice":"Purged","floor":22.0,"gold_loss":0.0,"damage_taken":0.0}],"is_beta":false,"boss_relics":[{"not_picked":["Calling Bell","Ring of Chaos"],"picked":"VioletLotus"}],"items_purged_floors":[27],"is_endless":false,"potions_floor_spawned":[3,4,6,16,23,25,28],"killed_by":"Centurion and Healer","ascension_level":17}}