{"host":"1q02rw1wpi0nrsss","time":1612207259,"event":{"mods":["AchievementEnabler","BaseMod","Better Note","Custom Start","Dark Map","DeckTracker","Disable Question Mark Monsters","Hermit","Minty Spire (QoL Compilation)","Permanent Neow","Quick Restart","Rare Cards Sparkle","Relic Stats","StSLib"],"gold_per_floor":[112,131,20,20,95,95,95],"floor_reached":6,"language":"ENG","playtime":363,"items_purged":["hermit:Strike_Hermit"],"score":34,"play_id":"9719c2a5-aee4-4295-aa3d-1a1259103559","local_time":"20210201112059","is_ascension_mode":false,"campfire_choices":[],"circlet_count":0,"master_deck":["hermit:Strike_Hermit","hermit:Strike_Hermit","hermit:Strike_Hermit","hermit:Defend_Hermit","hermit:Defend_Hermit","hermit:Defend_Hermit","hermit:Snapshot","hermit:Covet","Parasite","hermit:DeadOrAlive","hermit:ShadowCloak","hermit:CursedWeapon"],"relics":["hermit:Momento"],"acts_visited":["Exordium"],"potions_floor_usage":[],"damage_taken":[{"damage":11,"enemies":"Jaw Worm","floor":1,"turns":4},{"damage":0,"enemies":"Cultist","floor":2,"turns":2},{"damage":58,"enemies":"Gremlin Nob","floor":6,"turns":6}],"seed_played":"1606442814762661549","potions_obtained":[],"is_trial":false,"path_per_floor":["M","M","$","?","?","E"],"character_chosen":"HERMIT","items_purchased":["hermit:CursedWeapon"],"campfire_rested":0,"item_purchase_floors":[3],"current_hp_per_floor":[64,64,64,57,50,0,0],"gold":95,"neow_bonus":"THREE_RARE_CARDS","is_daily":false,"chose_seed":false,"campfire_upgraded":0,"win_rate":0.0,"timestamp":1612207259,"path_taken":["M","M","$","?","?","E"],"items_purchased_type":["Card"],"build_version":"2020-12-22","purchased_purges":1,"victory":false,"max_hp_per_floor":[75,75,75,75,75,75,75],"relic_stats":{"counters":[3,12],"obtain_stats":[{"hermit:Momento":0},{"hermit:Momento":0},{"hermit:Momento":0}]},"card_choices":[{"not_picked":["hermit:BlackWind","hermit:Roughhouse"],"picked":"hermit:DeadOrAlive","floor":0},{"not_picked":["hermit:SprayPray","hermit:Misfire","hermit:Coalescence"],"picked":"SKIP","floor":1},{"not_picked":["hermit:Glare","hermit:Dive"],"picked":"hermit:ShadowCloak","floor":2}],"player_experience":427007,"relics_obtained":[],"event_choices":[{"cards_removed":["hermit:Defend_Hermit"],"damage_healed":0,"gold_gain":0,"player_choice":"Card Removal","damage_taken":7,"max_hp_gain":0,"max_hp_loss":0,"event_name":"Golden Wing","floor":4,"gold_loss":0},{"damage_healed":0,"gold_gain":75,"player_choice":"Touch","damage_taken":7,"max_hp_gain":0,"max_hp_loss":0,"event_name":"FaceTrader","floor":5,"gold_loss":0}],"is_beta":false,"boss_relics":[],"items_purged_floors":[3],"is_endless":false,"potions_floor_spawned":[],"killed_by":"Gremlin Nob","ascension_level":0}}