{"host":"815dqs41i1y8uxms","time":1612177082,"event":{"mods":["A Penny For Your Troubles","Act Like it!","BaseMod","Dark Map","Elementarium","Fox Events","Minty Spire (QoL Compilation)","Rare Cards Sparkle","Shop Mod","Spire Arcade","StSLib","The Cursed","The Hierophant","The Marked"],"gold_per_floor":[109,33,33,51,51,51,15,50,50,50,67,85,85,105,105,201,201,216,12,29,29,39,72,72,72,120,120,136,136,136,136],"floor_reached":30,"language":"ENG","playtime":2407,"items_purged":[],"score":296,"play_id":"19f5484a-f160-4380-ae1e-f84dce86f37b","local_time":"20210201115802","is_ascension_mode":false,"campfire_choices":[{"floor":6.0,"key":"RECALL"},{"data":"TheCursedMod:AntiAging","floor":13.0,"key":"SMITH"},{"floor":15.0,"key":"REST"},{"floor":24,"key":"REST"},{"data":"TheCursedMod:LuckyCharm","floor":27,"key":"SMITH"},{"data":"TheCursedMod:VoidForm","floor":29,"key":"SMITH"}],"circlet_count":0,"master_deck":["TheCursedMod:Strike_TheCursed+1","TheCursedMod:Strike_TheCursed+1","TheCursedMod:Strike_TheCursed","TheCursedMod:Strike_TheCursed","TheCursedMod:Defend_TheCursed","TheCursedMod:Defend_TheCursed","TheCursedMod:Defend_TheCursed","TheCursedMod:Defend_TheCursed","TheCursedMod:CursedWand","TheCursedMod:CleanUpWorkshop","TheCursedMod:Dregs","TheCursedMod:CursedMace+1","TheCursedMod:LuckyCharm+1","TheCursedMod:StingEye","TheCursedMod:FuryStrike+1","TheCursedMod:CursedBoomerang","TheCursedMod:FleshFromBone","TheCursedMod:AntiAging+1","TheCursedMod:Mangle","TheCursedMod:VoidForm+1","TheCursedMod:CircleOfAmplification+1","TheCursedMod:LuckyCharm","TheCursedMod:CircleOfFocus","TheCursedMod:Stretching+1","TheCursedMod:WearCloak","TheCursedMod:Torture+1","Doubt","TheCursedMod:AntiAging+1","TheCursedMod:SaltUponWound+1"],"relics":["TheCursedMod:BlackMagic101","NeowsBlessing","Bottled Tornado","Peace Pipe","Odd Mushroom","TheCursedMod:FourLeafCloverCharm","Membership Card","Unceasing Top","Nunchaku"],"acts_visited":["Exordium","Elementarium:Elementarium"],"potions_floor_usage":[16,16,22,30,30],"damage_taken":[{"damage":0.0,"enemies":"Cultist","floor":1.0,"turns":1.0},{"damage":0.0,"enemies":"Jaw Worm","floor":4.0,"turns":1.0},{"damage":0.0,"enemies":"Lagavulin","floor":8.0,"turns":1.0},{"damage":1.0,"enemies":"Small Slimes","floor":11.0,"turns":4.0},{"damage":0.0,"enemies":"2 Fungi Beasts","floor":12.0,"turns":2.0},{"damage":30.0,"enemies":"The Mushroom Lair","floor":14.0,"turns":6.0},{"damage":44,"enemies":"Slime Boss","floor":16,"turns":12},{"damage":13,"enemies":"Elementarium:2_ELEMENTALS","floor":18,"turns":6},{"damage":21,"enemies":"Elementarium:MUD_AND_TAR_GOLEMS","floor":20,"turns":7},{"damage":0,"enemies":"Elementarium:RubyGolem","floor":22,"turns":7},{"damage":17,"enemies":"Elementarium:ElementalPortal","floor":23,"turns":10},{"damage":15,"enemies":"Elementarium:Hydrostalker","floor":28,"turns":8},{"damage":60,"enemies":"Elementarium:FIRE_NOBILITY","floor":30,"turns":11}],"seed_played":"-3180104598864413364","potions_obtained":[{"floor":4.0,"key":"GamblersBrew"},{"floor":12.0,"key":"Strength Potion"},{"floor":16,"key":"AttackPotion"},{"floor":20,"key":"Weak Potion"},{"floor":28,"key":"Swift Potion"}],"is_trial":false,"path_per_floor":["M","$","T","M","?","R","$","E","T","?","M","M","R","?","R","B",null,"M","$","M","?","M","E","R","?","T","R","M","R","E"],"character_chosen":"THE_CURSED","items_purchased":["TheCursedMod:LuckyCharm","TheCursedMod:FuryStrike","Membership Card","TheCursedMod:LuckyCharm","TheCursedMod:CircleOfFocus"],"campfire_rested":2,"item_purchase_floors":[2,7,19,19,19],"current_hp_per_floor":[75,75,75,75,60,60,60,60,60,60,59,59,59,32,55,11,78,68,68,47,47,50,36,62,62,62,62,53,53,0,0],"gold":136,"neow_bonus":"THREE_ENEMY_KILL","is_daily":false,"chose_seed":false,"campfire_upgraded":3,"win_rate":0.0,"timestamp":1612177082,"path_taken":["M","$","?","M","?","R","$","E","T","?","M","M","R","?","R","BOSS","M","$","M","?","M","E","R","?","T","R","?","R","E"],"items_purchased_type":["Card","Card","Relic","Card","Card"],"build_version":"2020-12-22","purchased_purges":0,"victory":false,"max_hp_per_floor":[75,75,75,75,75,75,75,75,75,75,75,75,75,78,78,78,78,81,81,81,81,84,87,87,87,87,87,93,93,99,99],"card_choices":[{"not_picked":["TheCursedMod:CursedShiv","TheCursedMod:Obscuration"],"picked":"TheCursedMod:CursedMace","floor":1.0},{"not_picked":["TheCursedMod:CursedSpellbook","TheCursedMod:CursedArmor"],"picked":"TheCursedMod:StingEye","floor":4.0},{"not_picked":["TheCursedMod:Wield","TheCursedMod:Obscuration"],"picked":"TheCursedMod:CursedBoomerang","floor":8.0},{"not_picked":["TheCursedMod:CursedAmulet","TheCursedMod:SpitefulPlan"],"picked":"TheCursedMod:FleshFromBone","floor":11.0},{"not_picked":["TheCursedMod:Torture","TheCursedMod:CursedMace"],"picked":"TheCursedMod:AntiAging","floor":12.0},{"not_picked":["TheCursedMod:FleshFromBone","TheCursedMod:CursedAmulet"],"picked":"TheCursedMod:Mangle","floor":14.0},{"not_picked":["TheCursedMod:DarkBarrier","TheCursedMod:ManaCirculation"],"picked":"TheCursedMod:VoidForm","floor":16},{"not_picked":["TheCursedMod:RapidMovement","TheCursedMod:VitalStrike"],"picked":"TheCursedMod:CircleOfAmplification+1","floor":18},{"not_picked":["TheCursedMod:SurpriseAttack","TheCursedMod:CursedAmulet"],"picked":"TheCursedMod:Stretching+1","floor":20},{"not_picked":["TheCursedMod:CursedShiv","TheCursedMod:Torture"],"picked":"TheCursedMod:WearCloak","floor":22},{"not_picked":["TheCursedMod:CircleOfFlame","TheCursedMod:DemonicPact"],"picked":"TheCursedMod:Torture+1","floor":23},{"not_picked":["TheCursedMod:ManaBullet","TheCursedMod:BlessingInDisguise"],"picked":"TheCursedMod:SaltUponWound+1","floor":28}],"player_experience":4019970,"relics_obtained":[{"floor":8.0,"key":"Bottled Tornado"},{"floor":9.0,"key":"Peace Pipe"},{"floor":14.0,"key":"Odd Mushroom"},{"floor":23,"key":"Unceasing Top"},{"floor":26,"key":"Nunchaku"}],"event_choices":[{"damage_healed":0.0,"max_hp_gain":0.0,"max_hp_loss":0.0,"gold_gain":0.0,"event_name":"Shining Light","player_choice":"Entered Light","floor":5.0,"gold_loss":0.0,"damage_taken":15.0,"cards_upgraded":["TheCursedMod:Strike_TheCursed","TheCursedMod:Strike_TheCursed"]},{"damage_healed":0.0,"max_hp_gain":0.0,"max_hp_loss":0.0,"gold_gain":0.0,"event_name":"The Cleric","player_choice":"Leave","floor":10.0,"gold_loss":0.0,"damage_taken":0.0},{"damage_healed":0.0,"max_hp_gain":0.0,"max_hp_loss":0.0,"gold_gain":0.0,"event_name":"Mushrooms","player_choice":"Fought Mushrooms","floor":14.0,"gold_loss":0.0,"damage_taken":0.0},{"damage_healed":0,"gold_gain":0,"player_choice":"Meditate","damage_taken":0,"max_hp_gain":0,"max_hp_loss":0,"event_name":"Elementarium:SculptureGarden","floor":21,"gold_loss":0,"cards_upgraded":["TheCursedMod:CursedMace","TheCursedMod:FuryStrike"]},{"damage_healed":0,"gold_gain":0,"player_choice":"Embrace","damage_taken":0,"max_hp_gain":0,"max_hp_loss":0,"event_name":"Elementarium:VoidShrine","floor":25,"gold_loss":0,"cards_obtained":["Doubt","TheCursedMod:AntiAging"]}],"is_beta":false,"boss_relics":[{"not_picked":["TheCursedMod:BlackMagicAdvanced","Busted Crown"],"picked":"TheCursedMod:FourLeafCloverCharm"}],"items_purged_floors":[],"is_endless":false,"potions_floor_spawned":[4,12,16,20,28],"killed_by":"Elementarium:FIRE_NOBILITY","ascension_level":0}}