{"host":"erqkcga9ejnpd4e1","time":1612164040,"event":{"mods":["AchievementEnabler","BaseMod","Colored Map","Downfall","Glutton Mod","Minty Spire (QoL Compilation)","Pikachu Mod","Shop Mod","StSLib","The Bug Knight","The Exordian Avenger","The Forsaken","The Saiyan","Thrall Mod"],"gold_per_floor":[111,125,2,2,16,48,48,74,99,99,109,128,128,140,140,240,240,257,270,570,580,580,580,609,609,609,644,660,676,153,171,171,267,267,283,328,328,342,11,42,42,42,42],"floor_reached":42,"language":"ENG","playtime":4460,"items_purged":["theForsaken:TheForsaken_Strike+1","theForsaken:TheForsaken_Strike+1"],"score":503,"play_id":"a11c76ca-234f-4054-9d91-e2f5917311b1","local_time":"20210131232040","is_ascension_mode":false,"campfire_choices":[{"data":"theForsaken:RainingSunlight","floor":7,"key":"SMITH"},{"data":"theForsaken:CowardsBrand","floor":10,"key":"SMITH"},{"floor":15,"key":"REST"},{"floor":23,"key":"REST"},{"floor":25,"key":"REST"},{"floor":32,"key":"REST"}],"circlet_count":0,"master_deck":["theForsaken:TheForsaken_Strike+1","theForsaken:TheForsaken_Strike+1","theForsaken:TheForsaken_Defend+1","theForsaken:TheForsaken_Defend+1","theForsaken:TheForsaken_Defend+1","theForsaken:TheForsaken_Defend+1","theForsaken:Smite","theForsaken:Penitence","theForsaken:CowardsBrand+1","theForsaken:Bolster+1","theForsaken:QuickAttack","theForsaken:RainingSunlight+1","theForsaken:ShieldCharge","theForsaken:Horror","theForsaken:DarkBargain","theForsaken:Confusion","theForsaken:Purification","theForsaken:Devotion+1","theForsaken:FuryStrikes","theForsaken:DefensiveStance","theForsaken:Enfeeble","theForsaken:SacredOath","theForsaken:FuryStrikes+1","theForsaken:PowerUp+1","theForsaken:Bolster","theForsaken:FatRoll+1"],"relics":["theForsaken:ScalesOfTruth","NeowsBlessing","Ancient Tea Set","Regal Pillow","Boot","Blue Candle","Old Coin","Calipers","Bottled Flame","White Beast Statue","HollowMod:LifeEnderRelic","HollowMod:PaleOreRelic","Snecko Eye","Shovel","HandDrill","Meat on the Bone"],"acts_visited":["Exordium","TheCity","TheBeyond"],"potions_floor_usage":[19,21,27,27,31,33,36,38,42],"damage_taken":[{"damage":0,"enemies":"Small Slimes","floor":1,"turns":1},{"damage":0,"enemies":"Cultist","floor":2,"turns":1},{"damage":0,"enemies":"Jaw Worm","floor":5,"turns":1},{"damage":14,"enemies":"Gremlin Nob","floor":6,"turns":5},{"damage":20,"enemies":"Lagavulin","floor":8,"turns":7},{"damage":12,"enemies":"2 Fungi Beasts","floor":11,"turns":2},{"damage":10,"enemies":"Exordium Thugs","floor":12,"turns":3},{"damage":6,"enemies":"Exordium Wildlife","floor":14,"turns":4},{"damage":21,"enemies":"The Guardian","floor":16,"turns":10},{"damage":15,"enemies":"Shell Parasite","floor":18,"turns":6},{"damage":19,"enemies":"2 Thieves","floor":19,"turns":3},{"damage":27,"enemies":"Snake Plant","floor":21,"turns":3},{"damage":30,"enemies":"Slavers","floor":24,"turns":6},{"damage":20,"enemies":"Book of Stabbing","floor":27,"turns":6},{"damage":17,"enemies":"Shelled Parasite and Fungi","floor":28,"turns":8},{"damage":2,"enemies":"Cultist and Chosen","floor":29,"turns":6},{"damage":6,"enemies":"Centurion and Healer","floor":31,"turns":6},{"damage":34,"enemies":"Champ","floor":33,"turns":13},{"damage":14,"enemies":"3 Darklings","floor":35,"turns":5},{"damage":48,"enemies":"2 Orb Walkers","floor":36,"turns":6},{"damage":2,"enemies":"Orb Walker","floor":38,"turns":3},{"damage":0,"enemies":"HollowMod:StalkingDevout","floor":40,"turns":6},{"damage":37,"enemies":"Nemesis","floor":42,"turns":2}],"seed_played":"1367873645997840567","potions_obtained":[{"floor":6,"key":"BlessingOfTheForge"},{"floor":12,"key":"Weak Potion"},{"floor":14,"key":"BlessingOfTheForge"},{"floor":16,"key":"theForsaken:FearPotion"},{"floor":21,"key":"Swift Potion"},{"floor":24,"key":"Fire Potion"},{"floor":28,"key":"Fire Potion"},{"floor":29,"key":"SkillPotion"},{"floor":31,"key":"DistilledChaos"},{"floor":33,"key":"BlessingOfTheForge"},{"floor":35,"key":"BlessingOfTheForge"},{"floor":36,"key":"Swift Potion"},{"floor":38,"key":"Dexterity Potion"},{"floor":40,"key":"SkillPotion"}],"is_trial":false,"path_per_floor":["M","M","$","?","M","E","R","E","T","R","M","M","?","M","R","B",null,"M","M","?","M","?","R","E","R","T","E","M","M","$","M","R","B",null,"M","?","?","M","$","E","?","E"],"character_chosen":"THE_FORSAKEN","items_purchased":["theForsaken:Bolster","theForsaken:QuickAttack","theForsaken:DefensiveStance","HollowMod:LifeEnderRelic","HollowMod:PaleOreRelic","theForsaken:Bolster","HandDrill"],"campfire_rested":4,"item_purchase_floors":[3,3,30,30,30,39,39],"current_hp_per_floor":[65,65,65,65,65,52,52,35,35,35,25,18,13,7,41,31,65,52,33,33,6,6,40,10,44,44,26,12,13,13,12,46,17,65,53,5,5,3,3,6,6,0,0],"gold":42,"neow_bonus":"THREE_ENEMY_KILL","is_daily":false,"chose_seed":false,"campfire_upgraded":2,"win_rate":0.0,"timestamp":1612164040,"path_taken":["M","M","$","?","?","E","R","E","T","R","M","M","?","M","R","BOSS","M","M","?","?","?","R","E","R","T","E","M","M","$","M","R","BOSS","M","?","?","M","$","E","?","E"],"items_purchased_type":["Card","Card","Card","Relic","Relic","Card","Relic"],"build_version":"2020-12-22","purchased_purges":2,"victory":false,"max_hp_per_floor":[65,65,65,65,65,65,65,65,65,65,65,65,65,65,65,65,65,65,65,65,65,65,65,65,65,65,65,65,65,65,65,65,65,65,65,65,65,65,65,65,62,62,62],"card_choices":[{"not_picked":["theForsaken:Backlash","theForsaken:CreepingInfection","theForsaken:BlightOfFamine"],"picked":"SKIP","floor":1},{"not_picked":["theForsaken:Parry","theForsaken:WordsOfMight"],"picked":"theForsaken:CowardsBrand","floor":2},{"not_picked":["theForsaken:HymnOfPatience","theForsaken:Thunderbolt"],"picked":"theForsaken:RainingSunlight","floor":5},{"not_picked":["theForsaken:SpinAttack","theForsaken:Eulogy"],"picked":"theForsaken:ShieldCharge","floor":6},{"not_picked":["theForsaken:NobleSacrifice","theForsaken:ShieldBash"],"picked":"theForsaken:Horror","floor":8},{"not_picked":["theForsaken:WordOfPower","theForsaken:HorrifyingStrike","theForsaken:WardingHymn"],"picked":"SKIP","floor":11},{"not_picked":["theForsaken:Preservation","theForsaken:SolarFlare"],"picked":"theForsaken:DarkBargain","floor":12},{"not_picked":["theForsaken:ShieldBash","theForsaken:LightRoll"],"picked":"theForsaken:Confusion","floor":14},{"not_picked":["theForsaken:DarkRift","theForsaken:SacredOath"],"picked":"theForsaken:Purification","floor":16},{"not_picked":["theForsaken:Backlash","theForsaken:DarkBarrier","theForsaken:PowerUp"],"picked":"SKIP","floor":18},{"not_picked":["theForsaken:ShieldBash+1","theForsaken:PanicDive+1","theForsaken:HorrifyingStrike"],"picked":"SKIP","floor":19},{"not_picked":["theForsaken:WardingHymn","theForsaken:Riposte+1","theForsaken:Preservation"],"picked":"SKIP","floor":21},{"not_picked":["theForsaken:ShieldCharge","theForsaken:Terrorize","theForsaken:SolarFlare+1"],"picked":"SKIP","floor":24},{"not_picked":["theForsaken:PanicDive","theForsaken:CreepingInfection"],"picked":"theForsaken:Devotion+1","floor":27},{"not_picked":["theForsaken:RainingSunlight","theForsaken:CorruptedForm"],"picked":"theForsaken:FuryStrikes","floor":28},{"not_picked":["theForsaken:BountifulSunlight","theForsaken:RainingSunlight","theForsaken:Thunderbolt+1"],"picked":"SKIP","floor":29},{"not_picked":["theForsaken:Preservation","theForsaken:CowardsBrand"],"picked":"theForsaken:Enfeeble","floor":31},{"not_picked":["theForsaken:DarkRift","theForsaken:DesperatePlea"],"picked":"theForsaken:SacredOath","floor":33},{"not_picked":["theForsaken:Riposte+1","theForsaken:HymnOfPatience"],"picked":"theForsaken:FuryStrikes+1","floor":35},{"not_picked":["theForsaken:WordOfPower","theForsaken:ShieldCharge"],"picked":"theForsaken:PowerUp+1","floor":36},{"not_picked":["theForsaken:StoreUp+1","theForsaken:CreepingInfection","theForsaken:RainingSunlight+1"],"picked":"SKIP","floor":38},{"not_picked":["theForsaken:ScorchingSunlight+1","theForsaken:QuickAttack"],"picked":"theForsaken:FatRoll+1","floor":40}],"player_experience":971651,"relics_obtained":[{"floor":6,"key":"Ancient Tea Set"},{"floor":8,"key":"Regal Pillow"},{"floor":9,"key":"Boot"},{"floor":24,"key":"Calipers"},{"floor":26,"key":"Bottled Flame"},{"floor":27,"key":"White Beast Statue"},{"floor":36,"key":"Shovel"},{"floor":40,"key":"Meat on the Bone"}],"event_choices":[{"damage_healed":0,"gold_gain":0,"player_choice":"Forge","damage_taken":0,"max_hp_gain":0,"max_hp_loss":0,"event_name":"Accursed Blacksmith","floor":4,"gold_loss":0,"cards_upgraded":["theForsaken:Bolster"]},{"damage_healed":0,"gold_gain":0,"player_choice":"Gave Potion","damage_taken":0,"relics_obtained":["Old Coin"],"max_hp_gain":0,"max_hp_loss":0,"event_name":"WeMeetAgain","floor":20,"gold_loss":0},{"damage_healed":0,"gold_gain":0,"player_choice":"Simplicity","damage_taken":0,"max_hp_gain":0,"max_hp_loss":0,"event_name":"Back to Basics","floor":22,"gold_loss":0,"cards_upgraded":["theForsaken:TheForsaken_Strike","theForsaken:TheForsaken_Strike","theForsaken:TheForsaken_Strike","theForsaken:TheForsaken_Strike","theForsaken:TheForsaken_Defend","theForsaken:TheForsaken_Defend","theForsaken:TheForsaken_Defend","theForsaken:TheForsaken_Defend"]},{"damage_healed":0,"gold_gain":0,"player_choice":"Fight","damage_taken":0,"max_hp_gain":0,"max_hp_loss":0,"event_name":"Mysterious Sphere","floor":36,"gold_loss":0},{"damage_healed":0,"gold_gain":0,"player_choice":"Ignored","damage_taken":0,"max_hp_gain":0,"max_hp_loss":0,"event_name":"Tomb of Lord Red Mask","floor":37,"gold_loss":0},{"damage_healed":0,"gold_gain":0,"player_choice":"Max HP","damage_taken":0,"max_hp_gain":0,"max_hp_loss":3,"event_name":"Winding Halls","floor":41,"gold_loss":0}],"is_beta":false,"boss_relics":[{"not_picked":["Fusion Hammer","SacredBark"],"picked":"theForsaken:ScalesOfTruth"},{"not_picked":["Busted Crown","Astrolabe"],"picked":"Snecko Eye"}],"items_purged_floors":[30,39],"is_endless":false,"potions_floor_spawned":[6,12,14,16,21,24,28,29,31,33,35,36,38,40],"killed_by":"Nemesis","ascension_level":0}}