{"host":"r53pw7z744tg3fxg","time":1612188601,"event":{"mods":["AchievementEnabler","BaseMod","Colored Map","Colored Powertips","Highlight Path","Minty Spire (QoL Compilation)","Quick Restart","Transform Curses"],"gold_per_floor":[114,114,69,83,93,93,127,127,127,98,98,98,126,145,145,219,219,235,251,251,270,284,284,316,316,316,327,338,358,358,358,358],"floor_reached":31,"language":"ENG","playtime":1347,"items_purged":[],"score":507,"play_id":"07988c01-78ba-4c61-9bef-ce7b8d0eaed2","local_time":"20210201071001","is_ascension_mode":true,"campfire_choices":[{"data":"ClearTheMind","floor":6.0,"key":"SMITH"},{"floor":8.0,"key":"REST"},{"data":"LikeWater","floor":11.0,"key":"SMITH"},{"data":"DeceiveReality","floor":15.0,"key":"SMITH"},{"floor":23.0,"key":"REST"},{"floor":25,"key":"REST"},{"floor":30,"key":"REST"}],"circlet_count":0,"master_deck":["AscendersBane","Strike_P","Strike_P","Strike_P","Strike_P","Defend_P","Defend_P","Defend_P","Defend_P","Eruption+1","Vigilance","LikeWater+1","ReachHeaven","PathToVictory","ClearTheMind+1","WheelKick","Protect","Prostrate","DeceiveReality+1","DevaForm+1","Consecrate","WindmillStrike","BowlingBash","Ragnarok+1","CutThroughFate+1","ForeignInfluence"],"relics":["PureWater","Calipers","Question Card","Du-Vu Doll","Orichalcum","Snecko Eye","Molten Egg 2","Regal Pillow"],"acts_visited":["Exordium","TheCity"],"potions_floor_usage":[24,24,28,29],"damage_taken":[{"damage":7.0,"enemies":"Small Slimes","floor":1.0,"turns":4.0},{"damage":4.0,"enemies":"Jaw Worm","floor":4.0,"turns":4.0},{"damage":0.0,"enemies":"Cultist","floor":5.0,"turns":2.0},{"damage":17.0,"enemies":"3 Sentries","floor":7.0,"turns":9.0},{"damage":1.0,"enemies":"Gremlin Nob","floor":13.0,"turns":3.0},{"damage":0.0,"enemies":"Large Slime","floor":14.0,"turns":2.0},{"damage":35.0,"enemies":"Hexaghost","floor":16.0,"turns":13.0},{"damage":11.0,"enemies":"Shell Parasite","floor":18.0,"turns":5.0},{"damage":4.0,"enemies":"3 Byrds","floor":19.0,"turns":7.0},{"damage":0.0,"enemies":"Sentry and Sphere","floor":21.0,"turns":7.0},{"damage":7.0,"enemies":"Centurion and Healer","floor":22.0,"turns":6.0},{"damage":33,"enemies":"Slavers","floor":24,"turns":9},{"damage":0,"enemies":"Snecko","floor":27,"turns":4},{"damage":18,"enemies":"Snake Plant","floor":28,"turns":4},{"damage":15,"enemies":"Centurion and Healer","floor":29,"turns":7},{"damage":44,"enemies":"Book of Stabbing","floor":31,"turns":5}],"seed_played":"-1765308516308213813","potions_obtained":[{"floor":5.0,"key":"AttackPotion"},{"floor":7.0,"key":"DistilledChaos"},{"floor":14.0,"key":"CultistPotion"},{"floor":16.0,"key":"Swift Potion"},{"floor":22.0,"key":"DuplicationPotion"},{"floor":27,"key":"Energy Potion"},{"floor":28,"key":"AttackPotion"}],"is_trial":false,"path_per_floor":["M","?","$","M","M","R","E","R","T","$","R","?","E","M","R","B",null,"M","M","?","M","M","R","E","R","T","M","M","M","R","E"],"character_chosen":"WATCHER","items_purchased":["ReachHeaven","Protect"],"campfire_rested":4,"item_purchase_floors":[3,10],"current_hp_per_floor":[54,54,54,50,50,50,33,53,53,53,53,53,52,52,52,17,55,44,40,40,40,33,53,20,40,40,40,22,7,42,0,0],"gold":358,"neow_bonus":"UPGRADE_CARD","is_daily":false,"chose_seed":false,"campfire_upgraded":3,"win_rate":0.0,"timestamp":1612188601,"path_taken":["M","?","$","M","M","R","E","R","T","$","R","?","E","?","R","BOSS","M","?","?","M","M","R","E","R","T","M","M","?","R","E"],"items_purchased_type":["Card","Card"],"build_version":"2020-12-22","purchased_purges":0,"victory":false,"max_hp_per_floor":[68,68,68,68,68,68,68,68,68,68,68,68,68,68,68,68,68,68,68,68,68,68,68,68,68,68,68,68,68,68,68,68],"card_choices":[{"not_picked":["Crescendo","Halt"],"picked":"LikeWater","floor":1.0},{"not_picked":["FlyingSleeves","Adaptation"],"picked":"PathToVictory","floor":4.0},{"not_picked":["Tantrum","Nirvana"],"picked":"ClearTheMind","floor":5.0},{"not_picked":["EmptyFist","ClearTheMind"],"picked":"WheelKick","floor":7.0},{"not_picked":["JustLucky","Scrawl","Fasting2"],"picked":"Prostrate","floor":13.0},{"not_picked":["FlurryOfBlows","JustLucky","Halt"],"picked":"DeceiveReality","floor":14.0},{"not_picked":["Judgement","Brilliance","Scrawl"],"picked":"DevaForm","floor":16.0},{"not_picked":["JustLucky","WaveOfTheHand","Crescendo"],"picked":"Consecrate","floor":18.0},{"not_picked":["SashWhip","PathToVictory","Wireheading","Protect"],"picked":"SKIP","floor":19.0},{"not_picked":["CutThroughFate","ThirdEye","SandsOfTime"],"picked":"WindmillStrike","floor":21.0},{"not_picked":["ThirdEye","JustLucky","LikeWater"],"picked":"BowlingBash","floor":22.0},{"not_picked":["ClearTheMind","EmptyBody","Scrawl"],"picked":"Ragnarok+1","floor":24},{"not_picked":["FollowUp+1","CrushJoints+1","SashWhip+1","Weave+1"],"picked":"SKIP","floor":27},{"not_picked":["Crescendo","Tantrum+1","Halt"],"picked":"CutThroughFate+1","floor":28},{"not_picked":["ClearTheMind","Collect","ThirdEye"],"picked":"ForeignInfluence","floor":29}],"player_experience":1406051,"relics_obtained":[{"floor":7.0,"key":"Calipers"},{"floor":9.0,"key":"Question Card"},{"floor":13.0,"key":"Orichalcum"},{"floor":24,"key":"Molten Egg 2"},{"floor":26,"key":"Regal Pillow"}],"event_choices":[{"damage_healed":0.0,"max_hp_gain":0.0,"max_hp_loss":0.0,"gold_gain":0.0,"event_name":"Golden Wing","player_choice":"Ignored","floor":2.0,"gold_loss":0.0,"damage_taken":0.0},{"damage_healed":0.0,"max_hp_gain":0.0,"max_hp_loss":0.0,"gold_gain":0.0,"event_name":"Dead Adventurer","player_choice":"Searched \u00271\u0027 times","floor":12.0,"gold_loss":0.0,"damage_taken":0.0,"relics_obtained":["Du-Vu Doll"]},{"damage_healed":0.0,"max_hp_gain":0.0,"max_hp_loss":0.0,"gold_gain":0.0,"event_name":"Accursed Blacksmith","player_choice":"Forge","floor":20.0,"gold_loss":0.0,"damage_taken":0.0,"cards_upgraded":["DevaForm"]}],"is_beta":false,"boss_relics":[{"not_picked":["Runic Pyramid","Empty Cage"],"picked":"Snecko Eye"}],"items_purged_floors":[],"is_endless":false,"potions_floor_spawned":[5,7,14,16,21,22,27,28],"killed_by":"Book of Stabbing","ascension_level":18}}