{"host":"edndssuekvzbh3is","time":1612165334,"event":{"mods":["BaseMod","Colored Map","Colored Powertips","Minty Spire (QoL Compilation)","SuperFastMode"],"gold_per_floor":[116,132,144,144,161,161,161,161,186,219,237,257,257,8,8,107,107,122,140,160,160,160],"floor_reached":21,"language":"ENG","playtime":520,"items_purged":["Strike_R"],"score":315,"play_id":"60d18e27-32f9-47ad-8a16-23a7275b03c2","local_time":"20210201024214","is_ascension_mode":true,"campfire_choices":[{"data":"Anger","floor":6,"key":"SMITH"},{"floor":8,"key":"REST"},{"data":"Anger","floor":13,"key":"SMITH"},{"data":"Limit Break","floor":15,"key":"SMITH"}],"circlet_count":0,"master_deck":["Strike_R","Strike_R","Defend_R","Defend_R","Defend_R","Bash","Corruption+1","Double Tap+1","Anger+1","Spot Weakness","Feel No Pain","Metallicize","Anger+1","Clothesline","Impervious","Anger+1","Anger","Inflame","Limit Break+1","Feed","Armaments+1","Disarm"],"relics":["Astrolabe","MealTicket","Strawberry","Runic Pyramid"],"acts_visited":["Exordium","TheCity"],"potions_floor_usage":[5,10,16,20,20],"damage_taken":[{"damage":7,"enemies":"Jaw Worm","floor":1,"turns":2},{"damage":7,"enemies":"Small Slimes","floor":2,"turns":3},{"damage":0,"enemies":"Cultist","floor":3,"turns":3},{"damage":27,"enemies":"Gremlin Gang","floor":5,"turns":3},{"damage":1,"enemies":"Lagavulin","floor":10,"turns":6},{"damage":0,"enemies":"Large Slime","floor":11,"turns":3},{"damage":9,"enemies":"Red Slaver","floor":12,"turns":3},{"damage":33,"enemies":"The Guardian","floor":16,"turns":9},{"damage":21,"enemies":"Shell Parasite","floor":18,"turns":5},{"damage":19,"enemies":"Spheric Guardian","floor":19,"turns":4},{"damage":25,"enemies":"Cultist and Chosen","floor":20,"turns":7},{"damage":32,"enemies":"Centurion and Healer","floor":21,"turns":2}],"seed_played":"-2281674287461410680","potions_obtained":[{"floor":1,"key":"BlessingOfTheForge"},{"floor":2,"key":"PowerPotion"},{"floor":5,"key":"Block Potion"},{"floor":10,"key":"Explosive Potion"},{"floor":11,"key":"PowerPotion"}],"is_trial":false,"path_per_floor":["M","M","M","?","M","R","?","R","T","E","M","M","R","$","R","B",null,"M","M","M","M"],"character_chosen":"IRONCLAD","items_purchased":["Inflame","Limit Break"],"campfire_rested":1,"item_purchase_floors":[14,14],"current_hp_per_floor":[65,58,58,58,31,31,31,55,55,61,61,52,52,67,67,34,74,56,40,19,0,0],"gold":160,"neow_bonus":"BOSS_RELIC","is_daily":false,"chose_seed":false,"campfire_upgraded":3,"win_rate":0.0,"timestamp":1612165334,"path_taken":["M","M","M","?","M","R","?","R","T","E","?","M","R","$","R","BOSS","M","M","?","M"],"items_purchased_type":["Card","Card"],"build_version":"2020-12-22","purchased_purges":1,"victory":false,"max_hp_per_floor":[80,80,80,80,80,80,80,80,80,87,87,87,87,87,87,87,87,90,93,97,97,97],"card_choices":[{"not_picked":["Battle Trance","Second Wind"],"picked":"Spot Weakness","floor":1},{"not_picked":["Armaments","Flex"],"picked":"Feel No Pain","floor":2},{"not_picked":["Havoc","Feel No Pain"],"picked":"Metallicize","floor":3},{"not_picked":["Flex","Uppercut"],"picked":"Anger","floor":5},{"not_picked":["Perfected Strike","Thunderclap"],"picked":"Impervious","floor":10},{"not_picked":["Headbutt","Perfected Strike"],"picked":"Anger","floor":11},{"not_picked":["Clothesline","Reckless Charge"],"picked":"Anger","floor":12},{"not_picked":["Berserk","Double Tap"],"picked":"Feed","floor":16},{"not_picked":["Dual Wield","Burning Pact+1"],"picked":"Armaments+1","floor":18},{"not_picked":["Spot Weakness+1","Thunderclap"],"picked":"Disarm","floor":19},{"not_picked":["Clothesline","Hemokinesis","Warcry"],"picked":"SKIP","floor":20}],"player_experience":346232,"relics_obtained":[{"floor":9,"key":"MealTicket"},{"floor":10,"key":"Strawberry"}],"event_choices":[{"damage_healed":0,"gold_gain":0,"player_choice":"Ignored","damage_taken":0,"max_hp_gain":0,"max_hp_loss":0,"event_name":"Golden Idol","floor":4,"gold_loss":0},{"damage_healed":0,"gold_gain":0,"player_choice":"1 cards matched","damage_taken":0,"max_hp_gain":0,"max_hp_loss":0,"event_name":"Match and Keep!","floor":7,"gold_loss":0,"cards_obtained":["Clothesline"]}],"is_beta":false,"boss_relics":[{"not_picked":["Coffee Dripper","Calling Bell"],"picked":"Runic Pyramid"}],"items_purged_floors":[14],"is_endless":false,"potions_floor_spawned":[1,2,5,10,11],"killed_by":"Centurion and Healer","ascension_level":9}}