{"host":"za9ilm1uiwmpmin1","time":1612208108,"event":{"mods":["AchievementEnabler","Act Like it!","Arknights","BaseMod","Dota2Spire","Downfall","Friendly Minions","Lobotomy","LobotomyExtend","Minty Spire (QoL Compilation)","MostiFishMod","Reorder Act Four","RumiaBox-露米娅的神秘盒子","StSLib","TestMod","Waifu the Spire","[IsaacMod]以撒尖塔","【功能Mod】混沌之环修复补丁"],"gold_per_floor":[109,126,140,140,150,181,195,226,249,309,309,328,328,338,338,434,434,448,373,384,402,421,448,335,351,351,451,480,497,497,524,524,621,621,636,536,555,955,975,975,1005,1005,1055,1055,1066,698,710,742,742,742,742,742,592,592,625,625],"floor_reached":57,"language":"ZHS","playtime":2629,"items_purged":["ats:Strike G","ats:Strike V","ats:Strike S","ats:Defend","ats:Defend","ats:Defend"],"score":1811,"play_id":"b4374a20-402a-4820-9ddf-9eb57912cc49","local_time":"20210202033508","is_ascension_mode":false,"campfire_choices":[{"data":"ats:Demon Strength","floor":11.0,"key":"SMITH"},{"data":"ats:Flexible Camouflage","floor":13.0,"key":"SMITH"},{"data":"ats:Part Time Job","floor":15.0,"key":"SMITH"},{"data":"ats:Roar Of Ursus","floor":30.0,"key":"SMITH"},{"floor":32.0,"key":"RECALL"},{"data":"ats:Overload","floor":40.0,"key":"SMITH"},{"data":"ats:Thorns","floor":42.0,"key":"SMITH"},{"data":"ats:Emotion Absorption","floor":49.0,"key":"SMITH"},{"data":"ats:Calcification","floor":54.0,"key":"SMITH"}],"circlet_count":0,"master_deck":["ats:Armor Crushing Shot","ats:Defend","ats:Emotion Absorption+1","ats:Very Hot Blade+1","ats:Overload+1","ats:Thorns+1","ats:Demon Strength+1","ats:Support Order","ats:Part Time Job+1","ats:Flexible Camouflage+1","ats:Roar Of Ursus+1","ats:Calcification+1","ats:Chain Hook+1","ats:Hook Shot","ats:Echo Reverb","ats:Soul Absorption"],"relics":["HushsDoor","testmod-TestBox","testmod-Alchemist","GuppysHead","Medical Kit","testmod-Recursion","SynthV:TestCard","LetterFromLob","Unceasing Top","ats:Originium","SecretRecord","YumHeart","EdensBlessing","testmod-BatchProcessingSystem","Centennial Puzzle","Pear","ats:Bonebreaker","AnarchistCookbook","ChiXiaoBlade","Bird Faced Urn","Whetstone","GodSword5","Mercury Hourglass","Dota2Spire:MantaStyle"],"acts_visited":["Exordium","TheCity","TheBeyond","TheEnding"],"potions_floor_usage":[56,56],"damage_taken":[{"damage":8.0,"enemies":"Jaw Worm","floor":1.0,"turns":3.0},{"damage":4.0,"enemies":"2 Louse","floor":2.0,"turns":4.0},{"damage":0.0,"enemies":"Cultist","floor":3.0,"turns":3.0},{"damage":8.0,"enemies":"Lots of Slimes","floor":5.0,"turns":4.0},{"damage":0.0,"enemies":"3 Sentries","floor":6.0,"turns":2.0},{"damage":0.0,"enemies":"Large Slime","floor":7.0,"turns":3.0},{"damage":0.0,"enemies":"Lagavulin","floor":8.0,"turns":4.0},{"damage":9.0,"enemies":"Lagavulin Event","floor":10.0,"turns":4.0},{"damage":0.0,"enemies":"3 Louse","floor":12.0,"turns":3.0},{"damage":2.0,"enemies":"Looter","floor":14.0,"turns":2.0},{"damage":0.0,"enemies":"The Guardian","floor":16.0,"turns":5.0},{"damage":0.0,"enemies":"Chosen","floor":18.0,"turns":1.0},{"damage":0.0,"enemies":"Shell Parasite","floor":20.0,"turns":1.0},{"damage":9.0,"enemies":"Snake Plant","floor":21.0,"turns":2.0},{"damage":0.0,"enemies":"Chosen and Byrds","floor":22.0,"turns":2.0},{"damage":0.0,"enemies":"Book of Stabbing","floor":23.0,"turns":2.0},{"damage":0.0,"enemies":"Snecko","floor":25.0,"turns":1.0},{"damage":0.0,"enemies":"Slavers","floor":28.0,"turns":1.0},{"damage":0.0,"enemies":"Centurion and Healer","floor":29.0,"turns":1.0},{"damage":0.0,"enemies":"Gremlin Leader","floor":31.0,"turns":1.0},{"damage":0.0,"enemies":"Collector","floor":33.0,"turns":1.0},{"damage":0.0,"enemies":"3 Shapes","floor":35.0,"turns":1.0},{"damage":0.0,"enemies":"Orb Walker","floor":37.0,"turns":1.0},{"damage":0.0,"enemies":"Maw","floor":39.0,"turns":1.0},{"damage":0.0,"enemies":"Reptomancer","floor":41.0,"turns":1.0},{"damage":0.0,"enemies":"Spire Growth","floor":45.0,"turns":1.0},{"damage":0.0,"enemies":"Sphere and 2 Shapes","floor":47.0,"turns":1.0},{"damage":0.0,"enemies":"Nemesis","floor":48.0,"turns":1.0},{"damage":0.0,"enemies":"Donu and Deca","floor":50.0,"turns":1.0},{"damage":0.0,"enemies":"Shield and Spear","floor":55.0,"turns":1.0},{"damage":0,"enemies":"The Heart","floor":56,"turns":3}],"seed_played":"71099548264343601","potions_obtained":[{"floor":1.0,"key":"BlessingOfTheForge"},{"floor":7.0,"key":"SpeedPotion"},{"floor":14.0,"key":"ats:Emergency Sanity Potion"},{"floor":18.0,"key":"testmod-TimePotion"},{"floor":20.0,"key":"Guardian:BlockOnCardUsePotion"},{"floor":35.0,"key":"Guardian:BlockOnCardUsePotion"},{"floor":39.0,"key":"Block Potion"}],"is_trial":false,"path_per_floor":["M","M","M","?","M","E","M","E","T","?","R","M","R","M","R","B",null,"M","?","M","M","M","E","$","M","T","?","E","M","R","E","R","B",null,"M","$","M","?","M","R","E","R","T","M","M","$","M","E","R","B",null,null,"$","R","E","B",null],"character_chosen":"DOCTOR_CLASS","items_purchased":["ats:Chain Hook","GodSword5"],"campfire_rested":0,"item_purchase_floors":[24,46],"current_hp_per_floor":[64,60,60,48,40,40,40,40,40,37,37,42,42,40,40,72,67,67,67,67,62,64,67,67,67,77,62,62,62,62,62,62,62,70,70,70,70,70,70,70,70,70,70,70,70,70,70,70,70,70,70,70,70,70,70,70],"gold":625,"neow_bonus":"BOSS_RELIC","is_daily":false,"chose_seed":false,"campfire_upgraded":8,"win_rate":0.0,"timestamp":1612208108,"path_taken":["M","M","M","?","?","E","?","E","T","?","R","M","R","M","R","BOSS","M","?","?","?","M","E","$","M","T","?","E","M","R","E","R","BOSS","M","$","M","?","M","R","E","R","T","M","M","$","M","E","R","BOSS","$","R","E","BOSS"],"items_purchased_type":["Card","Relic"],"build_version":"2020-12-22","purchased_purges":6,"victory":true,"max_hp_per_floor":[72,72,72,72,72,72,72,72,72,72,72,72,72,72,72,72,67,67,67,67,67,67,67,67,67,77,77,77,77,77,77,77,77,70,70,70,70,70,70,70,70,70,70,70,70,70,70,70,70,70,70,70,70,70,70,70],"card_choices":[{"not_picked":[],"picked":"Bomb","floor":0.0},{"not_picked":["ats:Poison Spread","ats:Blood Oath"],"picked":"ats:Very Hot Blade","floor":1.0},{"not_picked":["ats:Apocalypse","ats:Sashimi Platter","ats:Sword Rain","ats:Curse Doll"],"picked":"ats:Overload","floor":2.0},{"not_picked":["ats:Assault Order","ats:Phantom","ats:Powerful Strike","ats:Curse Doll"],"picked":"ats:Thorns","floor":3.0},{"not_picked":["ats:Guard Mode","ats:Soul Rend","ats:Charging Defense","ats:Poison Spread"],"picked":"Bomb","floor":5.0},{"not_picked":["ats:Revitalization","Bomb","ats:Sashimi Platter","ats:Neurotoxin"],"picked":"ats:Demon Strength","floor":6.0},{"not_picked":["ats:Absolute Focus","Bomb","ats:Assault Order","ats:Blood Oath"],"picked":"ats:Support Order","floor":7.0},{"not_picked":["ats:Curse Doll","ats:Healing Strengthening","ats:Automatic Cover","ats:Beaten Up"],"picked":"ats:Part Time Job","floor":8.0},{"not_picked":["ats:Guardian Obelisk","ats:Sunburst","ats:Explosion Area Strengthen","ats:Assault Order"],"picked":"ats:Flexible Camouflage","floor":10.0},{"not_picked":["ats:Apocalypse","ats:Thermite Blade","ats:Encircling Forest","ats:Demon Strength"],"picked":"ats:Roar Of Ursus","floor":12.0},{"not_picked":["ats:Beaten Up","ats:Sword Rain","ats:Flexible Camouflage","ats:Magnetic Hammer"],"picked":"Bomb","floor":14.0},{"not_picked":["ats:Nebulous Foxfire","ats:Wolf Pack","ats:True Silver Slash","ats:Fractured Body"],"picked":"ats:Calcification","floor":16.0},{"not_picked":["ats:Cat Scratch","ats:Shell Defense","ats:Apocalypse","ats:Ignite","ats:Spore Proliferation"],"picked":"SKIP","floor":18.0},{"not_picked":["ats:Apocalypse+1","ats:Flexible Camouflage","ats:Magnetic Hammer","ats:Collapsing Strike","ats:Blood Oath"],"picked":"SKIP","floor":20.0},{"not_picked":["ats:Serious Mode","ats:Closed Bolt Burst Fire","ats:Cat Scratch+1","ats:Poison Spread","ats:Very Hot Blade"],"picked":"SKIP","floor":21.0},{"not_picked":["ats:Explosion Area Strengthen","ats:Phantom","ats:Sunburst","ats:Cat Scratch+1","ats:Assault Order"],"picked":"SKIP","floor":22.0},{"not_picked":["ats:Composite Medical Shells","ats:Cat Scratch","ats:Shadow Assault","ats:Ignite","ats:Shell Defense+1"],"picked":"SKIP","floor":23.0},{"not_picked":["ats:Consecutive Shot Auto","ats:Flame Of Heaven","ats:Poison Spread","ats:Flexible Camouflage","ats:Assault Order"],"picked":"SKIP","floor":25.0},{"not_picked":["ats:Flexible Camouflage","ats:Absolute Focus","ats:Powerful Strike","ats:Volcano","ats:Explosion Area Strengthen"],"picked":"SKIP","floor":28.0},{"not_picked":["ats:Poison Spread","ats:Cat Scratch","ats:Curse Doll","ats:Shell Defense","ats:Explosion Area Strengthen+1"],"picked":"SKIP","floor":29.0},{"not_picked":["ats:Fractured Body","ats:Steam Pump","ats:Flame Of Heaven","ats:Rat Pack","ats:Revitalization"],"picked":"SKIP","floor":31.0},{"not_picked":["ats:Hook Shot+1","ats:Encircling Forest+1","ats:Sashimi Platter","ats:Ignite+1","ats:Leaping Hammer+1"],"picked":"SKIP","floor":35.0},{"not_picked":["ats:Poison Spread+1","ats:Guard Mode","ats:Explosion Area Strengthen+1","ats:Curse Doll"],"picked":"ats:Hook Shot","floor":37.0},{"not_picked":["ats:Shell Defense+1","ats:Revitalization","ats:Explosion Area Strengthen","ats:Closed Bolt Burst Fire+1"],"picked":"ats:Echo Reverb","floor":39.0},{"not_picked":["ats:Neurotoxin","ats:Hammer On","ats:Closed Bolt Burst Fire","ats:Revitalization","ats:Automatic Cover+1"],"picked":"SKIP","floor":41.0},{"not_picked":["ats:Support Order","ats:Guard Mode+1","ats:Powerful Strike","ats:Magnetic Hammer+1","ats:Cat Scratch"],"picked":"SKIP","floor":45.0},{"not_picked":["ats:Guard Mode+1","ats:Assault Order+1","ats:Healing Drone+1","ats:Cat Scratch+1","ats:Shell Defense+1"],"picked":"SKIP","floor":47.0},{"not_picked":["ats:Apocalypse","ats:Beaten Up+1","ats:Curse Doll+1","ats:Encircling Forest"],"picked":"ats:Soul Absorption","floor":48.0},{"not_picked":["ats:Overload","ats:Shell Defense+1","ats:Volcano","ats:Absolute Focus","ats:Neurotoxin"],"picked":"SKIP","floor":55.0}],"player_experience":916055,"relics_obtained":[{"floor":1.0,"key":"SynthV:TestCard"},{"floor":1.0,"key":"LetterFromLob"},{"floor":6.0,"key":"ats:Originium"},{"floor":6.0,"key":"SecretRecord"},{"floor":8.0,"key":"ats:Originium"},{"floor":8.0,"key":"YumHeart"},{"floor":23.0,"key":"ats:Originium"},{"floor":23.0,"key":"Centennial Puzzle"},{"floor":26.0,"key":"Pear"},{"floor":28.0,"key":"ats:Originium"},{"floor":28.0,"key":"ats:Bonebreaker"},{"floor":31.0,"key":"AnarchistCookbook"},{"floor":41.0,"key":"Bird Faced Urn"},{"floor":43.0,"key":"Whetstone"},{"floor":48.0,"key":"Mercury Hourglass"},{"floor":55.0,"key":"Dota2Spire:MantaStyle"}],"event_choices":[{"damage_healed":0.0,"max_hp_gain":0.0,"max_hp_loss":0.0,"gold_gain":0.0,"event_name":"Scrap Ooze","player_choice":"Success","floor":4.0,"gold_loss":0.0,"damage_taken":12.0,"relics_obtained":["Unceasing Top"]},{"damage_healed":0.0,"max_hp_gain":0.0,"max_hp_loss":0.0,"gold_gain":0.0,"event_name":"Dead Adventurer","player_choice":"Searched \u00272\u0027 times","floor":10.0,"gold_loss":0.0,"damage_taken":0.0,"relics_obtained":["EdensBlessing"]},{"cards_removed":["ats:Strike C"],"damage_healed":0.0,"max_hp_gain":0.0,"max_hp_loss":0.0,"gold_gain":0.0,"event_name":"Beggar","player_choice":"Gave Gold","floor":19.0,"gold_loss":75.0,"damage_taken":0.0},{"damage_healed":0.0,"max_hp_gain":0.0,"max_hp_loss":0.0,"gold_gain":400.0,"event_name":"恩洛斯的盘子","player_choice":"Sell","floor":38.0,"relics_lost":["DaveBox"],"gold_loss":0.0,"damage_taken":0.0}],"is_beta":false,"boss_relics":[{"not_picked":["Fusion Hammer","testmod-BloodSacrificeSpiritualization"],"picked":"testmod-BatchProcessingSystem"},{"not_picked":[]},{"not_picked":["ats:Omniscience","testmod-KeyOfTheVoid"],"picked":"ChiXiaoBlade"},{"not_picked":[]}],"items_purged_floors":[17,24,34,36,46,53],"is_endless":false,"potions_floor_spawned":[1,7,14,16,18,20,23,28,35,39,47,55],"ascension_level":0}}