{"host":"684z1xpuwaoqmmh1","time":1612169190,"event":{"mods":["A Magickal Journey","BaseMod","Dio Mod","Downfall","Hermit","Jorbs\u0027s Wanderer Trilogy","Marisa????????","Minty Spire (QoL Compilation)","Robot Space Explorer","Shade Mod","StSLib","The Elementalist","The Hayseed","The Hierophant","The Marked","The Mystic","The Runesmith","The Saiyan","The Vixen","TheFirefly"],"gold_per_floor":[109,124,104,124,143,143,161,180,206,224,250,250,284,300,300,402,402,417,417,417,433,451,483,483,483,483],"floor_reached":25,"language":"ENG","playtime":2012,"items_purged":[],"score":287,"play_id":"eeab9d4f-4b89-473b-ab29-123c670e5621","local_time":"20210201104630","is_ascension_mode":false,"campfire_choices":[{"data":"TheVixenMod:NastyPlot","floor":6.0,"key":"SMITH"},{"data":"TheVixenMod:Blaze","floor":15.0,"key":"SMITH"},{"floor":24,"key":"REST"}],"circlet_count":0,"master_deck":["TheVixenMod:Strike_TheVixen","TheVixenMod:Strike_TheVixen","TheVixenMod:Strike_TheVixen","TheVixenMod:Strike_TheVixen","TheVixenMod:Defend_TheVixen","TheVixenMod:Defend_TheVixen","TheVixenMod:Defend_TheVixen","TheVixenMod:Defend_TheVixen","TheVixenMod:SunnyDay","TheVixenMod:Ember","TheVixenMod:Flamethrower","TheVixenMod:NastyPlot+1","TheVixenMod:LavaPlume","TheVixenMod:FlameBurst","TheVixenMod:Psybeam","TheVixenMod:Blaze+1","TheVixenMod:TailWhip","TheVixenMod:Analytic","TheVixenMod:Safeguard","Decay","TheVixenMod:Dazzling","TheVixenMod:FlareBlitz","TheVixenMod:Agility"],"relics":["TheVixenMod:BurningStick","Orichalcum","Turnip","MealTicket","Black Star","Juzu Bracelet","Bird Faced Urn"],"acts_visited":["Exordium","TheCity"],"potions_floor_usage":[23,23,25],"damage_taken":[{"damage":7.0,"enemies":"Cultist","floor":1.0,"turns":5.0},{"damage":0.0,"enemies":"Small Slimes","floor":2.0,"turns":5.0},{"damage":0.0,"enemies":"2 Louse","floor":4.0,"turns":3.0},{"damage":4.0,"enemies":"Gremlin Gang","floor":5.0,"turns":5.0},{"damage":4.0,"enemies":"Exordium Thugs","floor":7.0,"turns":5.0},{"damage":0.0,"enemies":"Large Slime","floor":8.0,"turns":4.0},{"damage":6.0,"enemies":"Red Slaver","floor":10.0,"turns":4.0},{"damage":28.0,"enemies":"3 Sentries","floor":11.0,"turns":8.0},{"damage":21.0,"enemies":"Lagavulin","floor":13.0,"turns":8.0},{"damage":0.0,"enemies":"3 Louse","floor":14.0,"turns":3.0},{"damage":0.0,"enemies":"Slime Boss","floor":16.0,"turns":6.0},{"damage":13.0,"enemies":"Shell Parasite","floor":18.0,"turns":7.0},{"damage":2.0,"enemies":"Chosen","floor":21.0,"turns":4.0},{"damage":27,"enemies":"Centurion and Healer","floor":22,"turns":11},{"damage":34,"enemies":"Slavers","floor":23,"turns":7},{"damage":29,"enemies":"Book of Stabbing","floor":25,"turns":4}],"seed_played":"2443177948968502335","potions_obtained":[{"floor":1.0,"key":"Block Potion"},{"floor":3.0,"key":"CultistPotion"},{"floor":5.0,"key":"sneckomod:MuddlingPotion"},{"floor":7.0,"key":"AttackPotion"},{"floor":16.0,"key":"Strength Potion"}],"is_trial":false,"path_per_floor":["M","M","?","M","M","R","M","M","T","M","E","?","E","M","R","B",null,"M","?","?","M","M","E","R","E"],"character_chosen":"THE_VIXEN","items_purchased":[],"campfire_rested":1,"item_purchase_floors":[],"current_hp_per_floor":[70,70,70,70,66,66,62,62,62,56,28,77,56,56,56,56,77,64,64,64,62,35,1,24,0,0],"gold":483,"neow_bonus":"TEN_PERCENT_HP_BONUS","is_daily":false,"chose_seed":false,"campfire_upgraded":2,"win_rate":0.0,"timestamp":1612169190,"path_taken":["M","M","?","M","M","R","M","?","T","M","E","?","E","M","R","BOSS","M","?","?","M","M","E","R","E"],"items_purchased_type":[],"build_version":"2020-12-22","purchased_purges":0,"victory":false,"max_hp_per_floor":[77,77,77,77,77,77,77,77,77,77,77,77,77,77,77,77,77,77,77,77,77,77,77,77,77,77],"card_choices":[{"not_picked":["TheVixenMod:TrickRoom","TheVixenMod:TailWhip"],"picked":"TheVixenMod:Flamethrower","floor":1.0},{"not_picked":["TheVixenMod:CADC","TheVixenMod:FirePledge"],"picked":"TheVixenMod:NastyPlot","floor":2.0},{"not_picked":["TheVixenMod:CalmMind","TheVixenMod:Facade"],"picked":"TheVixenMod:FirePunch","floor":4.0},{"not_picked":["TheVixenMod:NastyPlot","TheVixenMod:FlareBlitz"],"picked":"TheVixenMod:LavaPlume","floor":5.0},{"not_picked":["TheVixenMod:LavaPlume","TheVixenMod:TailWhip"],"picked":"TheVixenMod:FlameBurst","floor":7.0},{"not_picked":["TheVixenMod:CalmMind","TheVixenMod:FireFang"],"picked":"TheVixenMod:Psybeam","floor":8.0},{"not_picked":["TheVixenMod:LavaPlume","TheVixenMod:Overheat","TheVixenMod:ShadowBall"],"picked":"SKIP","floor":10.0},{"not_picked":["TheVixenMod:TrickRoom","TheVixenMod:FlameCharge"],"picked":"TheVixenMod:Blaze","floor":11.0},{"not_picked":["TheVixenMod:Magician","TheVixenMod:Overheat"],"picked":"TheVixenMod:TailWhip","floor":13.0},{"not_picked":["TheVixenMod:FireFang","TheVixenMod:Flamethrower"],"picked":"TheVixenMod:Analytic","floor":14.0},{"not_picked":["TheVixenMod:SolarBeam","TheVixenMod:Copycat"],"picked":"TheVixenMod:Safeguard","floor":16.0},{"not_picked":["TheVixenMod:Curse","TheVixenMod:ShadowBall","TheVixenMod:Swagger+1"],"picked":"SKIP","floor":18.0},{"not_picked":["TheVixenMod:Flamethrower","TheVixenMod:Telepathy"],"picked":"TheVixenMod:Dazzling","floor":21.0},{"not_picked":["TheVixenMod:FlameBurst","TheVixenMod:ShadowBall"],"picked":"TheVixenMod:FlareBlitz","floor":22},{"not_picked":["TheVixenMod:FlareBlitz","TheVixenMod:CalmMind"],"picked":"TheVixenMod:Agility","floor":23}],"player_experience":2914191,"relics_obtained":[{"floor":9.0,"key":"Orichalcum"},{"floor":11.0,"key":"Turnip"},{"floor":13.0,"key":"MealTicket"},{"floor":23,"key":"Juzu Bracelet"},{"floor":23,"key":"Bird Faced Urn"}],"event_choices":[{"damage_healed":0.0,"max_hp_gain":0.0,"max_hp_loss":0.0,"gold_gain":0.0,"event_name":"The Woman in Blue","player_choice":"Bought 1 Potion","floor":3.0,"gold_loss":0.0,"damage_taken":0.0},{"cards_removed":["TheVixenMod:FirePunch"],"damage_healed":49.0,"max_hp_gain":0.0,"max_hp_loss":0.0,"gold_gain":0.0,"event_name":"Bonfire Elementals","player_choice":"Offered Uncommon","floor":12.0,"gold_loss":0.0,"damage_taken":0.0},{"damage_healed":0.0,"max_hp_gain":0.0,"max_hp_loss":0.0,"gold_gain":0.0,"event_name":"Ghosts","player_choice":"Ignored","floor":19.0,"gold_loss":0.0,"damage_taken":0.0},{"damage_healed":0.0,"max_hp_gain":0.0,"max_hp_loss":0.0,"gold_gain":0.0,"event_name":"Wheel of Change","player_choice":"Cursed","floor":20.0,"gold_loss":0.0,"damage_taken":0.0,"cards_obtained":["Decay"]}],"is_beta":false,"boss_relics":[{"not_picked":["bronze:MakeshiftBattery","SlaversCollar"],"picked":"Black Star"}],"items_purged_floors":[],"is_endless":false,"potions_floor_spawned":[1,5,7,8,16,18],"killed_by":"Book of Stabbing","ascension_level":0}}