{"host":"5raohst9sk3kvp5v","time":1612154845,"event":{"mods":["BaseMod","Colored Powertips","Highlight Path","Minty Spire (QoL Compilation)","Quick Restart","Relic Stats","StSLib"],"gold_per_floor":[110,122,197,36,53,53,73,102,102,102,377,377,404,420,420,420,420],"floor_reached":16,"language":"ENG","playtime":522,"items_purged":["Strike_B"],"score":211,"play_id":"953745b5-50fc-4c48-ab7e-328330ecd60a","local_time":"20210131224725","is_ascension_mode":true,"campfire_choices":[{"data":"Doom and Gloom","floor":6,"key":"SMITH"},{"floor":10,"key":"REST"},{"data":"Hologram","floor":12,"key":"SMITH"},{"floor":15,"key":"REST"}],"circlet_count":0,"master_deck":["AscendersBane","Strike_B","Strike_B","Strike_B","Defend_B","Defend_B","Defend_B","Defend_B","Zap","Dualcast","Cold Snap","Ball Lightning","Doom and Gloom+1","Hologram+1","White Noise","Regret","Genetic Algorithm","Chaos"],"relics":["Busted Crown","Odd Mushroom","Dream Catcher","Molten Egg 2","Anchor"],"acts_visited":["Exordium"],"potions_floor_usage":[8,16,16],"damage_taken":[{"damage":1,"enemies":"2 Louse","floor":1,"turns":3},{"damage":1,"enemies":"Cultist","floor":2,"turns":4},{"damage":5,"enemies":"Small Slimes","floor":5,"turns":3},{"damage":10,"enemies":"The Mushroom Lair","floor":7,"turns":3},{"damage":21,"enemies":"Gremlin Nob","floor":8,"turns":4},{"damage":17,"enemies":"Lagavulin","floor":13,"turns":6},{"damage":2,"enemies":"2 Fungi Beasts","floor":14,"turns":3},{"damage":34,"enemies":"The Guardian","floor":16,"turns":9}],"seed_played":"2918596783811515214","potions_obtained":[{"floor":5,"key":"LiquidMemories"},{"floor":8,"key":"Weak Potion"},{"floor":13,"key":"Fire Potion"}],"is_trial":false,"path_per_floor":["M","M","?","$","M","R","?","E","T","R","?","R","E","M","R","B"],"character_chosen":"DEFECT","items_purchased":["Doom and Gloom"],"campfire_rested":2,"item_purchase_floors":[4],"current_hp_per_floor":[63,62,51,51,46,46,36,15,15,36,36,36,19,17,38,4,4],"gold":420,"neow_bonus":"BOSS_RELIC","is_daily":false,"chose_seed":false,"campfire_upgraded":2,"win_rate":0.0,"timestamp":1612154845,"path_taken":["M","M","?","$","M","R","?","E","T","R","?","R","E","?","R","BOSS"],"items_purchased_type":["Card"],"build_version":"2020-12-22","purchased_purges":1,"victory":false,"max_hp_per_floor":[71,71,71,71,71,71,71,71,71,71,71,71,71,71,71,71,71],"relic_stats":{"Dream Catcher":2,"Busted Crown":18,"counters":[8,35],"obtain_stats":[{"Dream Catcher":8,"Anchor":13,"Busted Crown":0,"Molten Egg 2":9,"Odd Mushroom":7,"Cracked Core":0},{"Dream Catcher":5,"Anchor":6,"Busted Crown":0,"Molten Egg 2":5,"Odd Mushroom":4,"Cracked Core":0},{"Dream Catcher":17,"Anchor":23,"Busted Crown":0,"Molten Egg 2":17,"Odd Mushroom":13,"Cracked Core":0}]},"card_choices":[{"not_picked":[],"picked":"Cold Snap","floor":1},{"not_picked":[],"picked":"Ball Lightning","floor":2},{"not_picked":["Static Discharge"],"picked":"SKIP","floor":5},{"not_picked":[],"picked":"Hologram","floor":7},{"not_picked":["Static Discharge"],"picked":"SKIP","floor":8},{"not_picked":[],"picked":"White Noise","floor":10},{"not_picked":[],"picked":"Genetic Algorithm","floor":13},{"not_picked":["Steam"],"picked":"SKIP","floor":14},{"not_picked":[],"picked":"Chaos","floor":15}],"player_experience":1716868,"relics_obtained":[{"floor":7,"key":"Odd Mushroom"},{"floor":8,"key":"Dream Catcher"},{"floor":9,"key":"Molten Egg 2"},{"floor":13,"key":"Anchor"}],"event_choices":[{"damage_healed":0,"gold_gain":75,"player_choice":"Gather Gold","damage_taken":11,"max_hp_gain":0,"max_hp_loss":0,"event_name":"World of Goop","floor":3,"gold_loss":0},{"damage_healed":0,"gold_gain":0,"player_choice":"Fought Mushrooms","damage_taken":0,"max_hp_gain":0,"max_hp_loss":0,"event_name":"Mushrooms","floor":7,"gold_loss":0},{"damage_healed":0,"gold_gain":275,"player_choice":"Desecrate","damage_taken":0,"max_hp_gain":0,"max_hp_loss":0,"event_name":"Golden Shrine","floor":11,"gold_loss":0,"cards_obtained":["Regret"]}],"is_beta":false,"boss_relics":[],"items_purged_floors":[4],"is_endless":false,"potions_floor_spawned":[5,8,13,14],"killed_by":"The Guardian","ascension_level":19}}