{"host":"DrTrollPool","time":1612140571,"event":{"mods":["2.2 Compatiblity","BaseMod","BetterRewards","Colored Map","DeckTracker","Downfall","Googly Eyes","Hermit","HexUI Lib","Highlight Path","Hubris","Infinite Spire","Minty Spire (QoL Compilation)","Potionbrewer","Replay The Spire","StSLib","SuperFastMode","The Construct","The Cursed","The Disciple","The Hierophant","The Jungle","The Necromancer","The Runesmith","The Servant 0.9.4"],"gold_per_floor":[113,126,126,126,146,146,146,157,157,157,157,173,173,173,173,193,193,293,293,303,578,597,597,597],"floor_reached":23,"language":"ENG","playtime":826,"items_purged":[],"score":181,"play_id":"d1a40a61-408d-43af-8279-61a6758889de","local_time":"20210201014931","is_ascension_mode":false,"campfire_choices":[{"data":"hermit:Showdown","floor":6,"key":"SMITH"},{"data":"hermit:Maintenance","floor":11,"key":"SMITH"},{"data":"hermit:TakeAim","floor":17,"key":"SMITH"}],"circlet_count":0,"master_deck":["hermit:Strike_Hermit","hermit:Strike_Hermit","hermit:Strike_Hermit","hermit:Strike_Hermit","hermit:Defend_Hermit","hermit:Defend_Hermit","hermit:Defend_Hermit","hermit:Defend_Hermit","hermit:Snapshot+1","hermit:Covet","hermit:Showdown+1","hermit:Maintenance+1","hermit:TakeAim+1","Regret","hermit:Showdown","hermit:FatalDesire","hermit:Enervate","Regret","hermit:Headshot+1"],"relics":["hermit:Momento","NeowsBlessing","hubris:DisguiseKit","hubris:Metronome","Happy Flower","Black Star"],"acts_visited":["Exordium","TheCity"],"potions_floor_usage":[18,18,22,23],"damage_taken":[{"damage":0,"enemies":"Cultist","floor":1,"turns":1},{"damage":0,"enemies":"Small Slimes","floor":2,"turns":1},{"damage":0,"enemies":"2 Louse","floor":5,"turns":1},{"damage":17,"enemies":"Lots of Slimes","floor":8,"turns":4},{"damage":13,"enemies":"2 Fungi Beasts","floor":12,"turns":3},{"damage":0,"enemies":"Large Slime","floor":16,"turns":6},{"damage":20,"enemies":"Hexaghost","floor":18,"turns":9},{"damage":38,"enemies":"3 Byrds","floor":20,"turns":6},{"damage":13,"enemies":"Shell Parasite","floor":22,"turns":5},{"damage":24,"enemies":"Sentry and Sphere","floor":23,"turns":3}],"seed_played":"-1985227882526646317","potions_obtained":[{"floor":8,"key":"Block Potion"},{"floor":16,"key":"champ:CounterPotion"},{"floor":18,"key":"Energy Potion"},{"floor":20,"key":"Explosive Potion"}],"is_trial":false,"path_per_floor":["M","M","?","?","M","R","$","M","T","?","R","M","PTL","PTL","?","M","R","B",null,"M","?","M","M"],"character_chosen":"HERMIT","items_purchased":[],"campfire_rested":0,"item_purchase_floors":[],"current_hp_per_floor":[75,75,75,75,75,75,75,58,58,58,58,45,45,45,45,45,45,25,75,37,37,24,0,0],"gold":597,"neow_bonus":"THREE_ENEMY_KILL","is_daily":false,"chose_seed":false,"campfire_upgraded":3,"win_rate":0.0,"timestamp":1612140571,"path_taken":["M","?","?","?","M","R","$","?","T","?","R","M","PTL","PTL","?","M","R","BOSS","M","?","?","M"],"items_purchased_type":[],"build_version":"2020-12-18","purchased_purges":0,"victory":false,"max_hp_per_floor":[75,75,75,75,75,75,75,75,75,75,75,75,75,75,75,75,75,75,75,75,75,75,75,75],"card_choices":[{"not_picked":["hermit:Dive","hermit:FullyLoaded","hermit:SprayPray"],"picked":"SKIP","floor":1},{"not_picked":["hermit:HighCaliber","hermit:PistolWhip"],"picked":"hermit:Showdown","floor":2},{"not_picked":["hermit:Ricochet","hermit:WideOpen","Sever Soul"],"picked":"hermit:Maintenance","floor":5},{"not_picked":["hermit:HighCaliber","hermit:Quickdraw","Replay:Undeath\u0027s Touch"],"picked":"hermit:TakeAim","floor":8},{"not_picked":["hermit:Scavenge","hermit:Desperado","hermit:HighCaliber","Iron Wave"],"picked":"SKIP","floor":12},{"not_picked":["hermit:Quickdraw","hermit:EternalForm","Run Through"],"picked":"hermit:Showdown","floor":16},{"not_picked":["hermit:FinalCanter","hermit:EternalForm","Feed"],"picked":"hermit:FatalDesire","floor":18},{"not_picked":["hermit:FlashPowder","hermit:Virtue","Run Through"],"picked":"hermit:Enervate","floor":20},{"not_picked":["hermit:HighCaliber+1","hermit:EyeOfTheStorm","Flex"],"picked":"hermit:Headshot+1","floor":22}],"player_experience":110217,"relics_obtained":[{"floor":9,"key":"hubris:Metronome"}],"event_choices":[{"damage_healed":0,"gold_gain":0,"player_choice":"Ignored","damage_taken":0,"max_hp_gain":0,"max_hp_loss":0,"event_name":"NoteForYourself","floor":4,"gold_loss":0},{"damage_healed":0,"gold_gain":0,"player_choice":"Box","damage_taken":0,"relics_obtained":["Happy Flower"],"max_hp_gain":0,"max_hp_loss":0,"event_name":"Big Fish","floor":15,"gold_loss":0,"cards_obtained":["Regret"]},{"damage_healed":0,"gold_gain":275,"player_choice":"Desecrate","damage_taken":0,"max_hp_gain":0,"max_hp_loss":0,"event_name":"Golden Shrine","floor":21,"gold_loss":0,"cards_obtained":["Regret"]}],"is_beta":true,"boss_relics":[{"not_picked":["ReplayTheSpireMod:SealedPack","Replay:Wanted Poster"],"picked":"Black Star"}],"items_purged_floors":[],"is_endless":false,"potions_floor_spawned":[8,16,18,20],"killed_by":"Sentry and Sphere","ascension_level":0}}