{"host":"rwmcmr2m88k7tuzm","time":1612204523,"event":{"mods":["BaseMod","BetterRewards","Conspire","Downfall","Hubris","Infinite Spire","Minty Spire (QoL Compilation)","Quick Restart","Replay The Spire","Shop Mod","StSLib","SuperFastMode","The Hayseed"],"gold_per_floor":[109,109,109,34,53,53,85,85,85,85,85],"floor_reached":10,"language":"ENG","playtime":313,"items_purged":["Amnesia"],"score":64,"play_id":"1bc64623-08f6-4909-abe1-8137e64ebf28","local_time":"20210201183523","is_ascension_mode":false,"campfire_choices":[{"data":"TheSimpletonMod:CropRotation","floor":6,"key":"SMITH"},{"floor":8,"key":"REST"}],"circlet_count":0,"master_deck":["TheSimpletonMod:Strike_TheSimpleton","TheSimpletonMod:Strike_TheSimpleton","TheSimpletonMod:Strike_TheSimpleton+1","TheSimpletonMod:Strike_TheSimpleton","TheSimpletonMod:Defend_TheSimpleton","TheSimpletonMod:Defend_TheSimpleton","TheSimpletonMod:Defend_TheSimpleton","TheSimpletonMod:Defend_TheSimpleton","TheSimpletonMod:Haymaker","TheSimpletonMod:ReapAndSow","TheSimpletonMod:OnionBloom","TheSimpletonMod:SlashAndBurn","TheSimpletonMod:VineRipen","TheSimpletonMod:CropRotation+1","TheSimpletonMod:VineRipen","TheSimpletonMod:SlashAndBurn","TheSimpletonMod:BumperCrop","TheSimpletonMod:StockTheCellar"],"relics":["TheSimpletonMod:SpudOfTheInnocent","TheSimpletonMod:NightSoil","TheSimpletonMod:TheHarvester","Turnip","Iron Hammer","Orrery","Girya"],"acts_visited":["Exordium"],"potions_floor_usage":[7],"damage_taken":[{"damage":8,"enemies":"conspire:RoseBush","floor":1,"turns":4},{"damage":3,"enemies":"Jaw Worm","floor":5,"turns":3},{"damage":46,"enemies":"3 Sentries","floor":7,"turns":8},{"damage":64,"enemies":"Gremlin Nob","floor":10,"turns":5}],"seed_played":"-3414346350163528051","potions_obtained":[{"floor":1,"key":"hexamod:SoulburnPotion"},{"floor":5,"key":"FearPotion"}],"is_trial":false,"path_per_floor":["M","?","?","$","M","R","E","R","T","E"],"character_chosen":"THE_SIMPLETON","items_purchased":["Turnip","Iron Hammer","Orrery"],"campfire_rested":1,"item_purchase_floors":[0,0,0],"current_hp_per_floor":[37,75,75,75,75,75,33,55,55,0,0],"gold":85,"neow_bonus":"","is_daily":false,"chose_seed":false,"campfire_upgraded":1,"win_rate":0.0,"timestamp":1612204523,"path_taken":["M","?","?","$","?","R","E","R","T","E"],"items_purchased_type":["Relic","Relic","Relic"],"build_version":"2020-12-22","purchased_purges":1,"victory":false,"max_hp_per_floor":[75,75,75,75,75,75,75,75,75,75,75],"card_choices":[{"not_picked":["TheSimpletonMod:Aerate","TheSimpletonMod:SaladShooter"],"picked":"TheSimpletonMod:OnionBloom","floor":0},{"not_picked":["TheSimpletonMod:DoubleBarrel","TheSimpletonMod:SpiceUp"],"picked":"TheSimpletonMod:SlashAndBurn","floor":0},{"not_picked":["TheSimpletonMod:CloseScrape","TheSimpletonMod:Mulch"],"picked":"TheSimpletonMod:VineRipen","floor":0},{"not_picked":["TheSimpletonMod:StockTheCellar","TheSimpletonMod:DoubleBarrel"],"picked":"TheSimpletonMod:CropRotation","floor":0},{"not_picked":["TheSimpletonMod:KeenEdge","TheSimpletonMod:DigIn"],"picked":"TheSimpletonMod:VineRipen","floor":0},{"not_picked":["TheSimpletonMod:ControlledBurn","TheSimpletonMod:StockTheCellar"],"picked":"TheSimpletonMod:SlashAndBurn","floor":1},{"not_picked":["TheSimpletonMod:Sunseed","TheSimpletonMod:VineRipen"],"picked":"TheSimpletonMod:BumperCrop","floor":5},{"not_picked":["TheSimpletonMod:Photosynthesis","TheSimpletonMod:ToughenUp"],"picked":"TheSimpletonMod:StockTheCellar","floor":7}],"player_experience":185273,"relics_obtained":[{"floor":7,"key":"Girya"}],"event_choices":[],"is_beta":false,"boss_relics":[],"items_purged_floors":[4],"is_endless":false,"potions_floor_spawned":[1,5],"killed_by":"Gremlin Nob","ascension_level":0}}