{"host":"gaqyve1328ta0etl","time":1612169795,"event":{"mods":["BaseMod","Colored Map","Colored Powertips","Googly Eyes","Minty Spire (QoL Compilation)","Shop Mod","StSLib","SuperFastMode","The Hierophant","The Runesmith"],"gold_per_floor":[109,109,89,100,115,115,134,134,134,145,165,90,90,107,107,107,107],"floor_reached":16,"language":"ENG","playtime":481,"items_purged":["Strike_G"],"score":150,"play_id":"d19eee89-b684-46b2-bd67-ac4a364214ac","local_time":"20210201005635","is_ascension_mode":true,"campfire_choices":[{"data":"Neutralize","floor":6,"key":"SMITH"},{"data":"Backstab","floor":8,"key":"SMITH"},{"data":"Tools of the Trade","floor":13,"key":"SMITH"},{"floor":15,"key":"REST"}],"circlet_count":0,"master_deck":["AscendersBane","Strike_G","Strike_G","Strike_G","Strike_G","Defend_G","Defend_G","Defend_G","Defend_G","Defend_G","Survivor","Neutralize+1","Dagger Spray","Heel Hook","Backstab+1","Tools of the Trade+1"],"relics":["Ring of the Snake","NeowsBlessing","Tiny Chest"],"acts_visited":["Exordium"],"potions_floor_usage":[7,11],"damage_taken":[{"damage":0,"enemies":"2 Louse","floor":1,"turns":1},{"damage":0,"enemies":"Cultist","floor":4,"turns":1},{"damage":0,"enemies":"Jaw Worm","floor":5,"turns":1},{"damage":9,"enemies":"Blue Slaver","floor":7,"turns":4},{"damage":7,"enemies":"Looter","floor":10,"turns":4},{"damage":0,"enemies":"Gremlin Gang","floor":11,"turns":4},{"damage":4,"enemies":"2 Fungi Beasts","floor":14,"turns":4},{"damage":82,"enemies":"The Guardian","floor":16,"turns":21}],"seed_played":"-2628803727800697364","potions_obtained":[{"floor":1,"key":"AttackPotion"},{"floor":3,"key":"Weak Potion"},{"floor":11,"key":"PowerPotion"}],"is_trial":false,"path_per_floor":["M","?","?","M","M","R","M","R","T","M","M","$","R","M","R","B"],"character_chosen":"THE_SILENT","items_purchased":[],"campfire_rested":1,"item_purchase_floors":[],"current_hp_per_floor":[63,68,68,68,68,68,59,59,59,52,52,52,52,48,70,0,0],"gold":107,"neow_bonus":"THREE_ENEMY_KILL","is_daily":false,"chose_seed":false,"campfire_upgraded":3,"win_rate":0.0,"timestamp":1612169795,"path_taken":["M","?","?","?","M","R","M","R","T","M","M","?","R","M","R","BOSS"],"items_purchased_type":[],"build_version":"2020-12-22","purchased_purges":1,"victory":false,"max_hp_per_floor":[70,75,75,75,75,75,75,75,75,75,75,75,75,75,75,75,75],"card_choices":[{"not_picked":["Escape Plan","Setup"],"picked":"Dagger Spray","floor":1},{"not_picked":["Dodge and Roll","Blade Dance"],"picked":"Heel Hook","floor":4},{"not_picked":["Sucker Punch","Outmaneuver"],"picked":"Backstab","floor":5},{"not_picked":["Dash","Eviscerate","Poisoned Stab"],"picked":"SKIP","floor":7},{"not_picked":["Accuracy","Bouncing Flask","Outmaneuver"],"picked":"SKIP","floor":10},{"not_picked":["Choke","Reflex"],"picked":"Tools of the Trade","floor":11},{"not_picked":["Masterful Stab","Calculated Gamble","Leg Sweep"],"picked":"SKIP","floor":14}],"player_experience":2065996,"relics_obtained":[{"floor":9,"key":"Tiny Chest"}],"event_choices":[{"damage_healed":0,"gold_gain":0,"player_choice":"Donut","damage_taken":0,"max_hp_gain":5,"max_hp_loss":0,"event_name":"Big Fish","floor":2,"gold_loss":0},{"damage_healed":0,"gold_gain":0,"player_choice":"Bought 1 Potion","damage_taken":0,"max_hp_gain":0,"max_hp_loss":0,"event_name":"The Woman in Blue","floor":3,"gold_loss":0}],"is_beta":false,"boss_relics":[],"items_purged_floors":[12],"is_endless":false,"potions_floor_spawned":[1,5,11],"killed_by":"The Guardian","ascension_level":12}}