{"host":"gaqyve1328ta0etl","time":1612167179,"event":{"mods":["BaseMod","Colored Map","Colored Powertips","Googly Eyes","Minty Spire (QoL Compilation)","Shop Mod","StSLib","SuperFastMode","The Hierophant","The Runesmith"],"gold_per_floor":[118,118,43,43,55,55,71,71,95,109,121,196,196,225,225,225,225],"floor_reached":16,"language":"ENG","playtime":296,"items_purged":["Strike_R"],"score":160,"play_id":"3e0f12d3-1b97-45ab-8479-052e1bf47411","local_time":"20210201001259","is_ascension_mode":true,"campfire_choices":[{"data":"Inflame","floor":6,"key":"SMITH"},{"data":"Cleave","floor":8,"key":"SMITH"},{"data":"Defend_R","floor":13,"key":"SMITH"},{"floor":15,"key":"REST"}],"circlet_count":0,"master_deck":["AscendersBane","Strike_R","Strike_R","Strike_R","Strike_R","Defend_R+1","Defend_R","Defend_R","Defend_R","Bash+1","Inflame+1","Cleave+1","Heavy Blade"],"relics":["Burning Blood","Turnip","Anchor","Omamori","Smiling Mask"],"acts_visited":["Exordium"],"potions_floor_usage":[10,16],"damage_taken":[{"damage":9,"enemies":"2 Louse","floor":1,"turns":4},{"damage":0,"enemies":"Jaw Worm","floor":5,"turns":3},{"damage":5,"enemies":"Cultist","floor":7,"turns":5},{"damage":2,"enemies":"2 Fungi Beasts","floor":10,"turns":2},{"damage":1,"enemies":"Looter","floor":11,"turns":3},{"damage":26,"enemies":"Lagavulin","floor":14,"turns":6},{"damage":64,"enemies":"The Guardian","floor":16,"turns":12}],"seed_played":"4818943377222255812","potions_obtained":[{"floor":1,"key":"LiquidMemories"},{"floor":5,"key":"PowerPotion"},{"floor":14,"key":"Explosive Potion"}],"is_trial":false,"path_per_floor":["M","?","$","?","M","R","M","R","T","M","M","?","R","E","R","B"],"character_chosen":"IRONCLAD","items_purchased":[],"campfire_rested":1,"item_purchase_floors":[],"current_hp_per_floor":[69,62,62,62,68,68,69,69,69,72,72,61,61,41,62,0,0],"gold":225,"neow_bonus":"ONE_RARE_RELIC","is_daily":false,"chose_seed":false,"campfire_upgraded":3,"win_rate":0.0,"timestamp":1612167179,"path_taken":["M","?","$","?","M","R","M","R","T","M","?","?","R","E","R","BOSS"],"items_purchased_type":[],"build_version":"2020-12-22","purchased_purges":1,"victory":false,"max_hp_per_floor":[72,72,72,72,72,72,72,72,72,72,72,72,72,72,72,72,72],"card_choices":[{"not_picked":["Hemokinesis","Clash","Intimidate"],"picked":"SKIP","floor":1},{"not_picked":["Clothesline","Anger"],"picked":"Inflame","floor":5},{"not_picked":["Blood for Blood","Sever Soul"],"picked":"Cleave","floor":7},{"not_picked":["Pummel","Warcry","Intimidate"],"picked":"SKIP","floor":10},{"not_picked":["Power Through","Warcry","Burning Pact"],"picked":"SKIP","floor":11},{"not_picked":["Thunderclap","Twin Strike"],"picked":"Heavy Blade","floor":14}],"player_experience":2063627,"relics_obtained":[{"floor":9,"key":"Omamori"},{"floor":14,"key":"Smiling Mask"}],"event_choices":[{"damage_healed":0,"gold_gain":0,"player_choice":"Success","damage_taken":7,"relics_obtained":["Anchor"],"max_hp_gain":0,"max_hp_loss":0,"event_name":"Scrap Ooze","floor":2,"gold_loss":0},{"damage_healed":0,"gold_gain":0,"player_choice":"Upgraded","damage_taken":0,"max_hp_gain":0,"max_hp_loss":0,"event_name":"Upgrade Shrine","floor":4,"gold_loss":0,"cards_upgraded":["Bash"]},{"damage_healed":0,"gold_gain":75,"player_choice":"Gather Gold","damage_taken":11,"max_hp_gain":0,"max_hp_loss":0,"event_name":"World of Goop","floor":12,"gold_loss":0}],"is_beta":false,"boss_relics":[],"items_purged_floors":[3],"is_endless":false,"potions_floor_spawned":[1,5,14],"killed_by":"The Guardian","ascension_level":12}}