{"host":"2qpilcmj89x3pncz","time":1612171275,"event":{"mods":["100% Spire Juice","2.2 Compatiblity","Act Like it!","Aspiration","BaseMod","Beaked The Cultist","BetterRewards","Colored Map","Colored Powertips","Conjunction","Conspire","Dota2Spire","Downfall","Faster Ascension Climbing","GifTheSpireLib","Grow up Mod","Halation","Hubris","Infinite Spire","Jedi Mod","Marisa????????","Mimic Mod","Minty Spire (QoL Compilation)","Pale of the Ancients","Poem Panic","Quick Restart","Shop Mod","Small Relic Pack","Spicy Shops","Spikes Relics","StSLib","Stuff the Spire","SuperFastMode","Synergy Search","The Servant 0.9.4","Wandering Minibosses","???Mod??????Boss","???mod?????"],"gold_per_floor":[145,162,162,162,204,204,237,146,211,59,59,59,59,70,70,173,173,185,260,330,376,84,84,84,84,107,166,166,166,179,194,194,298,298,311,147,147,196,222,281,281,328,389,400,400,400,400,462,462,567,670,670,711,723,723,55,55,96,96,96,96,204,204,204],"floor_reached":63,"language":"ENG","playtime":3105,"items_purged":["Defend_Black","Strike_Black","Strike_Black","Strike_Black","Strike_Black","hubris:Compulsion","hubris:Disease"],"score":3769,"play_id":"422af943-1c24-4524-9e1c-124954d37b3a","local_time":"20210201092115","is_ascension_mode":true,"campfire_choices":[{"data":"Apotheosis","floor":6,"key":"SMITH"},{"data":"AscendersBane","floor":11,"key":"SMITH"},{"data":"Injury","floor":13,"key":"SMITH"},{"data":"MentalSkills_Black","floor":15,"key":"SMITH"},{"data":"Pride","floor":23,"key":"SMITH"},{"data":"downfall:Bewildered","floor":25,"key":"SMITH"},{"data":"hubris:Sloth","floor":32,"key":"SMITH"},{"data":"Pain","floor":41,"key":"SMITH"},{"data":"hubris:DuctTapeCard","floor":49,"key":"SMITH"},{"data":"Doubt","floor":57,"key":"SMITH"},{"floor":59,"key":"RECALL"}],"circlet_count":0,"master_deck":["Defend_Black","Defend_Black","Defend_Black+1","Observe_Black+1","jedi:forcepull","Apotheosis+1","ThrowKnife_Black+1","WeakHit_Black","ThespeedofsoundToattack_Black","Mark_Black","HorizontalSquareChopping_Black+1","Thrust_Black+1","Track_Black+1","SwordDance_Black+1","Defender_Black","PrewarPrepare_Black+1","wanderingMiniBosses:FinaleOfPromise","Smile_Black","DrawingSword_Black","relicPack:ZaWorld","infinitespire:Collect","HeroicBearing_Black","Eclipse_Black","hubris:DuctTapeCard+2","StarBurstStream_Black","BrokenRibs_Black","Exercise1_Black+1","Intimidate_Black","NotreDame_Black","hubris:Rewind","DoubleSword_Black","DevaForm","WartimeReply_Black","Feint","Injury","Elucidator_Black"],"relics":["TheHeartOfYui","Aincard","Dota2Spire:Vanguard","Dota2Spire:HandOfMidas","Dota2Spire:Dagon","Vajra","SnailShell","halation:PrussianBluePaint","StuffTheSpire:Experiment12","Dota2Spire:AghanimScepter","relicPack:SpireResearchBook","Cursed Key","wanderingMiniBosses:Blackblade","Girya","Dota2Spire:EyeOfSkadi","hubris:TenFootPole","sneckomod:BabySnecko","halation:LettersToHer","Thread and Needle","relicPack:StarArrow","relicPack:InfinityGauntlet","Elucidator","Whetstone","relicPack:DSword","Oddly Smooth Stone","hubris:DuctTape","MealTicket","hubris:Icosahedron","White Beast Statue","halation:WeightlessCrab","beaked:SacredDeck","paleoftheancients:Timepiece","paleoftheancients:KeyRelic","Gremlin Horn","CultistMask","Dota2Spire:LotusOrb","aspiration:ChemicalBlood","Bronze Scales","paleoftheancients:SoulOfTheBandit","Pen Nib"],"acts_visited":["Exordium","TheCity","TheBeyond","paleoftheancients:PaleOfTheAncients","Exordium"],"potions_floor_usage":[],"damage_taken":[{"damage":0,"enemies":"Cultist","floor":1,"turns":5},{"damage":0,"enemies":"Jaw Worm","floor":2,"turns":3},{"damage":0,"enemies":"Small Slimes","floor":5,"turns":2},{"damage":0,"enemies":"Lagavulin","floor":7,"turns":3},{"damage":5,"enemies":"Red Slaver","floor":9,"turns":7},{"damage":0,"enemies":"Red Slaver","floor":14,"turns":1},{"damage":2,"enemies":"Slime Boss","floor":16,"turns":6},{"damage":0,"enemies":"Chosen","floor":18,"turns":3},{"damage":10,"enemies":"3 Byrds","floor":19,"turns":7},{"damage":0,"enemies":"conspire:HollyBat","floor":20,"turns":8},{"damage":14,"enemies":"conspire:HollyBat","floor":21,"turns":8},{"damage":9,"enemies":"Nightmare","floor":27,"turns":8},{"damage":0,"enemies":"Snake Plant","floor":30,"turns":1},{"damage":1,"enemies":"Centurion and Healer","floor":31,"turns":3},{"damage":0,"enemies":"conspire:MysteriousRune","floor":33,"turns":5},{"damage":0,"enemies":"3 Darklings","floor":35,"turns":3},{"damage":0,"enemies":"3 Shapes","floor":38,"turns":2},{"damage":7,"enemies":"Reptomancer","floor":40,"turns":5},{"damage":0,"enemies":"Transient","floor":42,"turns":6},{"damage":0,"enemies":"Spire Growth","floor":43,"turns":5},{"damage":0,"enemies":"Spire Growth","floor":44,"turns":3},{"damage":0,"enemies":"Nemesis","floor":48,"turns":8},{"damage":17,"enemies":"infinitespire:MassOfShapes","floor":50,"turns":7},{"damage":1743,"enemies":"Time Eater","floor":51,"turns":44},{"damage":38,"enemies":"Time Eater","floor":53,"turns":5},{"damage":16,"enemies":"Time Eater","floor":54,"turns":4},{"damage":25,"enemies":"Time Eater","floor":58,"turns":6},{"damage":42,"enemies":"paleoftheancients:N","floor":62,"turns":8}],"seed_played":"5309371214058628705","potions_obtained":[{"floor":1,"key":"jedi:holywater"},{"floor":7,"key":"Regen Potion"},{"floor":16,"key":"LiquidBronze"},{"floor":51,"key":"LiquidMemories"}],"is_trial":false,"path_per_floor":["M","M","?","?","M","R","E","$","MIM","$","R","$","R","M","R","B",null,"M","M","MIM","M","$","R","?","R","T","NM","?","AVR","M","M","R","B",null,"M","$","?","M","T","E","R","M","MIM","M","?","AVR","?","E","R","B","B",null,"M","M","?","$","R","M","R","T","?","B",null],"character_chosen":"THE_KIRITO","items_purchased":["Dota2Spire:Vanguard","jedi:forcepull","Apotheosis","ThrowKnife_Black","Dota2Spire:HandOfMidas","Dota2Spire:Dagon","Vajra","WeakHit_Black","ThespeedofsoundToattack_Black","Mark_Black","HorizontalSquareChopping_Black","SnailShell","Thrust_Black","Track_Black","halation:PrussianBluePaint","SharpCut_Black","PrewarPrepare_Black","relicPack:SpireResearchBook","MentalSkills_Black","Dota2Spire:EyeOfSkadi","hubris:TenFootPole","Whetstone","Dota2Spire:LotusOrb","WartimeReply_Black","aspiration:ChemicalBlood","Bronze Scales","Feint"],"campfire_rested":0,"item_purchase_floors":[0,0,0,0,0,0,0,0,0,0,0,0,0,0,0,0,8,10,10,22,22,36,56,56,56,56,56],"current_hp_per_floor":[88,98,108,118,128,138,148,158,163,173,183,193,203,213,223,231,252,262,273,283,282,297,307,317,327,337,350,360,370,380,389,399,427,352,362,372,365,375,385,388,398,417,427,437,447,457,467,483,493,492,377,485,493,513,523,548,558,578,588,598,608,611,616,616],"gold":204,"neow_bonus":"","is_daily":false,"chose_seed":false,"campfire_upgraded":10,"win_rate":0.0,"timestamp":1612171275,"path_taken":["M","?","?","?","?","R","E","?","MIM","$","R","$","R","?","R","BOSS","M","?","?","M","$","R","?","R","T","NM","?","AVR","M","M","R","BOSS","M","$","?","M","?","E","R","?","MIM","M","?","AVR","?","E","R","BOSS","BOSS","M","M","?","$","R","M","R","T","?","BOSS"],"items_purchased_type":["Relic","Card","Card","Card","Relic","Relic","Relic","Card","Card","Card","Card","Relic","Card","Card","Relic","Card","Card","Relic","Card","Relic","Relic","Relic","Relic","Card","Relic","Relic","Card"],"build_version":"2020-12-22","purchased_purges":7,"victory":false,"max_hp_per_floor":[95,105,115,125,135,145,155,165,175,185,195,205,215,225,235,245,255,265,283,293,303,318,328,338,348,358,368,378,388,398,408,418,428,352,362,372,382,392,402,412,422,432,442,452,462,472,482,492,502,512,508,518,528,538,548,558,568,578,588,598,608,618,618,618],"card_choices":[{"not_picked":["SelfCongested_Black","Attacker_Black","HorizontalSquareChopping_Black"],"picked":"SKIP","floor":1},{"not_picked":["Stab_Black","Flash_Black"],"picked":"SwordDance_Black","floor":2},{"not_picked":["SwordDance_Black","ThespeedofsoundToattack_Black"],"picked":"Defender_Black","floor":5},{"not_picked":["HorizontalSquareChopping_Black","SmokeScreen_Black","GunFight_Black"],"picked":"SKIP","floor":7},{"not_picked":["Attacker_Black","SmokeScreen_Black","ThespeedofsoundToattack_Black"],"picked":"SKIP","floor":14},{"not_picked":["SharpClaw_Black","ThrowKnife_Black"],"picked":"MentalLevelUp_Black","floor":16},{"not_picked":["SelfCongested_Black","FlashPuncture_Black+1","DoubleAttack_Black"],"picked":"SKIP","floor":18},{"not_picked":[],"picked":"wanderingMiniBosses:FinaleOfPromise","floor":19},{"not_picked":["Stab_Black","Attacker_Black","StrengthTransform_Black"],"picked":"SKIP","floor":19},{"not_picked":["SelfCongested_Black","SwordDance_Black"],"picked":"Smile_Black","floor":21},{"not_picked":["SwordDance_Black","Stab_Black+1"],"picked":"DrawingSword_Black","floor":27},{"not_picked":["Spitting_Black","PrewarPrepare_Black","WeakHit_Black"],"picked":"SKIP","floor":30},{"not_picked":["SmokeScreen_Black","SwordDance_Black"],"picked":"HeroicBearing_Black","floor":31},{"not_picked":["SharpClaw_Black","SpeedBlade1_Black"],"picked":"Eclipse_Black","floor":33},{"not_picked":["WeakHit_Black","Track_Black","StrengthTransform_Black"],"picked":"SKIP","floor":35},{"not_picked":["WeakHit_Black","Defender_Black","ThespeedofsoundToattack_Black"],"picked":"SKIP","floor":38},{"not_picked":["HeroicBearing_Black","FlashPuncture_Black"],"picked":"StarBurstStream_Black","floor":40},{"not_picked":["SwordDance_Black","WeakHit_Black+1"],"picked":"BrokenRibs_Black","floor":42},{"not_picked":["Thrust_Black","HorizontalSquareChopping_Black"],"picked":"Exercise1_Black+1","floor":43},{"not_picked":["SpiritCrash_Black","SwordDance_Black"],"picked":"Intimidate_Black","floor":44},{"not_picked":["Exercise1_Black+1","TakeAdvantage_Black","SharpCut_Black"],"picked":"SKIP","floor":48},{"not_picked":["Unreasonable_Black","SharpClaw_Black"],"picked":"NotreDame_Black","floor":50},{"not_picked":["infinitespire:TheBestDefense","infinitespire:SealOfDarkness+"],"picked":"hubris:Rewind","floor":51},{"not_picked":["DrawingSword_Black","CureCrystal_Black"],"picked":"DoubleSword_Black","floor":51},{"not_picked":["SwordDance_Black","Exercise1_Black","StarBurstStream_Black"],"picked":"SKIP","floor":53},{"not_picked":["HeroicBearing_Black+1","SharpCut_Black","SwordDance_Black"],"picked":"SKIP","floor":54},{"not_picked":["Stab_Black+1","Thrust_Black","HeroicBearing_Black"],"picked":"SKIP","floor":58},{"not_picked":["SpeedBlade1_Black","NotreDame_Black"],"picked":"Elucidator_Black","floor":62}],"player_experience":309446,"relics_obtained":[{"floor":7,"key":"Dota2Spire:AghanimScepter"},{"floor":19,"key":"wanderingMiniBosses:Blackblade"},{"floor":20,"key":"Girya"},{"floor":26,"key":"halation:LettersToHer"},{"floor":27,"key":"Thread and Needle"},{"floor":39,"key":"halation:LettersToHer"},{"floor":39,"key":"Oddly Smooth Stone"},{"floor":40,"key":"hubris:DuctTape"},{"floor":43,"key":"halation:LettersToHer"},{"floor":43,"key":"MealTicket"},{"floor":48,"key":"halation:WeightlessCrab"},{"floor":58,"key":"paleoftheancients:SoulOfTheBandit"},{"floor":60,"key":"halation:LettersToHer"},{"floor":60,"key":"Pen Nib"}],"event_choices":[{"damage_healed":0,"gold_gain":0,"player_choice":"Gave Potion","damage_taken":0,"relics_obtained":["StuffTheSpire:Experiment12"],"max_hp_gain":0,"max_hp_loss":0,"event_name":"WeMeetAgain","floor":4,"gold_loss":0},{"cards_removed":["SharpCut_Black"],"damage_healed":0,"gold_gain":0,"player_choice":"Removed Attack","damage_taken":0,"max_hp_gain":0,"max_hp_loss":0,"event_name":"Falling","floor":47,"gold_loss":0},{"damage_healed":0,"gold_gain":0,"player_choice":"Got Potions","damage_taken":0,"max_hp_gain":0,"max_hp_loss":0,"event_name":"Lab","floor":55,"gold_loss":0}],"is_beta":false,"boss_relics":[{"not_picked":["Snecko Eye","Busted Crown"],"picked":"Cursed Key"},{"not_picked":["CosmicIsotope","StuffTheSpire:RunicHypercube"],"picked":"Elucidator"},{"not_picked":["halation:PinkAlligatorPlush","hubris:ScarierMask"],"picked":"beaked:SacredDeck"},{"not_picked":["aspiration:FutureDiary","jedi:battlestandard","StuffTheSpire:Kangaroo"]}],"items_purged_floors":[0,0,0,0,0,29,46],"is_endless":true,"potions_floor_spawned":[1,5,7,16,27,30,31,33,35,40,42,44,48,50,51,53,54,58,62],"ascension_level":20}}