{"host":"g1wmg2w41xhsnw8g","time":1612139405,"event":{"mods":["2.2 Compatiblity","Act Like it!","Aspiration","BaseMod","Better Altar","Better Match","Better Note","Better Sensory Stone","Better Skull","Better Third Choice","BetterRewards","Booster Modes","CapriCore","Colored Map","Colored Powertips","Defuse TimeMaze Blight","Displayed Cursed Tome","Evolution","Fox Events","Friendly Minions","GifTheSpireLib","Good Game Mod","Googly Eyes","Hubris","Infinite Spire","Ironclad Rager","Jedi Mod","Minty Spire (QoL Compilation)","Monster B Gone","Red Circlet Mod","Relic Filter Mod","Relic Sorter","Reliquary","SCP261 Mod","Shop Mod","Smile Girya","Spicy Shops","Spikes Relics","StSLib","Strawberry Spire","Stuff the Spire","The Runesmith","The Sage","Trackpad","Transform Curses","Wandering Minibosses","Weighted Paths","????"],"gold_per_floor":[20,20,32,32,48,74,74,74,74],"floor_reached":8,"language":"ENG","playtime":338,"items_purged":[],"score":59,"play_id":"0b53a87d-e6af-4dd7-84ae-216dee224a2d","local_time":"20210131193004","is_ascension_mode":true,"campfire_choices":[{"data":"Zap","floor":7,"key":"SMITH"}],"circlet_count":0,"master_deck":["Rebound","Sweeping Beam","jedi:BurstLightning","Barrage","Leap","jedi:BurstFrost","Conserve Battery","jedi:blockon","Zap+1","Dualcast","Pain","Streamline","sagemod:Perpetuum_Mobile","StuffTheSpire:Plugnplay","Coolheaded","Darkness","hubris:NaturalOne"],"relics":["Cracked Core","EVO:Axolotl","REME:ComplimentaryCards","hubris:Icosahedron","reliquary:RosewoodLute"],"acts_visited":["Exordium"],"potions_floor_usage":[],"damage_taken":[{"damage":3,"enemies":"Cultist","floor":1,"turns":3},{"damage":1,"enemies":"Small Slimes","floor":3,"turns":3},{"damage":9,"enemies":"Jaw Worm","floor":5,"turns":4},{"damage":24,"enemies":"Lagavulin","floor":6,"turns":6},{"damage":0,"enemies":"3 Sentries","floor":8,"turns":1}],"seed_played":"537772287785139895","potions_obtained":[{"floor":1,"key":"SpeedPotion"},{"floor":6,"key":"SCP261:GirlTearsPotion"}],"is_trial":false,"path_per_floor":["M","$","M","?","M","E","R","E"],"character_chosen":"DEFECT","items_purchased":[],"campfire_rested":0,"item_purchase_floors":[],"current_hp_per_floor":[57,57,56,56,47,23,23,23,23],"gold":74,"neow_bonus":"DEFECT_STORMLORD","is_daily":false,"chose_seed":false,"campfire_upgraded":1,"win_rate":0.0,"timestamp":1612139404,"path_taken":["M","?","?","?","M","E","R","E"],"items_purchased_type":[],"build_version":"2020-12-22","purchased_purges":0,"victory":false,"max_hp_per_floor":[84,84,84,84,84,84,84,84,84],"card_choices":[{"not_picked":["Chaos","StuffTheSpire:NuclearReactor"],"picked":"Streamline","floor":1},{"not_picked":["Stack","Turbo"],"picked":"StuffTheSpire:Plugnplay","floor":3},{"not_picked":["Cold Snap","jedi:markofdeath"],"picked":"Coolheaded","floor":5},{"not_picked":["hubris:PowerSurge","Blizzard"],"picked":"Darkness","floor":6}],"player_experience":962332,"relics_obtained":[{"floor":6,"key":"reliquary:RosewoodLute"}],"event_choices":[],"is_beta":false,"boss_relics":[],"items_purged_floors":[],"is_endless":false,"potions_floor_spawned":[1,6],"killed_by":"3 Sentries","ascension_level":1}}