{"host":"swphzoo6hmc78epl","time":1612154753,"event":{"mods":["BaseMod","Highlight Path","Minty Spire (QoL Compilation)","Quick Restart"],"gold_per_floor":[117,137,147,161,161,161,177,177,223,27,38,38,38,57,57,176,176,196,196,196,210,210,250,250,268,348,348,348],"floor_reached":27,"language":"ENG","playtime":973,"items_purged":["Regret"],"score":284,"play_id":"6506de56-902c-48e5-96ed-34dfd3ff9449","local_time":"20210131234553","is_ascension_mode":true,"campfire_choices":[{"data":"Metamorphosis","floor":6,"key":"SMITH"},{"data":"Zap","floor":8,"key":"SMITH"},{"data":"Sweeping Beam","floor":15,"key":"SMITH"},{"data":"Fission","floor":24,"key":"SMITH"}],"circlet_count":0,"master_deck":["Strike_B","Strike_B","Strike_B","Strike_B","Defend_B","Defend_B","Defend_B","Defend_B","Zap+1","Dualcast","Metamorphosis+1","Barrage","Self Repair","Go for the Eyes","Beam Cell","Rebound","Sweeping Beam+1","Fission+1","Glacier","Scrape","FTL"],"relics":["Cracked Core","Kunai","Smiling Mask","Lee\u0027s Waffle","Golden Idol","Sozu","Nilry\u0027s Codex","Pear","MealTicket"],"acts_visited":["Exordium","TheCity"],"potions_floor_usage":[7],"damage_taken":[{"damage":0,"enemies":"2 Louse","floor":1,"turns":2},{"damage":0,"enemies":"Small Slimes","floor":2,"turns":3},{"damage":13,"enemies":"Jaw Worm","floor":3,"turns":4},{"damage":13,"enemies":"Red Slaver","floor":4,"turns":4},{"damage":22,"enemies":"Lots of Slimes","floor":7,"turns":4},{"damage":0,"enemies":"Large Slime","floor":11,"turns":4},{"damage":24,"enemies":"Exordium Wildlife","floor":14,"turns":4},{"damage":30,"enemies":"Slime Boss","floor":16,"turns":5},{"damage":11,"enemies":"3 Byrds","floor":18,"turns":4},{"damage":7,"enemies":"Chosen","floor":21,"turns":2},{"damage":28,"enemies":"Book of Stabbing","floor":23,"turns":4},{"damage":0,"enemies":"Sentry and Sphere","floor":25,"turns":3},{"damage":57,"enemies":"Gremlin Leader","floor":27,"turns":5}],"seed_played":"-406480306057666418","potions_obtained":[{"floor":1,"key":"FocusPotion"},{"floor":3,"key":"EssenceOfSteel"},{"floor":11,"key":"LiquidBronze"},{"floor":16,"key":"BlessingOfTheForge"}],"is_trial":false,"path_per_floor":["M","M","M","M","?","R","M","R","T","$","M","$","?","M","R","B",null,"M","?","?","M","T","E","R","M","T","E"],"character_chosen":"DEFECT","items_purchased":["Lee\u0027s Waffle"],"campfire_rested":0,"item_purchase_floors":[10],"current_hp_per_floor":[54,54,48,35,35,35,13,13,13,82,82,82,62,45,45,15,82,78,78,62,55,65,44,44,44,44,0,0],"gold":348,"neow_bonus":"RANDOM_COLORLESS_2","is_daily":false,"chose_seed":false,"campfire_upgraded":4,"win_rate":0.0,"timestamp":1612154753,"path_taken":["M","M","M","M","?","R","M","R","T","$","M","$","?","M","R","BOSS","M","?","?","M","?","E","R","?","T","E"],"items_purchased_type":["Relic"],"build_version":"2020-12-22","purchased_purges":1,"victory":false,"max_hp_per_floor":[75,75,75,75,75,75,75,75,75,82,82,82,82,82,82,82,82,82,82,82,82,92,92,92,92,92,92,92],"card_choices":[{"not_picked":["Thinking Ahead","The Bomb"],"picked":"Metamorphosis","floor":0},{"not_picked":["Coolheaded","Redo"],"picked":"Barrage","floor":1},{"not_picked":["Coolheaded","Barrage"],"picked":"Self Repair","floor":2},{"not_picked":["Chaos","Barrage"],"picked":"Go for the Eyes","floor":3},{"not_picked":["Recycle","Doom and Gloom"],"picked":"Beam Cell","floor":4},{"not_picked":["Hello World","Stack","Chaos"],"picked":"SKIP","floor":7},{"not_picked":["Stack","Go for the Eyes"],"picked":"Rebound","floor":11},{"not_picked":["Barrage","Tempest"],"picked":"Sweeping Beam","floor":14},{"not_picked":["Buffer","Machine Learning"],"picked":"Fission","floor":16},{"not_picked":["Turbo","BootSequence"],"picked":"Glacier","floor":18},{"not_picked":["Barrage+1","Melter"],"picked":"FTL","floor":21},{"not_picked":["Amplify","Rainbow","Rip and Tear+1"],"picked":"SKIP","floor":23},{"not_picked":["Self Repair","Go for the Eyes","Compile Driver"],"picked":"SKIP","floor":25}],"player_experience":852805,"relics_obtained":[{"floor":9,"key":"Smiling Mask"},{"floor":20,"key":"Nilry\u0027s Codex"},{"floor":22,"key":"Pear"},{"floor":23,"key":"MealTicket"}],"event_choices":[{"damage_healed":0,"gold_gain":0,"player_choice":"Box","damage_taken":0,"relics_obtained":["Kunai"],"max_hp_gain":0,"max_hp_loss":0,"event_name":"Big Fish","floor":5,"gold_loss":0,"cards_obtained":["Regret"]},{"damage_healed":0,"gold_gain":0,"player_choice":"Take Damage","damage_taken":20,"relics_obtained":["Golden Idol"],"max_hp_gain":0,"max_hp_loss":0,"event_name":"Golden Idol","floor":13,"gold_loss":0},{"damage_healed":0,"gold_gain":0,"player_choice":"Read","damage_taken":0,"max_hp_gain":0,"max_hp_loss":0,"event_name":"The Library","floor":19,"gold_loss":0,"cards_obtained":["Scrape"]},{"damage_healed":0,"gold_gain":0,"player_choice":"Obtained Book","damage_taken":16,"max_hp_gain":0,"max_hp_loss":0,"event_name":"Cursed Tome","floor":20,"gold_loss":0}],"is_beta":false,"boss_relics":[{"not_picked":["Fusion Hammer","Tiny House"],"picked":"Sozu"}],"items_purged_floors":[10],"is_endless":false,"potions_floor_spawned":[1,3,11,16,21],"killed_by":"Gremlin Leader","ascension_level":3}}