{"host":"jw4qy1ihmjslahm8","time":1612161164,"event":{"mods":["2.2 Compatiblity","Act Like it!","BaseMod","BetterRewards","Colored Map","Downfall","Duelist Mod","GifTheSpireLib","Hallownest","HololiveMod","Hubris","Infinite Spire","KinomotoSakuraMod(ñÿîVñ{?)","Minty Spire (QoL Compilation)","Replay The Spire","StSLib","The Animator","WarShipGirlsR/??è≠èóR mod"],"gold_per_floor":[125,137,147,147,247,247,273,273,286,286,296,311,322,392,404,501,501,501,486,486],"floor_reached":19,"language":"ENG","playtime":1767,"items_purged":[],"score":159,"play_id":"95ff12e9-7735-45ce-9f2b-48c58f8da6ec","local_time":"20210131223244","is_ascension_mode":false,"campfire_choices":[{"floor":1,"key":"DIG"},{"data":"theDuelist:GemArmadillo","floor":6,"key":"SMITH"},{"floor":10,"key":"REST"},{"data":"theDuelist:AcidTrapHole","floor":18,"key":"SMITH"}],"circlet_count":0,"master_deck":["theDuelist:CastleWalls","theDuelist:CastleWalls","theDuelist:CastleWalls","theDuelist:NaturiaBeast","theDuelist:NaturiaCliff","theDuelist:NaturiaRock","theDuelist:NaturiaTulip","theDuelist:Sparks","theDuelist:Sparks","theDuelist:Sparks","theDuelist:Canyon","theDuelist:AcidTrapHole+1","theDuelist:GemArmadillo+1","theDuelist:NaturiaBrambi","theDuelist:SeismicShockwave","theDuelist:NaturiaRosewhip","theDuelist:SurvivalInstinct","theDuelist:MudGolem","theDuelist:NaturiaBarkion","theDuelist:BigEye"],"relics":["theDuelist:MillenniumPuzzle","theDuelist:CardPoolRelic","theDuelist:CardPoolBasicRelic","theDuelist:BoosterPackPoolRelic","theDuelist:CardPoolAddRelic","theDuelist:CardPoolMinusRelic","theDuelist:CardPoolSaveRelic","theDuelist:CardPoolOptionsRelic","infinitespire:Lucky Rock","hubris:OldNail","Happy Flower","theDuelist:GiftAnubis","Hololive_ChaosS"],"acts_visited":["Exordium","Hallownest:CityofTears"],"potions_floor_usage":[],"damage_taken":[{"damage":7,"enemies":"Cultist","floor":2,"turns":6},{"damage":8,"enemies":"Small Slimes","floor":3,"turns":5},{"damage":0,"enemies":"2 Louse","floor":9,"turns":3},{"damage":0,"enemies":"Large Slime","floor":11,"turns":7},{"damage":4,"enemies":"3 Louse","floor":12,"turns":2},{"damage":1,"enemies":"Blue Slaver","floor":13,"turns":4},{"damage":8,"enemies":"2 Fungi Beasts","floor":15,"turns":3},{"damage":32,"enemies":"SI_SHIV_ARCHETYPE","floor":16,"turns":11},{"damage":0,"enemies":"downfall:FleeingMerchant","floor":19,"turns":4}],"seed_played":"-2901105376589786294","potions_obtained":[{"floor":3,"key":"Elixir"},{"floor":11,"key":"Energy Potion"},{"floor":12,"key":"theDuelist:ElectricPotion"}],"is_trial":false,"path_per_floor":["R_BF","M","M","?","?","R","T","?","M","R","M","M","M","T","M","B",null,"R","$"],"character_chosen":"THE_DUELIST","items_purchased":[],"campfire_rested":1,"item_purchase_floors":[],"current_hp_per_floor":[80,73,65,65,65,65,65,40,40,64,64,60,59,59,51,19,80,80,80,80],"gold":486,"neow_bonus":"ONE_RANDOM_RARE_CARD","is_daily":false,"chose_seed":false,"campfire_upgraded":2,"win_rate":0.0,"timestamp":1612161164,"path_taken":["R_BF","M","M","?","?","R","T","?","M","R","M","M","M","?","M","BOSS","R","$"],"items_purchased_type":[],"build_version":"2020-12-22","purchased_purges":0,"victory":false,"max_hp_per_floor":[80,80,80,80,80,80,80,80,80,80,80,80,80,80,80,80,80,80,80,80],"card_choices":[{"not_picked":["theDuelist:BrainCrusher","theDuelist:VenomShot"],"picked":"theDuelist:AcidTrapHole","floor":2},{"not_picked":["theDuelist:BigFire","theDuelist:AttackTheMoon","theDuelist:PowerWall","theDuelist:BigEye"],"picked":"theDuelist:GemArmadillo","floor":3},{"not_picked":["theDuelist:NaturiaDragonfly","theDuelist:NaturiaCliff","theDuelist:NaturiaRock","theDuelist:Spore"],"picked":"theDuelist:NaturiaBrambi","floor":9},{"not_picked":["theDuelist:NaturiaBarkion","theDuelist:HuntingInstinct","theDuelist:Wildfire","theDuelist:NaturiaHorneedle"],"picked":"theDuelist:SeismicShockwave","floor":11},{"not_picked":["theDuelist:NaturiaCliff","theDuelist:NaturiaMantis","theDuelist:NaturiaRock","theDuelist:GracefulCharity"],"picked":"theDuelist:NaturiaRosewhip","floor":12},{"not_picked":["theDuelist:Wiretap","theDuelist:BottomlessTrapHole","theDuelist:NaturalDisaster","theDuelist:HuntingInstinct"],"picked":"theDuelist:SurvivalInstinct","floor":13},{"not_picked":["theDuelist:Fissure","theDuelist:HammerShot","theDuelist:WingedKuriboh","theDuelist:AttackTheMoon"],"picked":"theDuelist:MudGolem","floor":15},{"not_picked":["theDuelist:DemiseLand","theDuelist:NaturiaVein","theDuelist:Canyon","theDuelist:Wildfire"],"picked":"theDuelist:NaturiaBarkion","floor":16},{"not_picked":["theDuelist:BigFire","theDuelist:Cloning","theDuelist:FluteKuriboh","theDuelist:Fissure"],"picked":"theDuelist:BigEye","floor":19}],"player_experience":59776,"relics_obtained":[{"floor":1,"key":"infinitespire:Lucky Rock"},{"floor":7,"key":"hubris:OldNail"},{"floor":14,"key":"theDuelist:GiftAnubis"}],"event_choices":[{"total_magic_score":29,"gold_gain":0,"duelist":true,"damage_taken":0,"relics_obtained":[],"points":1,"max_hp_gain":0,"max_hp_loss":0,"spent_points":{"magic":0,"greed":0,"war":0,"power":1,"hunger":0},"event_name":"Nameless Tomb","floor":4,"gold_loss":0,"cards_obtained":[]},{"damage_healed":0,"gold_gain":0,"player_choice":"Success","damage_taken":25,"relics_obtained":["Happy Flower"],"max_hp_gain":0,"max_hp_loss":0,"event_name":"Scrap Ooze","floor":8,"gold_loss":0}],"is_beta":false,"boss_relics":[{"not_picked":["Snecko Scales","theDuelist:ElectricKey"],"picked":"Hololive_ChaosS"}],"items_purged_floors":[],"is_endless":false,"potions_floor_spawned":[3,11,12,13],"ascension_level":0}}