{"host":"sav7uxregyirlf69","time":1612179126,"event":{"mods":["AchievementEnabler","BaseMod","Colored Map","DeckTracker","Keyboard Shortcuts","Minty Spire (QoL Compilation)","READ ME - Guardian Mod","StSLib","SuperFastMode"],"gold_per_floor":[115,126,143,154,154,154,179,191,191,210,210,135,149,208,208,280,280,295,295,308,27,27,27,44,75,129,48,66,66,76,76,76,76,76],"floor_reached":33,"language":"KOR","playtime":452,"items_purged":["Strike_R"],"score":663,"play_id":"b9a5adff-b506-4295-9eff-ef4e3d3414ea","local_time":"20210201203206","is_ascension_mode":true,"campfire_choices":[{"data":"Perfected Strike","floor":6.0,"key":"SMITH"},{"data":"Immolate","floor":11.0,"key":"SMITH"},{"data":"Armaments","floor":15.0,"key":"SMITH"},{"floor":29.0,"key":"REST"},{"data":"Dark Embrace","floor":32.0,"key":"SMITH"}],"circlet_count":0,"master_deck":["AscendersBane","Strike_R+1","Strike_R+1","Strike_R+1","Strike_R+1","Defend_R+1","Defend_R+1","Defend_R+1","Bash","Perfected Strike+1","Twin Strike","Shrug It Off","Immolate+1","Wild Strike","Sever Soul","Armaments+1","Offering","CurseOfTheBell","Pommel Strike+1","Second Wind","Dark Embrace+1","Seeing Red+1","Perfected Strike+1","Perfected Strike","Evolve"],"relics":["Burning Blood","Darkstone Periapt","Pear","Anchor","Calling Bell","Dream Catcher","InkBottle","Magic Flower","TheAbacus","Enchiridion","Girya","Lantern"],"acts_visited":["Exordium","TheCity"],"potions_floor_usage":[33],"damage_taken":[{"damage":6.0,"enemies":"Cultist","floor":1.0,"turns":3.0},{"damage":3.0,"enemies":"2 Louse","floor":2.0,"turns":3.0},{"damage":9.0,"enemies":"Jaw Worm","floor":3.0,"turns":3.0},{"damage":6.0,"enemies":"2 Fungi Beasts","floor":4.0,"turns":3.0},{"damage":28.0,"enemies":"Gremlin Nob","floor":7.0,"turns":4.0},{"damage":9.0,"enemies":"Looter","floor":8.0,"turns":3.0},{"damage":3.0,"enemies":"Blue Slaver","floor":10.0,"turns":3.0},{"damage":0.0,"enemies":"2 Fungi Beasts","floor":13.0,"turns":2.0},{"damage":0.0,"enemies":"3 Sentries","floor":14.0,"turns":3.0},{"damage":0.0,"enemies":"Slime Boss","floor":16.0,"turns":6.0},{"damage":25.0,"enemies":"Spheric Guardian","floor":18.0,"turns":4.0},{"damage":7.0,"enemies":"2 Thieves","floor":20.0,"turns":2.0},{"damage":26.0,"enemies":"Chosen and Byrds","floor":24.0,"turns":4.0},{"damage":54.0,"enemies":"Slavers","floor":25.0,"turns":4.0},{"damage":6.0,"enemies":"Centurion and Healer","floor":28.0,"turns":4.0},{"damage":24.0,"enemies":"Cultist and Chosen","floor":30.0,"turns":4.0},{"damage":77,"enemies":"Automaton","floor":33,"turns":6}],"seed_played":"-3502889296689475116","potions_obtained":[{"floor":3.0,"key":"SkillPotion"},{"floor":7.0,"key":"DistilledChaos"},{"floor":8.0,"key":"Block Potion"},{"floor":16.0,"key":"Fruit Juice"},{"floor":18.0,"key":"Strength Potion"},{"floor":24.0,"key":"Regen Potion"}],"is_trial":false,"path_per_floor":["M","M","M","M","?","R","E","M","T","M","R","?","M","?","R","B",null,"M","?","M","$","?","?","M","E","T","$","M","R","M","?","R","B"],"character_chosen":"IRONCLAD","items_purchased":["Dark Embrace","TheAbacus","DuplicationPotion"],"campfire_rested":1,"item_purchase_floors":[21,21,27],"current_hp_per_floor":[75,78,75,75,80,80,58,55,65,68,68,68,74,80,80,86,100,89,89,91,91,70,70,53,27,27,27,30,62,47,47,47,0,0],"gold":76,"neow_bonus":"TEN_PERCENT_HP_BONUS","is_daily":false,"chose_seed":false,"campfire_upgraded":4,"win_rate":0.0,"timestamp":1612179126,"path_taken":["M","?","M","M","?","R","E","M","T","M","R","?","M","?","R","BOSS","M","?","M","$","?","?","M","E","T","?","M","R","M","?","R","BOSS"],"items_purchased_type":["Card","Relic","Potion"],"build_version":"2020-12-22","purchased_purges":1,"victory":false,"max_hp_per_floor":[82,82,82,82,87,87,87,87,97,97,97,97,97,97,97,97,103,108,108,108,108,108,108,108,108,108,108,108,108,108,108,108,108,108],"card_choices":[{"not_picked":["Clothesline","Iron Wave"],"picked":"Perfected Strike","floor":1.0},{"not_picked":["True Grit","Cleave"],"picked":"Twin Strike","floor":2.0},{"not_picked":["Flex","Havoc"],"picked":"Shrug It Off","floor":3.0},{"not_picked":["Clash","Shrug It Off"],"picked":"Immolate","floor":4.0},{"not_picked":["Brutality","Shrug It Off","Power Through"],"picked":"SKIP","floor":7.0},{"not_picked":["Feel No Pain","True Grit"],"picked":"Wild Strike","floor":8.0},{"not_picked":["Entrench","Power Through"],"picked":"Sever Soul","floor":10.0},{"not_picked":["Clash","Iron Wave"],"picked":"Armaments","floor":13.0},{"not_picked":["Impervious","Bludgeon"],"picked":"Offering","floor":16.0},{"not_picked":["Cleave","Flex"],"picked":"Pommel Strike+1","floor":18.0},{"not_picked":["Shrug It Off","Body Slam"],"picked":"Second Wind","floor":20.0},{"not_picked":["Sword Boomerang+1","Pummel+1","Dual Wield"],"picked":"SKIP","floor":24.0},{"not_picked":["Reckless Charge","Whirlwind"],"picked":"Seeing Red+1","floor":25.0},{"not_picked":["Heavy Blade","Dark Embrace"],"picked":"Perfected Strike+1","floor":28.0},{"not_picked":["Combust+1","Warcry"],"picked":"Perfected Strike","floor":30.0}],"player_experience":1451600,"relics_obtained":[{"floor":7.0,"key":"Darkstone Periapt"},{"floor":9.0,"key":"Pear"},{"floor":17.0,"key":"Dream Catcher"},{"floor":17.0,"key":"InkBottle"},{"floor":17.0,"key":"Magic Flower"},{"floor":22.0,"key":"Enchiridion"},{"floor":25.0,"key":"Girya"},{"floor":26.0,"key":"Lantern"}],"event_choices":[{"damage_healed":0.0,"max_hp_gain":5.0,"max_hp_loss":0.0,"gold_gain":0.0,"event_name":"Big Fish","player_choice":"Donut","floor":5.0,"gold_loss":0.0,"damage_taken":0.0},{"cards_removed":["Defend_R"],"damage_healed":0.0,"max_hp_gain":0.0,"max_hp_loss":0.0,"gold_gain":0.0,"event_name":"The Cleric","player_choice":"Card Removal","floor":12.0,"gold_loss":75.0,"damage_taken":0.0},{"damage_healed":0.0,"max_hp_gain":0.0,"max_hp_loss":0.0,"gold_gain":30.0,"event_name":"Dead Adventurer","player_choice":"Searched \u00273\u0027 times","floor":14.0,"gold_loss":0.0,"damage_taken":0.0,"relics_obtained":["Anchor"]},{"damage_healed":0.0,"max_hp_gain":0.0,"max_hp_loss":0.0,"gold_gain":0.0,"event_name":"Beggar","player_choice":"Ignored","floor":19.0,"gold_loss":0.0,"damage_taken":0.0},{"damage_healed":0.0,"max_hp_gain":0.0,"max_hp_loss":0.0,"gold_gain":0.0,"event_name":"Cursed Tome","player_choice":"Obtained Book","floor":22.0,"gold_loss":0.0,"damage_taken":21.0},{"damage_healed":0.0,"max_hp_gain":0.0,"max_hp_loss":0.0,"gold_gain":0.0,"event_name":"Back to Basics","player_choice":"Simplicity","floor":23.0,"gold_loss":0.0,"damage_taken":0.0,"cards_upgraded":["Strike_R","Strike_R","Strike_R","Strike_R","Defend_R","Defend_R","Defend_R"]},{"damage_healed":0.0,"max_hp_gain":0.0,"max_hp_loss":0.0,"gold_gain":0.0,"event_name":"The Library","player_choice":"Read","floor":31.0,"gold_loss":0.0,"damage_taken":0.0,"cards_obtained":["Evolve"]}],"is_beta":false,"boss_relics":[{"not_picked":["Fusion Hammer","Runic Pyramid"],"picked":"Calling Bell"}],"items_purged_floors":[21],"is_endless":false,"potions_floor_spawned":[3,7,8,10,16,18,24,30],"killed_by":"Automaton","ascension_level":20}}