{"host":"qjy62f5erwny7xxh","time":1612206535,"event":{"mods":["2.2 Compatiblity","AchievementEnabler","BaseMod","Colored Powertips","Curses Come First","DeckTracker","Downfall","Minty Spire (QoL Compilation)","StSLib"],"gold_per_floor":[99,118,129,145,156,156,156,44,58,58,70,70,102,87,107,107,107,107],"floor_reached":16,"language":"ENG","playtime":3228,"items_purged":[],"score":104,"play_id":"c8889873-5578-4fc2-bb03-793aed31325c","local_time":"20210201190855","is_ascension_mode":false,"campfire_choices":[{"data":"champ:Taunt","floor":1,"key":"SMITH"},{"data":"champ:RecklessLeap","floor":6,"key":"SMITH"},{"floor":10,"key":"RECALL"},{"floor":12,"key":"REST"}],"circlet_count":0,"master_deck":["champ:Strike","champ:Strike","champ:Strike","champ:Strike","champ:Defend","champ:Defend","champ:Defend","champ:Defend","champ:Execute","champ:Taunt+1","champ:RecklessLeap+1","champ:BringItOn","champ:Encircle","champ:EnragedBash","champ:PerfectedStrike","champ:FancyFootwork","champ:DefensiveShout","champ:FocusedDefense","champ:StanceDance","champ:Haymaker","champ:ViciousMockery","champ:FaceSlap"],"relics":["champ:ChampionCrown","Pantograph","Singing Bowl"],"acts_visited":["Exordium"],"potions_floor_usage":[13,13,16],"damage_taken":[{"damage":10,"enemies":"Cultist","floor":2,"turns":4},{"damage":10,"enemies":"Small Slimes","floor":3,"turns":3},{"damage":15,"enemies":"Jaw Worm","floor":4,"turns":3},{"damage":60,"enemies":"Exordium Wildlife","floor":5,"turns":6},{"damage":30,"enemies":"downfall:FleeingMerchant","floor":8,"turns":4},{"damage":20,"enemies":"Blue Slaver","floor":9,"turns":2},{"damage":15,"enemies":"2 Fungi Beasts","floor":11,"turns":4},{"damage":32,"enemies":"Lagavulin","floor":13,"turns":7},{"damage":35,"enemies":"downfall:FleeingMerchant","floor":14,"turns":4},{"damage":14,"enemies":"3 Louse","floor":15,"turns":4},{"damage":104,"enemies":"DF_ARCHETYPE_STREAMLINE","floor":16,"turns":11}],"seed_played":"510935808499450888","potions_obtained":[{"floor":4,"key":"FearPotion"},{"floor":9,"key":"Block Potion"},{"floor":15,"key":"Ancient Potion"}],"is_trial":false,"path_per_floor":["R","M","M","M","M","R","T","$","M","R","M","R","E","$","M","B"],"character_chosen":"THE_CHAMP","items_purchased":["champ:DefensiveShout","champ:FocusedDefense"],"campfire_rested":1,"item_purchase_floors":[8,8],"current_hp_per_floor":[90,90,90,90,65,65,65,65,65,65,60,87,87,77,68,0,0,0],"gold":107,"neow_bonus":"THREE_CARDS","is_daily":false,"chose_seed":false,"campfire_upgraded":2,"win_rate":0.0,"timestamp":1612206535,"path_taken":["R","M","M","M","M","R","T","$","M","R","M","R","E","?","M","BOSS"],"items_purchased_type":["Card","Card"],"build_version":"2020-12-22","purchased_purges":0,"victory":false,"max_hp_per_floor":[90,90,90,90,90,90,90,90,90,90,90,90,92,92,92,92,92,92],"card_choices":[{"not_picked":["champ:Lariat","champ:ShieldWall"],"picked":"champ:RecklessLeap","floor":0},{"not_picked":["champ:PreemptiveStrike","champ:CrownThrow"],"picked":"champ:BringItOn","floor":2},{"not_picked":["champ:BladeFlurry","champ:AdrenalArmor"],"picked":"champ:Encircle","floor":3},{"not_picked":["champ:GladiatorStyle","champ:ViciousMockery"],"picked":"champ:EnragedBash","floor":4},{"not_picked":["champ:BringItOn","champ:Backstep"],"picked":"champ:PerfectedStrike","floor":5},{"not_picked":["champ:GutPunch","champ:Shatter"],"picked":"champ:FancyFootwork","floor":8},{"not_picked":["champ:EnGarde","champ:TornadoPunch"],"picked":"champ:StanceDance","floor":9},{"not_picked":["champ:ViciousMockery","champ:ShieldSigil"],"picked":"champ:Haymaker","floor":11},{"not_picked":["champ:GutPunch","champ:SwordSigil","champ:EnGarde"],"picked":"Singing Bowl","floor":13},{"not_picked":["champ:CrownThrow","champ:Circumvent"],"picked":"champ:ViciousMockery","floor":14},{"not_picked":["champ:SetATrap","champ:SwordSigil"],"picked":"champ:FaceSlap","floor":15}],"player_experience":1125417,"relics_obtained":[{"floor":7,"key":"Pantograph"},{"floor":13,"key":"Singing Bowl"}],"event_choices":[],"is_beta":false,"boss_relics":[],"items_purged_floors":[],"is_endless":false,"potions_floor_spawned":[4,9,15],"killed_by":"DF_ARCHETYPE_STREAMLINE","ascension_level":0}}