{"host":"amvb77pwe2wp6zyc","time":1612179787,"event":{"mods":["2.2 Compatiblity","AchievementEnabler","AlwaysNeverKeys","BaseMod","BetterRewards","Downfall","Duelist Mod","GifTheSpireLib","Minty Spire (QoL Compilation)","Permanent Neow","Quick Restart","Relic Filter","Shop Mod","StSLib","SuperFastMode","Trackpad"],"gold_per_floor":[141,141,66,77,87,113,113,133,133,133,147,166,184,184,184,184,184],"floor_reached":16,"language":"DEU","playtime":544,"items_purged":["theDuelist:Sparks"],"score":168,"play_id":"f4ed4431-3ea3-4050-b9b6-35b31ae1f9a0","local_time":"20210201124307","is_ascension_mode":true,"campfire_choices":[{"floor":15,"key":"REST"}],"circlet_count":0,"master_deck":["AscendersBane","theDuelist:CastleWalls","theDuelist:NaturiaCliff","theDuelist:NaturiaRock","theDuelist:NaturiaTulip","theDuelist:Sparks","theDuelist:Sparks","theDuelist:LonefireBlossom","theDuelist:LonefireBlossom"],"relics":["theDuelist:MillenniumPuzzle","theDuelist:CardPoolRelic","theDuelist:CardPoolBasicRelic","theDuelist:BoosterPackPoolRelic","theDuelist:CardPoolAddRelic","theDuelist:CardPoolMinusRelic","theDuelist:CardPoolSaveRelic","theDuelist:CardPoolOptionsRelic","trackpad:FieryHotPepper","theDuelist:TributeEggRelic","Odd Mushroom","Empty Cage","theDuelist:MillenniumPeriapt"],"acts_visited":["Exordium"],"potions_floor_usage":[],"damage_taken":[{"damage":0,"enemies":"2 Louse","floor":1,"turns":2},{"damage":0,"enemies":"Cultist","floor":4,"turns":3},{"damage":0,"enemies":"Small Slimes","floor":5,"turns":3},{"damage":22,"enemies":"Lagavulin","floor":6,"turns":6},{"damage":15,"enemies":"The Mushroom Lair","floor":8,"turns":3},{"damage":3,"enemies":"Looter","floor":11,"turns":3},{"damage":0,"enemies":"3 Louse","floor":12,"turns":2},{"damage":12,"enemies":"Gremlin Gang","floor":13,"turns":2},{"damage":48,"enemies":"The Guardian","floor":16,"turns":6}],"seed_played":"-9030957208835091848","potions_obtained":[{"floor":6,"key":"theDuelist:BigOrbBottle"},{"floor":8,"key":"theDuelist:MegaupgradePotion"}],"is_trial":false,"path_per_floor":["M","?","$","M","M","E","?","?","T","?","M","M","M","?","R","B"],"character_chosen":"THE_DUELIST","items_purchased":[],"campfire_rested":1,"item_purchase_floors":[],"current_hp_per_floor":[72,72,72,72,72,50,50,35,35,35,32,32,20,20,44,0,0],"gold":184,"neow_bonus":"RANDOM_COMMON_RELIC","is_daily":false,"chose_seed":false,"campfire_upgraded":0,"win_rate":0.0,"timestamp":1612179787,"path_taken":["M","?","?","M","M","E","?","?","T","?","M","M","?","?","R","BOSS"],"items_purchased_type":[],"build_version":"2020-12-22","purchased_purges":1,"victory":false,"max_hp_per_floor":[80,80,80,80,80,80,80,80,80,80,80,80,80,80,80,80,80],"card_choices":[{"not_picked":["theDuelist:NaturiaMosquito","theDuelist:NaturiaCliff","theDuelist:NaturiaButterfly","theDuelist:NaturiaMantis"],"picked":"theDuelist:LonefireBlossom","floor":1},{"not_picked":["theDuelist:SurvivalInstinct","theDuelist:Pollinosis","theDuelist:NaturalDisaster","theDuelist:BottomlessTrapHole","theDuelist:AcidTrapHole"],"picked":"SKIP","floor":4},{"not_picked":["theDuelist:NaturiaCliff","theDuelist:NaturiaMantis","theDuelist:NaturiaRosewhip","theDuelist:FossilDig","theDuelist:FossilExcavation"],"picked":"SKIP","floor":5},{"not_picked":["theDuelist:NaturiaDragonfly","theDuelist:NaturiaStinkbug","theDuelist:NaturiaRock","theDuelist:NaturiaParadizo"],"picked":"theDuelist:LonefireBlossom","floor":6},{"not_picked":["theDuelist:NaturiaLeodrake","theDuelist:NaturalDisaster","theDuelist:LeodrakeMane","theDuelist:Anteater"],"picked":"SKIP","floor":11},{"not_picked":["theDuelist:NaturiaSpiderfang","theDuelist:LuminousMoss","theDuelist:NaturiaMosquito","theDuelist:ConvulsionNature","theDuelist:NaturiaBeetle"],"picked":"SKIP","floor":12},{"not_picked":["theDuelist:NaturiaCliff","theDuelist:NaturiaRock","theDuelist:NaturiaMantis","theDuelist:NaturiaTulip","theDuelist:NaturiaStagBeetle"],"picked":"SKIP","floor":13}],"player_experience":392881,"relics_obtained":[{"floor":6,"key":"theDuelist:TributeEggRelic"},{"floor":8,"key":"Odd Mushroom"},{"floor":9,"key":"Empty Cage"}],"event_choices":[{"cards_removed":["theDuelist:NaturiaBeast"],"damage_healed":0,"gold_gain":0,"player_choice":"Purged","damage_taken":0,"max_hp_gain":0,"max_hp_loss":0,"event_name":"Purifier","floor":2,"gold_loss":0},{"damage_healed":0,"gold_gain":0,"player_choice":"Leave","duelist":true,"damage_taken":0,"max_hp_gain":0,"max_hp_loss":0,"event_name":"Millennium Items","floor":7,"gold_loss":0},{"damage_healed":0,"gold_gain":0,"player_choice":"Fought Mushrooms","damage_taken":0,"max_hp_gain":0,"max_hp_loss":0,"event_name":"Mushrooms","floor":8,"gold_loss":0},{"damage_healed":0,"gold_gain":0,"player_choice":"Leave","duelist":true,"damage_taken":0,"max_hp_gain":0,"max_hp_loss":0,"event_name":"Aknamkanon\u0027s Tomb","floor":10,"gold_loss":0},{"damage_healed":0,"gold_gain":0,"player_choice":"Gave Potion","damage_taken":0,"relics_obtained":["theDuelist:MillenniumPeriapt"],"max_hp_gain":0,"max_hp_loss":0,"event_name":"WeMeetAgain","floor":14,"gold_loss":0}],"is_beta":false,"boss_relics":[],"items_purged_floors":[3],"is_endless":false,"potions_floor_spawned":[6,8,13],"killed_by":"The Guardian","ascension_level":13}}