{"host":"at5b10nm0iti0w4x","time":1612222216,"event":{"mods":["AchievementEnabler","BaseMod","Bestiary","Block Reminder","Colored Map","Colored Powertips","Highlight Path","Keyboard Shortcuts","Minty Spire (QoL Compilation)","Relic Stats","StSLib","SuperFastMode"],"gold_per_floor":[113,131,145,29,29,54,54,54,54,54,54,54,70,70,70,173,173,184,31,43,43,55,55,85,100,127,153,28,128,159,170,170,274,274,292,342,358,368,368,368,399,399,424,646,646,665,665,678,678,678],"floor_reached":51,"language":"ENG","playtime":2416,"items_purged":["Strike_R","Strike_R","Strike_R"],"score":788,"play_id":"ce5688f6-902c-497a-9e37-ae5707ba21a2","local_time":"20210201183016","is_ascension_mode":false,"campfire_choices":[{"data":"Inflame","floor":10,"key":"SMITH"},{"data":"Feed","floor":12,"key":"SMITH"},{"data":"Uppercut","floor":15,"key":"SMITH"},{"data":"Armaments","floor":23,"key":"SMITH"},{"floor":32,"key":"REST"},{"floor":40,"key":"REST"},{"data":"Shrug It Off","floor":42,"key":"SMITH"},{"data":"Shrug It Off","floor":47,"key":"SMITH"},{"data":"Whirlwind","floor":49,"key":"SMITH"}],"circlet_count":0,"master_deck":["Defend_R","Defend_R+1","Defend_R","Defend_R+1","Bash","Uppercut+1","Feed+1","Inflame+1","Limit Break+1","Shrug It Off+1","Iron Wave","Impervious","Heavy Blade+1","Whirlwind+1","Armaments+1","Headbutt+1","Reaper+1","Headbutt+1","Parasite","Shrug It Off+1"],"relics":["Black Blood","MealTicket","Mango","Potion Belt","InkBottle","Busted Crown","Boot","Whetstone","Red Mask","Prayer Wheel","Molten Egg 2","Ice Cream","Lizard Tail","Peace Pipe","War Paint"],"acts_visited":["Exordium","TheCity","TheBeyond"],"potions_floor_usage":[27,29,33,36,36,41,50,50],"damage_taken":[{"damage":1,"enemies":"Cultist","floor":1,"turns":4},{"damage":5,"enemies":"2 Louse","floor":2,"turns":3},{"damage":3,"enemies":"Small Slimes","floor":3,"turns":3},{"damage":43,"enemies":"Lagavulin","floor":6,"turns":7},{"damage":9,"enemies":"Red Slaver","floor":13,"turns":7},{"damage":45,"enemies":"Slime Boss","floor":16,"turns":12},{"damage":26,"enemies":"Spheric Guardian","floor":18,"turns":6},{"damage":2,"enemies":"3 Byrds","floor":20,"turns":5},{"damage":3,"enemies":"Centurion and Healer","floor":22,"turns":6},{"damage":19,"enemies":"Book of Stabbing","floor":24,"turns":7},{"damage":22,"enemies":"Snake Plant","floor":25,"turns":5},{"damage":35,"enemies":"Masked Bandits","floor":27,"turns":5},{"damage":5,"enemies":"Colosseum Slavers","floor":29,"turns":4},{"damage":20,"enemies":"Colosseum Nobs","floor":29,"turns":4},{"damage":25,"enemies":"Gremlin Leader","floor":30,"turns":8},{"damage":6,"enemies":"Snecko","floor":31,"turns":3},{"damage":41,"enemies":"Automaton","floor":33,"turns":10},{"damage":6,"enemies":"3 Shapes","floor":35,"turns":3},{"damage":36,"enemies":"Mind Bloom Boss Battle","floor":36,"turns":4},{"damage":7,"enemies":"3 Darklings","floor":37,"turns":9},{"damage":45,"enemies":"Writhing Mass","floor":38,"turns":6},{"damage":50,"enemies":"Nemesis","floor":41,"turns":7},{"damage":20,"enemies":"Maw","floor":46,"turns":9},{"damage":21,"enemies":"Spire Growth","floor":48,"turns":5},{"damage":128,"enemies":"Donu and Deca","floor":50,"turns":10}],"seed_played":"-2799555752524701841","potions_obtained":[{"floor":1,"key":"LiquidMemories"},{"floor":6,"key":"AttackPotion"},{"floor":13,"key":"Block Potion"},{"floor":18,"key":"BloodPotion"},{"floor":22,"key":"FearPotion"},{"floor":27,"key":"SpeedPotion"},{"floor":29,"key":"Swift Potion"},{"floor":30,"key":"DistilledChaos"},{"floor":37,"key":"SneckoOil"},{"floor":38,"key":"Regen Potion"},{"floor":46,"key":"Dexterity Potion"},{"floor":48,"key":"Energy Potion"}],"is_trial":false,"path_per_floor":["M","M","M","$","?","E","?","?","T","R","$","R","M","?","R","B",null,"M","$","M","$","M","R","E","M","T","?","$","?","E","M","R","B",null,"M","?","M","M","?","R","E","R","T","?","?","M","R","M","R","B",null],"character_chosen":"IRONCLAD","items_purchased":["Inflame","Heavy Blade"],"campfire_rested":2,"item_purchase_floors":[4,19],"current_hp_per_floor":[80,80,80,80,73,50,47,47,47,47,62,62,63,63,63,28,102,86,101,109,110,114,114,105,93,93,93,108,103,84,84,124,93,138,138,114,138,109,109,142,104,104,104,104,104,121,121,142,142,110],"gold":678,"neow_bonus":"RANDOM_COMMON_RELIC","is_daily":false,"chose_seed":false,"campfire_upgraded":7,"win_rate":0.0,"timestamp":1612222216,"path_taken":["M","M","M","$","?","E","?","?","T","R","$","R","?","?","R","BOSS","M","$","M","?","M","R","E","M","T","?","$","?","E","M","R","BOSS","M","?","M","M","?","R","E","R","T","?","?","?","R","M","R","BOSS"],"items_purchased_type":["Card","Card"],"build_version":"2020-12-22","purchased_purges":3,"victory":true,"max_hp_per_floor":[80,80,80,80,80,94,94,94,94,94,94,94,98,98,98,102,102,106,106,110,110,114,114,118,122,122,126,126,134,134,134,134,138,138,138,138,138,142,142,142,142,142,142,142,142,142,142,142,142,142],"relic_stats":{"Peace Pipe":1,"Lizard Tail":0,"Busted Crown":48,"counters":[25,152],"Black Blood":150,"MealTicket":46,"Prayer Wheel":6,"Whetstone":["Heavy Blade","Cleave"],"War Paint":["Defend_R","Defend_R"],"Boot":[18],"obtain_stats":[{"Potion Belt":7,"Ice Cream":30,"Black Blood":34,"Mango":6,"Whetstone":26,"War Paint":43,"Boot":24,"Burning Blood":0,"Peace Pipe":41,"Lizard Tail":36,"Busted Crown":17,"MealTicket":0,"Prayer Wheel":29,"Molten Egg 2":29,"Red Mask":27,"InkBottle":9},{"Potion Belt":4,"Ice Cream":15,"Black Blood":17,"Mango":4,"Whetstone":11,"War Paint":22,"Boot":10,"Burning Blood":0,"Peace Pipe":22,"Lizard Tail":19,"Busted Crown":6,"MealTicket":0,"Prayer Wheel":14,"Molten Egg 2":14,"Red Mask":12,"InkBottle":4},{"Potion Belt":17,"Ice Cream":86,"Black Blood":99,"Mango":17,"Whetstone":65,"War Paint":128,"Boot":60,"Burning Blood":0,"Peace Pipe":128,"Lizard Tail":106,"Busted Crown":36,"MealTicket":0,"Prayer Wheel":78,"Molten Egg 2":78,"Red Mask":70,"InkBottle":17}],"InkBottle":[38]},"card_choices":[{"not_picked":["Carnage","Clash"],"picked":"Uppercut","floor":1},{"not_picked":["Warcry","Sentinel"],"picked":"Cleave","floor":2},{"not_picked":["Twin Strike","Wild Strike"],"picked":"Feed","floor":3},{"not_picked":["Clothesline","Fiend Fire"],"picked":"Limit Break","floor":6},{"not_picked":["True Grit","Thunderclap"],"picked":"Shrug It Off","floor":13},{"not_picked":["Offering","Demon Form"],"picked":"Impervious","floor":16},{"not_picked":["Clothesline"],"picked":"SKIP","floor":18},{"not_picked":[],"picked":"Whirlwind","floor":20},{"not_picked":[],"picked":"Armaments","floor":22},{"not_picked":["Heavy Blade"],"picked":"SKIP","floor":24},{"not_picked":["Sword Boomerang"],"picked":"SKIP","floor":25},{"not_picked":["Power Through"],"picked":"SKIP","floor":30},{"not_picked":[],"picked":"Headbutt+1","floor":31},{"not_picked":["Perfected Strike+1"],"picked":"SKIP","floor":31},{"not_picked":[],"picked":"Reaper+1","floor":33},{"not_picked":[],"picked":"Headbutt+1","floor":35},{"not_picked":["Perfected Strike+1"],"picked":"SKIP","floor":35},{"not_picked":["Blood for Blood+1"],"picked":"SKIP","floor":37},{"not_picked":["Evolve"],"picked":"SKIP","floor":37},{"not_picked":["Pommel Strike+1"],"picked":"SKIP","floor":38},{"not_picked":["True Grit"],"picked":"SKIP","floor":38},{"not_picked":["Reckless Charge+1"],"picked":"SKIP","floor":41},{"not_picked":[],"picked":"Shrug It Off","floor":46},{"not_picked":["Uppercut+1"],"picked":"SKIP","floor":46},{"not_picked":["Sever Soul+1"],"picked":"SKIP","floor":48},{"not_picked":["Carnage+1"],"picked":"SKIP","floor":48}],"player_experience":15315,"relics_obtained":[{"floor":6,"key":"Mango"},{"floor":9,"key":"InkBottle"},{"floor":24,"key":"Boot"},{"floor":26,"key":"Whetstone"},{"floor":27,"key":"Red Mask"},{"floor":29,"key":"Prayer Wheel"},{"floor":29,"key":"Molten Egg 2"},{"floor":30,"key":"Ice Cream"},{"floor":36,"key":"Lizard Tail"},{"floor":41,"key":"Peace Pipe"},{"floor":43,"key":"War Paint"}],"event_choices":[{"cards_removed":["Strike_R"],"damage_healed":0,"gold_gain":0,"player_choice":"Card Removal","damage_taken":7,"max_hp_gain":0,"max_hp_loss":0,"event_name":"Golden Wing","floor":5,"gold_loss":0},{"damage_healed":0,"gold_gain":0,"player_choice":"Success","damage_taken":3,"relics_obtained":["Potion Belt"],"max_hp_gain":0,"max_hp_loss":0,"event_name":"Scrap Ooze","floor":7,"gold_loss":0},{"damage_healed":0,"gold_gain":0,"player_choice":"Forge","damage_taken":0,"max_hp_gain":0,"max_hp_loss":0,"event_name":"Accursed Blacksmith","floor":8,"gold_loss":0,"cards_upgraded":["Limit Break"]},{"cards_removed":["Strike_R"],"damage_healed":0,"gold_gain":0,"player_choice":"Took Card","damage_taken":0,"max_hp_gain":0,"max_hp_loss":0,"event_name":"NoteForYourself","floor":14,"gold_loss":0,"cards_obtained":["Iron Wave"]},{"damage_healed":0,"gold_gain":0,"player_choice":"Fought Bandits","damage_taken":0,"max_hp_gain":0,"max_hp_loss":0,"event_name":"Masked Bandits","floor":27,"gold_loss":0},{"damage_healed":0,"gold_gain":0,"player_choice":"Fight","damage_taken":0,"max_hp_gain":0,"max_hp_loss":0,"event_name":"Colosseum","floor":29,"gold_loss":0},{"damage_healed":0,"gold_gain":0,"player_choice":"Fought Nobs","damage_taken":0,"max_hp_gain":0,"max_hp_loss":0,"event_name":"Colosseum","floor":29,"gold_loss":0},{"damage_healed":0,"gold_gain":0,"player_choice":"Fight","damage_taken":0,"max_hp_gain":0,"max_hp_loss":0,"event_name":"MindBloom","floor":36,"gold_loss":0},{"cards_removed":["Cleave"],"damage_healed":0,"gold_gain":0,"player_choice":"Removed Attack","damage_taken":0,"max_hp_gain":0,"max_hp_loss":0,"event_name":"Falling","floor":39,"gold_loss":0},{"damage_healed":0,"gold_gain":222,"player_choice":"Wore Mask","damage_taken":0,"max_hp_gain":0,"max_hp_loss":0,"event_name":"Tomb of Lord Red Mask","floor":44,"gold_loss":0},{"damage_healed":0,"gold_gain":0,"player_choice":"Memory 1","damage_taken":0,"max_hp_gain":0,"max_hp_loss":0,"event_name":"SensoryStone","floor":45,"gold_loss":0}],"is_beta":false,"boss_relics":[{"not_picked":["Empty Cage","Cursed Key"],"picked":"Busted Crown"},{"not_picked":["Velvet Choker","Astrolabe"],"picked":"Black Blood"}],"items_purged_floors":[4,19,28],"is_endless":false,"potions_floor_spawned":[1,6,13,18,22,27,29,29,30,37,38,46,48],"ascension_level":0}}