{"host":"7gewg82ormp6yt4e","time":1612188079,"event":{"mods":["BaseMod","Block Reminder","Colored Map","DeckTracker","Highlight Path","Minty Spire (QoL Compilation)","Relic Stats","StSLib","ojb\u0027s Info Mod"],"gold_per_floor":[109,109,124,124,143,143,159,177,177,204,216,249,306,341,341,415,415,427,444,136,153,153,153,187,187,237,237,257,283,301,336,336,415,415,434,434,192,202,225,244,279,291,303,315,341,378,390,441,453,465,477,489,501,67,106,106],"floor_reached":57,"language":"JPN","playtime":4152,"items_purged":["Strike_P","Strike_P","Defend_P"],"score":3159,"play_id":"8c57f935-cca0-44d2-b978-ee0268258b81","local_time":"20210201230119","is_ascension_mode":true,"campfire_choices":[{"data":"Conclude","floor":6.0,"key":"SMITH"},{"floor":15.0,"key":"REST"},{"floor":23.0,"key":"REST"},{"data":"Ragnarok","floor":25.0,"key":"SMITH"},{"data":"MentalFortress","floor":27.0,"key":"SMITH"},{"floor":32.0,"key":"REST"},{"floor":42.0,"key":"RECALL"},{"data":"WaveOfTheHand","floor":44.0,"key":"SMITH"},{"floor":47.0,"key":"DIG"},{"floor":49.0,"key":"DIG"},{"data":"SpiritShield","floor":53.0,"key":"SMITH"}],"circlet_count":0,"master_deck":["AscendersBane","Strike_P+1","Defend_P+1","Defend_P+1","Defend_P","Eruption+1","Vigilance","ClearTheMind+1","Conclude+1","Crescendo","WheelKick","BowlingBash","FlurryOfBlows","Establishment","DeceiveReality","SandsOfTime+1","MentalFortress+1","Ragnarok+1","Necronomicurse","SashWhip+1","WheelKick","Scrawl","SpiritShield+1","Swivel+1","SashWhip+1","Adaptation","WaveOfTheHand+1","Wallop","Dark Shackles","FearNoEvil+1"],"relics":["Black Star","Kunai","CaptainsWheel","Blue Candle","Centennial Puzzle","Pocketwatch","Shovel","War Paint","Snecko Eye","Membership Card","Necronomicon","Potion Belt","Whetstone","Lantern","Orichalcum","Blood Vial","Ancient Tea Set","Bottled Lightning","VioletLotus","Bag of Preparation","Toolbox","PreservedInsect","Akabeko","MawBank","Happy Flower","CeramicFish","Thread and Needle","Unceasing Top","TeardropLocket","TheAbacus","Letter Opener","Bronze Scales"],"acts_visited":["Exordium","TheCity","TheBeyond","TheEnding"],"potions_floor_usage":[56,56,56,56],"damage_taken":[{"damage":2.0,"enemies":"Jaw Worm","floor":1.0,"turns":4.0},{"damage":3.0,"enemies":"Cultist","floor":3.0,"turns":4.0},{"damage":0.0,"enemies":"Small Slimes","floor":5.0,"turns":2.0},{"damage":3.0,"enemies":"Blue Slaver","floor":7.0,"turns":3.0},{"damage":5.0,"enemies":"Large Slime","floor":8.0,"turns":3.0},{"damage":14.0,"enemies":"Lagavulin","floor":10.0,"turns":5.0},{"damage":3.0,"enemies":"Exordium Thugs","floor":11.0,"turns":4.0},{"damage":8.0,"enemies":"3 Sentries","floor":12.0,"turns":2.0},{"damage":0.0,"enemies":"Gremlin Nob","floor":14.0,"turns":2.0},{"damage":0.0,"enemies":"Slime Boss","floor":16.0,"turns":3.0},{"damage":4.0,"enemies":"Shell Parasite","floor":18.0,"turns":3.0},{"damage":0.0,"enemies":"Spheric Guardian","floor":19.0,"turns":3.0},{"damage":10.0,"enemies":"Snecko","floor":21.0,"turns":6.0},{"damage":0.0,"enemies":"Book of Stabbing","floor":24.0,"turns":2.0},{"damage":0.0,"enemies":"3 Cultists","floor":28.0,"turns":2.0},{"damage":9.0,"enemies":"Slavers","floor":29.0,"turns":2.0},{"damage":0.0,"enemies":"Snake Plant","floor":30.0,"turns":1.0},{"damage":10.0,"enemies":"Book of Stabbing","floor":31.0,"turns":3.0},{"damage":20.0,"enemies":"Collector","floor":33.0,"turns":6.0},{"damage":3.0,"enemies":"3 Darklings","floor":35.0,"turns":2.0},{"damage":0.0,"enemies":"Orb Walker","floor":38.0,"turns":2.0},{"damage":0.0,"enemies":"Sphere and 2 Shapes","floor":40.0,"turns":8.0},{"damage":0.0,"enemies":"Giant Head","floor":41.0,"turns":1.0},{"damage":0.0,"enemies":"Transient","floor":45.0,"turns":6.0},{"damage":0.0,"enemies":"Reptomancer","floor":46.0,"turns":2.0},{"damage":0.0,"enemies":"Jaw Worm Horde","floor":48.0,"turns":1.0},{"damage":12.0,"enemies":"Donu and Deca","floor":50.0,"turns":7.0},{"damage":52.0,"enemies":"Time Eater","floor":51.0,"turns":10.0},{"damage":0.0,"enemies":"Shield and Spear","floor":55.0,"turns":4.0},{"damage":44,"enemies":"The Heart","floor":56,"turns":9}],"seed_played":"7639126431935537410","potions_obtained":[{"floor":1.0,"key":"Ancient Potion"},{"floor":5.0,"key":"Ambrosia"},{"floor":10.0,"key":"Fire Potion"},{"floor":11.0,"key":"SkillPotion"},{"floor":12.0,"key":"Weak Potion"},{"floor":18.0,"key":"Weak Potion"},{"floor":19.0,"key":"BottledMiracle"},{"floor":31.0,"key":"BottledMiracle"},{"floor":45.0,"key":"FearPotion"},{"floor":48.0,"key":"Energy Potion"}],"is_trial":false,"path_per_floor":["M","?","M","?","M","R","M","M","T","E","M","E","?","E","R","B",null,"M","M","$","M","?","R","E","R","T","R","M","E","M","E","R","B",null,"M","?","$","M","T","M","E","R","T","R","M","E","R","M","R","B","B",null,"R","$","E","B",null],"character_chosen":"WATCHER","items_purchased":["Membership Card","MentalFortress","Ragnarok","Bag of Preparation","Toolbox","PowerPotion","Wallop","Dark Shackles","TeardropLocket","TheAbacus","FearPotion","SpeedPotion","AttackPotion"],"campfire_rested":3,"item_purchase_floors":[20,20,20,37,37,37,54,54,54,54,54,54,54],"current_hp_per_floor":[59,39,36,36,36,36,33,28,28,14,11,3,3,3,23,23,57,53,53,53,43,22,42,42,42,42,42,42,33,35,27,47,29,58,57,57,57,59,59,61,63,63,63,63,65,65,65,65,65,53,3,50,50,50,52,10],"gold":106,"neow_bonus":"BOSS_RELIC","is_daily":false,"chose_seed":false,"campfire_upgraded":5,"win_rate":0.0,"timestamp":1612188079,"path_taken":["M","?","M","?","?","R","M","M","T","E","M","E","?","E","R","BOSS","M","M","$","M","?","R","E","R","T","R","M","E","M","E","R","BOSS","M","?","$","M","?","M","E","R","T","R","M","E","R","M","R","BOSS","BOSS","R","$","E","BOSS"],"items_purchased_type":["Relic","Card","Card","Relic","Relic","Potion","Card","Card","Relic","Relic","Potion","Potion","Potion"],"build_version":"2020-12-22","purchased_purges":3,"victory":true,"max_hp_per_floor":[68,68,68,68,68,68,68,68,68,68,68,68,68,68,68,68,68,68,68,68,68,68,68,68,68,68,68,68,68,68,68,68,68,68,68,65,65,65,65,65,65,65,65,65,65,65,65,65,65,65,65,65,65,65,65,65],"relic_stats":{"Happy Flower":[10],"counters":[30,112],"Blue Candle":[2],"CeramicFish":27,"PreservedInsect":268,"Bag of Preparation":[20],"Whetstone":["Eruption","SandsOfTime"],"Letter Opener":[5],"War Paint":["Defend_P","Defend_P"],"Orichalcum":[90],"MawBank":156,"Blood Vial":22,"Centennial Puzzle":[27],"Shovel":2,"TheAbacus":[24],"Bronze Scales":[141],"Snecko Eye":[170,188,171,167],"VioletLotus":[14],"Black Star":9,"Necronomicon":[35],"Kunai":[45],"obtain_stats":[{"Lantern":26,"CeramicFish":46,"Bag of Preparation":37,"Whetstone":24,"TeardropLocket":54,"Ancient Tea Set":31,"Blood Vial":29,"Centennial Puzzle":12,"Shovel":14,"TheAbacus":54,"Toolbox":37,"VioletLotus":34,"Necronomicon":22,"Kunai":9,"Potion Belt":24,"Happy Flower":46,"Blue Candle":10,"Thread and Needle":47,"PreservedInsect":39,"Letter Opener":55,"War Paint":14,"Orichalcum":29,"MawBank":41,"Akabeko":41,"CaptainsWheel":10,"Bronze Scales":55,"Snecko Eye":17,"Black Star":0,"Membership Card":20,"Bottled Lightning":31,"PureWater":0,"Unceasing Top":49,"Pocketwatch":12},{"Lantern":14,"CeramicFish":25,"Bag of Preparation":20,"Whetstone":14,"TeardropLocket":28,"Ancient Tea Set":18,"Blood Vial":16,"Centennial Puzzle":8,"Shovel":9,"TheAbacus":28,"Toolbox":20,"VioletLotus":19,"Necronomicon":13,"Kunai":5,"Potion Belt":14,"Happy Flower":25,"Blue Candle":6,"Thread and Needle":25,"PreservedInsect":21,"Letter Opener":29,"War Paint":9,"Orichalcum":16,"MawBank":23,"Akabeko":23,"CaptainsWheel":6,"Bronze Scales":29,"Snecko Eye":10,"Black Star":0,"Membership Card":12,"Bottled Lightning":18,"PureWater":0,"Unceasing Top":26,"Pocketwatch":8},{"Lantern":46,"CeramicFish":81,"Bag of Preparation":62,"Whetstone":46,"TeardropLocket":99,"Ancient Tea Set":54,"Blood Vial":50,"Centennial Puzzle":27,"Shovel":29,"TheAbacus":99,"Toolbox":62,"VioletLotus":60,"Necronomicon":44,"Kunai":16,"Potion Belt":46,"Happy Flower":81,"Blue Candle":21,"Thread and Needle":81,"PreservedInsect":64,"Letter Opener":103,"War Paint":29,"Orichalcum":50,"MawBank":73,"Akabeko":73,"CaptainsWheel":21,"Bronze Scales":103,"Snecko Eye":32,"Black Star":0,"Membership Card":38,"Bottled Lightning":54,"PureWater":0,"Unceasing Top":82,"Pocketwatch":27}],"Unceasing Top":[0],"Pocketwatch":[38]},"card_choices":[{"not_picked":["Weave","LikeWater"],"picked":"ClearTheMind","floor":1.0},{"not_picked":["Protect","WaveOfTheHand"],"picked":"Conclude","floor":3.0},{"not_picked":["Indignation","Perseverance","Prostrate"],"picked":"SKIP","floor":5.0},{"not_picked":["Evaluate","Consecrate"],"picked":"WheelKick","floor":7.0},{"not_picked":["Protect","EmptyBody"],"picked":"BowlingBash","floor":8.0},{"not_picked":["JustLucky","Halt","CrushJoints"],"picked":"SKIP","floor":10.0},{"not_picked":["BowlingBash","JustLucky"],"picked":"FlurryOfBlows","floor":11.0},{"not_picked":["Indignation","Prostrate","CutThroughFate"],"picked":"SKIP","floor":12.0},{"not_picked":["JustLucky","Vengeance","BowlingBash"],"picked":"SKIP","floor":14.0},{"not_picked":["Brilliance","Alpha"],"picked":"Establishment","floor":16.0},{"not_picked":["Prostrate","PathToVictory+1"],"picked":"DeceiveReality","floor":18.0},{"not_picked":["Swivel","ThirdEye"],"picked":"SandsOfTime","floor":19.0},{"not_picked":["CutThroughFate","DeusExMachina","BattleHymn"],"picked":"SKIP","floor":21.0},{"not_picked":["EmptyFist","BowlingBash","Evaluate"],"picked":"SKIP","floor":24.0},{"not_picked":["Fasting2","Perseverance"],"picked":"SashWhip+1","floor":28.0},{"not_picked":["JustLucky","Perseverance","FollowUp"],"picked":"SKIP","floor":29.0},{"not_picked":["Indignation","Evaluate"],"picked":"WheelKick","floor":30.0},{"not_picked":["BattleHymn","ThirdEye"],"picked":"Scrawl","floor":31.0},{"not_picked":["Judgement","Brilliance"],"picked":"SpiritShield","floor":33.0},{"not_picked":["ClearTheMind","JustLucky+1"],"picked":"Swivel+1","floor":35.0},{"not_picked":["Pray+1","ThirdEye"],"picked":"SashWhip+1","floor":38.0},{"not_picked":["BowlingBash","Protect"],"picked":"Adaptation","floor":40.0},{"not_picked":["ReachHeaven","Prostrate"],"picked":"WaveOfTheHand","floor":41.0},{"not_picked":["Consecrate","Study","WaveOfTheHand"],"picked":"SKIP","floor":45.0},{"not_picked":["Study","Weave+1","Devotion"],"picked":"SKIP","floor":46.0},{"not_picked":["CarveReality+1","BowlingBash+1","Consecrate"],"picked":"SKIP","floor":48.0},{"not_picked":["Study","Brilliance"],"picked":"FearNoEvil+1","floor":55.0}],"player_experience":2744492,"relics_obtained":[{"floor":9.0,"key":"Kunai"},{"floor":10.0,"key":"CaptainsWheel"},{"floor":10.0,"key":"Blue Candle"},{"floor":12.0,"key":"Centennial Puzzle"},{"floor":12.0,"key":"Pocketwatch"},{"floor":14.0,"key":"Shovel"},{"floor":14.0,"key":"War Paint"},{"floor":22.0,"key":"Necronomicon"},{"floor":24.0,"key":"Potion Belt"},{"floor":24.0,"key":"Whetstone"},{"floor":26.0,"key":"Lantern"},{"floor":29.0,"key":"Orichalcum"},{"floor":29.0,"key":"Blood Vial"},{"floor":31.0,"key":"Ancient Tea Set"},{"floor":31.0,"key":"Bottled Lightning"},{"floor":39.0,"key":"PreservedInsect"},{"floor":41.0,"key":"Akabeko"},{"floor":41.0,"key":"MawBank"},{"floor":46.0,"key":"Happy Flower"},{"floor":46.0,"key":"CeramicFish"},{"floor":47.0,"key":"Thread and Needle"},{"floor":49.0,"key":"Unceasing Top"},{"floor":55.0,"key":"Letter Opener"},{"floor":55.0,"key":"Bronze Scales"}],"event_choices":[{"damage_healed":0.0,"max_hp_gain":0.0,"max_hp_loss":0.0,"gold_gain":0.0,"event_name":"Shining Light","player_choice":"Entered Light","floor":2.0,"gold_loss":0.0,"damage_taken":20.0,"cards_upgraded":["Strike_P","ClearTheMind"]},{"damage_healed":0.0,"max_hp_gain":0.0,"max_hp_loss":0.0,"gold_gain":0.0,"cards_transformed":["Strike_P"],"event_name":"Transmorgrifier","player_choice":"Transformed","floor":4.0,"gold_loss":0.0,"damage_taken":0.0,"cards_obtained":["Crescendo"]},{"damage_healed":0.0,"max_hp_gain":0.0,"max_hp_loss":0.0,"gold_gain":57.0,"event_name":"Golden Wing","player_choice":"Gained Gold","floor":13.0,"gold_loss":0.0,"damage_taken":0.0},{"damage_healed":0.0,"max_hp_gain":0.0,"max_hp_loss":0.0,"gold_gain":0.0,"event_name":"Cursed Tome","player_choice":"Obtained Book","floor":22.0,"gold_loss":0.0,"damage_taken":21.0},{"damage_healed":0.0,"max_hp_gain":0.0,"max_hp_loss":3.0,"gold_gain":0.0,"event_name":"Winding Halls","player_choice":"Max HP","floor":36.0,"gold_loss":0.0,"damage_taken":0.0}],"is_beta":false,"boss_relics":[{"not_picked":["Pandora\u0027s Box","Philosopher\u0027s Stone"],"picked":"Snecko Eye"},{"not_picked":["Astrolabe","Cursed Key"],"picked":"VioletLotus"}],"items_purged_floors":[20,37,54],"is_endless":false,"potions_floor_spawned":[1,5,10,11,12,18,19,31,45,48],"ascension_level":20}}