{"host":"c6u7e77myxvw4d0m","time":1612153569,"event":{"mods":["AchievementEnabler","BaseMod","Bestiary","Colored Map","Colored Powertips","Minty Spire (QoL Compilation)","Rare Cards Sparkle","Relic Stats","everything is the same but u backflip on backflip"],"gold_per_floor":[110,126,146,164,164,164,193,209,235,235,235,235,9,20,20,94,94,109,122,44,59,59,59,92,92,92,121,137,170,170,180,180,254,254,267,267,267],"floor_reached":36,"language":"ENG","playtime":4661,"items_purged":[],"score":831,"play_id":"b99786c1-8f87-4aad-8225-5127cfeed8fc","local_time":"20210201062609","is_ascension_mode":true,"campfire_choices":[{"data":"Immolate","floor":6.0,"key":"SMITH"},{"data":"Clothesline","floor":12.0,"key":"SMITH"},{"data":"Perfected Strike","floor":15.0,"key":"SMITH"},{"data":"Perfected Strike","floor":23.0,"key":"SMITH"},{"data":"Barricade","floor":30.0,"key":"SMITH"},{"data":"Fire Breathing","floor":32.0,"key":"SMITH"}],"circlet_count":0,"master_deck":["AscendersBane","Strike_R+1","Strike_R","Strike_R","Strike_R","Strike_R","Defend_R+1","Bash+1","Pommel Strike","Immolate+1","Clothesline+1","True Grit","Pommel Strike","Flame Barrier","Perfected Strike+1","Wild Strike","Reaper","Feel No Pain","Perfected Strike+1","Fire Breathing+1","Combust+1","Barricade+1","Shrug It Off","Warcry+1","Metallicize","Evolve","Exhume","Hemokinesis+1","Rampage+1","Blood for Blood+1"],"relics":["Burning Blood","StrikeDummy","Juzu Bracelet","Lantern","Akabeko","Mark of Pain","Potion Belt","Art of War","Vajra","Calipers","Astrolabe"],"acts_visited":["Exordium","TheCity","TheBeyond"],"potions_floor_usage":[33],"damage_taken":[{"damage":7.0,"enemies":"Small Slimes","floor":1.0,"turns":4.0},{"damage":1.0,"enemies":"Cultist","floor":2.0,"turns":3.0},{"damage":7.0,"enemies":"Jaw Worm","floor":3.0,"turns":2.0},{"damage":12.0,"enemies":"Lots of Slimes","floor":4.0,"turns":3.0},{"damage":36.0,"enemies":"Lagavulin","floor":7.0,"turns":7.0},{"damage":0.0,"enemies":"Looter","floor":8.0,"turns":1.0},{"damage":0.0,"enemies":"Large Slime","floor":14.0,"turns":3.0},{"damage":3.0,"enemies":"Slime Boss","floor":16.0,"turns":9.0},{"damage":0.0,"enemies":"Chosen","floor":18.0,"turns":3.0},{"damage":4.0,"enemies":"2 Thieves","floor":19.0,"turns":3.0},{"damage":20.0,"enemies":"Sentry and Sphere","floor":21.0,"turns":4.0},{"damage":0.0,"enemies":"Gremlin Leader","floor":24.0,"turns":4.0},{"damage":25.0,"enemies":"Book of Stabbing","floor":27.0,"turns":4.0},{"damage":6.0,"enemies":"Cultist and Chosen","floor":28.0,"turns":3.0},{"damage":36.0,"enemies":"Slavers","floor":29.0,"turns":5.0},{"damage":0.0,"enemies":"Snake Plant","floor":31.0,"turns":1.0},{"damage":36,"enemies":"Collector","floor":33,"turns":9},{"damage":17,"enemies":"Orb Walker","floor":35,"turns":4},{"damage":54,"enemies":"3 Darklings","floor":36,"turns":5}],"seed_played":"3046758067977349253","potions_obtained":[{"floor":3.0,"key":"Dexterity Potion"},{"floor":7.0,"key":"AttackPotion"},{"floor":8.0,"key":"SteroidPotion"},{"floor":14.0,"key":"PowerPotion"},{"floor":18.0,"key":"Weak Potion"},{"floor":24.0,"key":"Strength Potion"},{"floor":27.0,"key":"Strength Potion"},{"floor":29.0,"key":"Block Potion"}],"is_trial":false,"path_per_floor":["M","M","M","M","?","R","E","M","T","?","?","R","$","M","R","B",null,"M","M","$","M","?","R","E","?","T","E","M","E","R","M","R","B",null,"M","M"],"character_chosen":"IRONCLAD","items_purchased":["Perfected Strike","Akabeko","Fire Breathing"],"campfire_rested":0,"item_purchase_floors":[13,13,20],"current_hp_per_floor":[67,72,71,65,42,42,12,18,18,43,43,43,43,49,49,52,69,75,75,75,61,55,55,75,75,75,56,56,40,40,46,46,24,62,51,0,0],"gold":267,"neow_bonus":"UPGRADE_CARD","is_daily":false,"chose_seed":false,"campfire_upgraded":6,"win_rate":0.0,"timestamp":1612153569,"path_taken":["M","M","M","M","?","R","E","M","T","?","?","R","$","M","R","BOSS","M","M","?","M","?","R","E","?","T","E","M","E","R","M","R","BOSS","M","M"],"items_purchased_type":["Card","Relic","Card"],"build_version":"2020-12-22","purchased_purges":0,"victory":false,"max_hp_per_floor":[75,75,75,75,75,75,75,75,75,75,75,75,75,75,75,75,75,75,75,75,75,75,75,75,75,75,75,75,75,75,75,75,75,75,75,75,75],"relic_stats":{"counters":[19,77],"Astrolabe":["Hemokinesis","Rampage","Blood for Blood"],"Juzu Bracelet":1,"Art of War":[4],"obtain_stats":[{"Potion Belt":24,"Lantern":11,"Calipers":29,"Astrolabe":34,"Vajra":27,"Mark of Pain":17,"Juzu Bracelet":9,"Art of War":26,"StrikeDummy":7,"Burning Blood":0,"Akabeko":13},{"Potion Belt":12,"Lantern":6,"Calipers":15,"Astrolabe":17,"Vajra":13,"Mark of Pain":8,"Juzu Bracelet":6,"Art of War":12,"StrikeDummy":5,"Burning Blood":0,"Akabeko":6},{"Potion Belt":46,"Lantern":20,"Calipers":58,"Astrolabe":68,"Vajra":50,"Mark of Pain":32,"Juzu Bracelet":20,"Art of War":46,"StrikeDummy":19,"Burning Blood":0,"Akabeko":20}],"Burning Blood":100},"card_choices":[{"not_picked":["Body Slam","Disarm"],"picked":"Pommel Strike","floor":1.0},{"not_picked":["Headbutt","Havoc"],"picked":"Immolate","floor":2.0},{"not_picked":["Havoc","Body Slam"],"picked":"Clothesline","floor":3.0},{"not_picked":["Sword Boomerang","Havoc"],"picked":"True Grit","floor":4.0},{"not_picked":["Headbutt","Cleave"],"picked":"Pommel Strike","floor":7.0},{"not_picked":["Clash","Shrug It Off"],"picked":"Flame Barrier","floor":8.0},{"not_picked":["Clash","Cleave"],"picked":"Wild Strike","floor":14.0},{"not_picked":["Exhume","Fiend Fire"],"picked":"Reaper","floor":16.0},{"not_picked":["Headbutt","Flame Barrier"],"picked":"Feel No Pain","floor":18.0},{"not_picked":["Metallicize","Clash"],"picked":"Perfected Strike","floor":19.0},{"not_picked":["Ghostly Armor","Clothesline"],"picked":"Combust+1","floor":21.0},{"not_picked":["Body Slam","Heavy Blade"],"picked":"Barricade","floor":24.0},{"not_picked":["Body Slam","Twin Strike"],"picked":"Shrug It Off","floor":27.0},{"not_picked":["Iron Wave","Sword Boomerang"],"picked":"Warcry+1","floor":28.0},{"not_picked":["Anger","Bloodletting"],"picked":"Metallicize","floor":29.0},{"not_picked":["Sword Boomerang","Clash"],"picked":"Evolve","floor":31.0},{"not_picked":["Brutality","Limit Break"],"picked":"Exhume","floor":33},{"not_picked":["Iron Wave+1","Sword Boomerang","Warcry"],"picked":"SKIP","floor":35}],"player_experience":579282,"relics_obtained":[{"floor":7.0,"key":"StrikeDummy"},{"floor":9.0,"key":"Juzu Bracelet"},{"floor":24.0,"key":"Potion Belt"},{"floor":26.0,"key":"Art of War"},{"floor":27.0,"key":"Vajra"},{"floor":29.0,"key":"Calipers"}],"event_choices":[{"damage_healed":0.0,"max_hp_gain":0.0,"max_hp_loss":0.0,"gold_gain":0.0,"event_name":"Shining Light","player_choice":"Entered Light","floor":5.0,"gold_loss":0.0,"damage_taken":23.0,"cards_upgraded":["Strike_R","Defend_R"]},{"damage_healed":25.0,"max_hp_gain":0.0,"max_hp_loss":0.0,"gold_gain":0.0,"event_name":"Big Fish","player_choice":"Banana","floor":10.0,"gold_loss":0.0,"damage_taken":0.0},{"damage_healed":0.0,"max_hp_gain":0.0,"max_hp_loss":0.0,"gold_gain":0.0,"event_name":"WeMeetAgain","player_choice":"Gave Potion","floor":11.0,"gold_loss":0.0,"damage_taken":0.0,"relics_obtained":["Lantern"]},{"damage_healed":0.0,"max_hp_gain":0.0,"max_hp_loss":0.0,"gold_gain":0.0,"event_name":"Knowing Skull","player_choice":"","floor":22.0,"potions_obtained":[],"gold_loss":0.0,"damage_taken":6.0,"cards_obtained":[]},{"damage_healed":0.0,"max_hp_gain":0.0,"max_hp_loss":0.0,"gold_gain":0.0,"event_name":"Vampires","player_choice":"Ignored","floor":25.0,"gold_loss":0.0,"damage_taken":0.0}],"is_beta":false,"boss_relics":[{"not_picked":["Ectoplasm","Black Blood"],"picked":"Mark of Pain"},{"not_picked":["Empty Cage","Runic Cube"],"picked":"Astrolabe"}],"items_purged_floors":[],"is_endless":false,"potions_floor_spawned":[3,7,8,14,18,24,27,29],"killed_by":"3 Darklings","ascension_level":17}}