{"host":"q57ekfojy3i00x9o","time":1612194904,"event":{"mods":["Arknights","Aspiration","BaseMod","Colored Map","Energized Spire","Hermit","Minty Spire (QoL Compilation)","Quick Restart","Spicy Shops","Spikes Relics","StSLib","slay the spire mod where everything is the same but ironclad has a cowboy hat"],"gold_per_floor":[115,390,404,423,50,50,83,101,101,101,121,196,209,225,225,321,321,333,30,30,30,48,48,66,100,124,150,150,183,201,236,236,335,335,348,79,93,105,105,105,124,124,124,124,144,197,227,238,238,238],"floor_reached":51,"language":"RUS","playtime":2054,"items_purged":["Regret","Writhe"],"score":1074,"play_id":"486d4965-2d16-4d6b-aa51-f3eb130fba63","local_time":"20210201205504","is_ascension_mode":true,"campfire_choices":[{"data":"ats:Overload","floor":6.0,"key":"SMITH"},{"data":"ats:Magnetic Hammer","floor":10.0,"key":"SMITH"},{"floor":15.0,"key":"REST"},{"floor":23.0,"key":"REST"},{"floor":32,"key":"REST"},{"floor":40,"key":"REST"},{"data":"ats:Ambush","floor":42,"key":"SMITH"},{"data":"Jack Of All Trades","floor":44,"key":"SMITH"},{"data":"ats:Shadow Assault","floor":49,"key":"SMITH"}],"circlet_count":0,"master_deck":["ats:Strike C","ats:Strike G","ats:Strike S","ats:Strike V","ats:Armor Crushing Shot","ats:Defend","ats:Defend","ats:Defend","ats:Defend","ats:Emotion Absorption","ats:Shell Defense","ats:Magnetic Hammer+1","ats:Leaping Hammer","ats:Overload+1","ats:Red Shift","ats:Hammer On","ats:Hammer On","ats:Chain Hook","ats:Consecutive Shot Auto","ats:Ambush+1","CurseOfTheBell","ats:Explosion Area Strengthen","ats:Phantom+1","ats:Explosion Area Strengthen","ats:Red Shift+1","ats:Apocalypse","ats:Charging Defense","ats:Guard Mode","ats:Demon Strength","ats:Shadow Assault+1","ats:Consecutive Shot Auto","Clumsy","Dash","Jack Of All Trades+1","ats:Poison Spread","ats:Explosion Area Strengthen+1","Dark Shackles","Slice","ats:Sashimi Platter","Dodge and Roll+1","ats:Consecutive Shot Auto","ats:Powerful Strike"],"relics":["ats:Sanity","NeowsBlessing","Kunai","ats:Originium","ZombieTooth","aspiration:SeaSaltIceCream","Gremlin Horn","Calling Bell","MealTicket","aspiration:FrozenJewel","Bird Faced Urn","aspiration:Lifesprig","ats:Assault","aspiration:RitualStick","Strawberry","Anchor","Red Mask","Ginger","The Courier","Vajra","aspiration:SilentSkillbook","SnailShell","Strange Spoon","Pocketwatch","Lizard Tail","Shuriken"],"acts_visited":["Exordium","TheCity","TheBeyond"],"potions_floor_usage":[25,27,30,31,31,41,50],"damage_taken":[{"damage":0.0,"enemies":"2 Louse","floor":1.0,"turns":1.0},{"damage":0.0,"enemies":"Cultist","floor":3.0,"turns":1.0},{"damage":0.0,"enemies":"Jaw Worm","floor":4.0,"turns":1.0},{"damage":16.0,"enemies":"3 Sentries","floor":7.0,"turns":7.0},{"damage":8.0,"enemies":"Lots of Slimes","floor":8.0,"turns":4.0},{"damage":9.0,"enemies":"3 Louse","floor":11.0,"turns":2.0},{"damage":8.0,"enemies":"Blue Slaver","floor":13.0,"turns":2.0},{"damage":12.0,"enemies":"Looter","floor":14.0,"turns":3.0},{"damage":29.0,"enemies":"The Guardian","floor":16.0,"turns":14.0},{"damage":9.0,"enemies":"Shell Parasite","floor":18.0,"turns":6.0},{"damage":41.0,"enemies":"2 Thieves","floor":22.0,"turns":4.0},{"damage":9.0,"enemies":"Cultist and Chosen","floor":24.0,"turns":5.0},{"damage":25,"enemies":"Book of Stabbing","floor":25,"turns":7},{"damage":0,"enemies":"Masked Bandits","floor":27,"turns":2},{"damage":15,"enemies":"Gremlin Leader","floor":29,"turns":5},{"damage":19,"enemies":"Snake Plant","floor":30,"turns":5},{"damage":15,"enemies":"Book of Stabbing","floor":31,"turns":5},{"damage":0,"enemies":"Collector","floor":33,"turns":9},{"damage":33,"enemies":"3 Darklings","floor":35,"turns":5},{"damage":14,"enemies":"Orb Walker","floor":37,"turns":4},{"damage":24,"enemies":"Spire Growth","floor":38,"turns":5},{"damage":24,"enemies":"4 Shapes","floor":41,"turns":5},{"damage":0,"enemies":"Jaw Worm Horde","floor":45,"turns":4},{"damage":15,"enemies":"2 Orb Walkers","floor":46,"turns":5},{"damage":32,"enemies":"Nemesis","floor":47,"turns":7},{"damage":0,"enemies":"Sphere and 2 Shapes","floor":48,"turns":4},{"damage":48,"enemies":"Donu and Deca","floor":50,"turns":9}],"seed_played":"-8241126865419516271","potions_obtained":[{"floor":3.0,"key":"LiquidMemories"},{"floor":13.0,"key":"Explosive Potion"},{"floor":14.0,"key":"LiquidMemories"},{"floor":16.0,"key":"ats:Emergency Sanity Potion"},{"floor":24.0,"key":"DuplicationPotion"},{"floor":25,"key":"LiquidMemories"},{"floor":27,"key":"SteroidPotion"},{"floor":29,"key":"Block Potion"},{"floor":30,"key":"Weak Potion"},{"floor":38,"key":"Energy Potion"},{"floor":41,"key":"SneckoOil"},{"floor":47,"key":"Strength Potion"},{"floor":48,"key":"GamblersBrew"}],"is_trial":false,"path_per_floor":["M","?","M","M","$","R","E","M","T","R","M","?","M","M","R","B",null,"M","$","?","?","M","R","M","E","T","?","?","E","M","E","R","B",null,"M","$","M","M","?","R","M","R","T","R","M","?","E","M","R","B",null],"character_chosen":"DOCTOR_CLASS","items_purchased":["ats:Overload","Kunai","aspiration:Lifesprig","ats:Assault","SnailShell","Strange Spoon","Dash","Jack Of All Trades"],"campfire_rested":4,"item_purchase_floors":[5,5,19,19,36,36,36,36],"current_hp_per_floor":[72,72,72,72,72,72,64,59,59,59,50,43,35,23,44,21,59,55,70,56,56,17,38,33,24,24,28,28,21,13,9,32,45,71,47,62,54,43,43,66,50,50,50,50,52,45,52,79,79,33],"gold":238,"neow_bonus":"THREE_ENEMY_KILL","is_daily":false,"chose_seed":false,"campfire_upgraded":5,"win_rate":0.0,"timestamp":1612194904,"path_taken":["M","?","M","M","$","R","E","?","T","R","M","?","?","M","R","BOSS","M","$","?","?","M","R","M","E","T","?","?","E","?","E","R","BOSS","M","$","M","M","?","R","M","R","T","R","M","?","E","?","R","BOSS"],"items_purchased_type":["Card","Relic","Relic","Relic","Relic","Relic","Card","Card"],"build_version":"2020-12-22","purchased_purges":2,"victory":true,"max_hp_per_floor":[72,72,72,72,72,72,72,72,72,72,72,72,72,72,72,72,72,72,72,72,72,72,72,72,79,79,79,79,79,79,79,79,79,79,79,79,79,79,79,79,79,79,79,79,79,79,79,79,79,79],"card_choices":[{"not_picked":["ats:Absolute Focus","ats:Curse Doll"],"picked":"ats:Shell Defense","floor":1.0},{"not_picked":["ats:Revitalization","ats:Shadow Assault"],"picked":"ats:Magnetic Hammer","floor":3.0},{"not_picked":["ats:Counter Healing Mode","ats:Defend Order"],"picked":"ats:Leaping Hammer","floor":4.0},{"not_picked":["ats:Guardian Obelisk","ats:Sunburst"],"picked":"ats:Red Shift","floor":7.0},{"not_picked":["ats:Assault Order","ats:Ignite"],"picked":"ats:Hammer On","floor":8.0},{"not_picked":["ats:Powerful Strike","ats:Leaping Hammer"],"picked":"ats:Hammer On","floor":11.0},{"not_picked":["ats:Volcano","ats:Revitalization"],"picked":"ats:Chain Hook","floor":13.0},{"not_picked":["ats:Guard Mode","ats:Hammer On"],"picked":"ats:Consecutive Shot Auto","floor":14.0},{"not_picked":["ats:Roar Of Ursus","ats:Fractured Body"],"picked":"ats:Ambush","floor":16.0},{"not_picked":["ats:Flame Of Heaven","ats:Curse Doll"],"picked":"ats:Explosion Area Strengthen","floor":18.0},{"not_picked":["ats:Powerful Strike","ats:Fractured Body"],"picked":"ats:Phantom+1","floor":22.0},{"not_picked":["ats:Very Hot Blade+1","ats:Curse Doll"],"picked":"ats:Explosion Area Strengthen","floor":24.0},{"not_picked":["ats:Cat Scratch","ats:Encircling Forest"],"picked":"ats:Red Shift+1","floor":25},{"not_picked":["ats:Consecutive Shot Auto","ats:Spore Proliferation+1"],"picked":"ats:Apocalypse","floor":27},{"not_picked":["ats:Assault Order","ats:Hammer On"],"picked":"ats:Charging Defense","floor":29},{"not_picked":["ats:Guardian Obelisk+1","ats:Leaping Hammer+1"],"picked":"ats:Guard Mode","floor":30},{"not_picked":["ats:Counter Healing Mode","ats:LN2 Cannon"],"picked":"ats:Demon Strength","floor":31},{"not_picked":["ats:Rat Pack","ats:Ambush"],"picked":"ats:Shadow Assault","floor":33},{"not_picked":["Acrobatics+1","ats:Leaping Hammer+1","Dodge and Roll"],"picked":"ats:Consecutive Shot Auto","floor":35},{"not_picked":["ats:Part Time Job","Crippling Poison+1","ats:Support Order"],"picked":"ats:Poison Spread","floor":37},{"not_picked":["Predator","ShadowRift+1","ats:Blood Oath"],"picked":"ats:Explosion Area Strengthen+1","floor":38},{"not_picked":["PanicButton","Jack Of All Trades","Mayhem"],"picked":"Dark Shackles","floor":39},{"not_picked":["ats:Counter Healing Mode+1","ats:Absolute Focus+1","Masterful Stab"],"picked":"Slice","floor":41},{"not_picked":["ats:Cat Scratch","ats:Consecutive Shot Auto+1","ats:Sunburst"],"picked":"ats:Sashimi Platter","floor":45},{"not_picked":["Accuracy+1","ats:Soul Absorption+1","ats:Assault Order"],"picked":"Dodge and Roll+1","floor":46},{"not_picked":["ats:Demon Strength","Acrobatics+1","Flechettes"],"picked":"ats:Consecutive Shot Auto","floor":47},{"not_picked":["Blade Dance","ats:Defend Order+1","Finisher"],"picked":"ats:Powerful Strike","floor":48}],"player_experience":742778,"relics_obtained":[{"floor":7.0,"key":"ats:Originium"},{"floor":7.0,"key":"ZombieTooth"},{"floor":9.0,"key":"aspiration:SeaSaltIceCream"},{"floor":17.0,"key":"MealTicket"},{"floor":17.0,"key":"aspiration:FrozenJewel"},{"floor":17.0,"key":"Bird Faced Urn"},{"floor":25,"key":"ats:Originium"},{"floor":25,"key":"Strawberry"},{"floor":26,"key":"Anchor"},{"floor":27,"key":"Red Mask"},{"floor":29,"key":"ats:Originium"},{"floor":29,"key":"The Courier"},{"floor":31,"key":"ats:Originium"},{"floor":31,"key":"Vajra"},{"floor":43,"key":"Pocketwatch"},{"floor":46,"key":"Lizard Tail"},{"floor":47,"key":"Shuriken"}],"event_choices":[{"damage_healed":0.0,"max_hp_gain":0.0,"max_hp_loss":0.0,"gold_gain":275.0,"event_name":"Golden Shrine","player_choice":"Desecrate","floor":2.0,"gold_loss":0.0,"damage_taken":0.0,"cards_obtained":["Regret"]},{"damage_healed":0.0,"max_hp_gain":0.0,"max_hp_loss":0.0,"gold_gain":75.0,"event_name":"FaceTrader","player_choice":"Touch","floor":12.0,"gold_loss":0.0,"damage_taken":7.0},{"damage_healed":0.0,"max_hp_gain":0.0,"max_hp_loss":0.0,"gold_gain":0.0,"event_name":"Vampires","player_choice":"Ignored","floor":21.0,"gold_loss":0.0,"damage_taken":0.0},{"damage_healed":0,"gold_gain":0,"player_choice":"Fought Bandits","damage_taken":0,"max_hp_gain":0,"max_hp_loss":0,"event_name":"Masked Bandits","floor":27,"gold_loss":0},{"damage_healed":0,"gold_gain":0,"player_choice":"Gave Potion","damage_taken":0,"relics_obtained":["Ginger"],"max_hp_gain":0,"max_hp_loss":0,"event_name":"WeMeetAgain","floor":28,"gold_loss":0},{"damage_healed":0,"gold_gain":0,"player_choice":"Memory 1","damage_taken":0,"max_hp_gain":0,"max_hp_loss":0,"event_name":"SensoryStone","floor":39,"gold_loss":0},{"damage_healed":0,"gold_gain":0,"player_choice":"Fight","damage_taken":0,"max_hp_gain":0,"max_hp_loss":0,"event_name":"Mysterious Sphere","floor":46,"gold_loss":0}],"is_beta":false,"boss_relics":[{"not_picked":["Tiny House","energizedSpire:MagnifyingGlass"],"picked":"Calling Bell"},{"not_picked":["Black Star","aspiration:FutureDiary"],"picked":"aspiration:SilentSkillbook"}],"items_purged_floors":[5,19],"is_endless":false,"potions_floor_spawned":[3,13,14,16,24,25,27,29,30,38,41,47,48],"ascension_level":5}}