{"host":"yq2wmfr0u0wuvxc0","time":1612159947,"event":{"mods":["Act Like it!","Aspiration","BaseMod","Curses Come First","Downfall","Friendly Minions","Gensokyo","Hubris","Infinite Spire","Marisa????????","Minty Spire (QoL Compilation)","Pale of the Ancients","Remilia??????","Shop Mod","Smile Girya","Spicy Shops","StSLib","The Jungle","The Servant 0.9.4","Wide Potions"],"gold_per_floor":[99,99,99,99,115,115,115,132,42,54,54,83,83,83,99,199,199,199,215,229,243,243,243,269,269,369,369,269,298,198,198,217,321,321,321,333,352,370,397,410,437,437,437,111,124,143,143,169,69,69,69,98,25,25,25,25,25,25],"floor_reached":56,"language":"ZHS","playtime":3377,"items_purged":["Slimebound:Defend_Slimebound","Slimebound:Tackle","Slimebound:Defend_Slimebound"],"score":762,"play_id":"c78cd307-5d14-48f2-b53b-106d45430c9e","local_time":"20210131221227","is_ascension_mode":true,"campfire_choices":[{"data":"Slimebound:Split","floor":1.0,"key":"SMITH"},{"data":"Slimebound:SlimeBarrage","floor":13.0,"key":"SMITH"},{"data":"Slimebound:Teamwork","floor":18.0,"key":"SMITH"},{"data":"Slimebound:DisruptingSlam","floor":23.0,"key":"SMITH"},{"floor":28.0,"key":"RECALL"},{"floor":30.0,"key":"REST"},{"data":"Slimebound:MinionMaster","floor":35.0,"key":"SMITH"},{"data":"Armaments","floor":42.0,"key":"SMITH"},{"data":"Slimebound:LevelUp","floor":47.0,"key":"SMITH"},{"data":"Slimebound:RallyTheTroops","floor":49.0,"key":"SMITH"},{"data":"Slimebound:Repurpose","floor":54.0,"key":"SMITH"}],"circlet_count":0,"master_deck":["Slimebound:Defend_Slimebound","Slimebound:Defend_Slimebound","Slimebound:Split+1","Slimebound:CorrosiveSpit","Slimebound:SplitBruiser","Slimebound:SplitLeeching","Slimebound:DisruptingSlam+1","Slimebound:DivideAndConquer","Slimebound:Nibble","Slimebound:Recycling+1","Slimebound:SlimeBarrage+1","Slimebound:SlimeTap","Slimebound:LevelUp+1","Slimebound:Teamwork+1","Slimebound:SplitMire+1","Slimebound:PressTheAttack","Slimebound:Tackle+1","Slimebound:Tackle+1","Slimebound:Gluttony","Slimebound:SamplingLick","Slimebound:MinionMaster+1","Slimebound:SplitBruiser+1","Armaments+1","Slimebound:ProtectTheBoss+1","hubris:Fate","Slimebound:SplitLeeching+1","Slimebound:Repurpose+1","Slimebound:RallyTheTroops+1"],"relics":["Slimebound:AbsorbEndCombat","downfall:HeartsMalice","hubris:Reverence","aspiration:BabyByrd","Pen Nib","Velvet Choker","infinitespire:ShieldingShard","Bird Faced Urn","infinitespire:WardingShard","downfall:HeartBlessingBlue","Happy Flower","downfall:HeartBlessingRed","aspiration:IroncladSkillbook","Art of War","Centennial Puzzle","Oddly Smooth Stone","PreservedInsect","downfall:HeartBlessingGreen","Bag of Marbles","hubris:EmptyBottle"],"acts_visited":["Exordium","TheCity","TheBeyond","TheEnding"],"potions_floor_usage":[56],"damage_taken":[{"damage":0.0,"enemies":"Cultist","floor":2.0,"turns":1.0},{"damage":0.0,"enemies":"Jaw Worm","floor":3.0,"turns":1.0},{"damage":0.0,"enemies":"2 Louse","floor":4.0,"turns":1.0},{"damage":22.0,"enemies":"Lots of Slimes","floor":5.0,"turns":3.0},{"damage":7.0,"enemies":"Exordium Wildlife","floor":8.0,"turns":3.0},{"damage":5.0,"enemies":"downfall:FleeingMerchant","floor":9.0,"turns":4.0},{"damage":15.0,"enemies":"3 Louse","floor":10.0,"turns":2.0},{"damage":0.0,"enemies":"Lagavulin","floor":12.0,"turns":3.0},{"damage":11.0,"enemies":"2 Fungi Beasts","floor":15.0,"turns":3.0},{"damage":6.0,"enemies":"SI_SHIV_ARCHETYPE","floor":16.0,"turns":4.0},{"damage":27.0,"enemies":"Spheric Guardian","floor":19.0,"turns":4.0},{"damage":7.0,"enemies":"3 Byrds","floor":20.0,"turns":3.0},{"damage":15.0,"enemies":"Shelled Parasite and Fungi","floor":21.0,"turns":5.0},{"damage":0.0,"enemies":"DF_ARCHETYPE_STREAMLINE","floor":26.0,"turns":5.0},{"damage":20.0,"enemies":"Nightmare","floor":29.0,"turns":6.0},{"damage":0.0,"enemies":"Chosen and Byrds","floor":32.0,"turns":4.0},{"damage":3.0,"enemies":"WA_ARCHETYPE_CALM","floor":33.0,"turns":5.0},{"damage":17.0,"enemies":"3 Shapes","floor":36.0,"turns":4.0},{"damage":33.0,"enemies":"3 Darklings","floor":37.0,"turns":5.0},{"damage":29.0,"enemies":"Jaw Worm Horde","floor":38.0,"turns":4.0},{"damage":7.0,"enemies":"Transient","floor":40.0,"turns":5.0},{"damage":2.0,"enemies":"downfall:FleeingMerchant","floor":44.0,"turns":4.0},{"damage":0.0,"enemies":"Maw","floor":45.0,"turns":5.0},{"damage":5.0,"enemies":"Jaw Worm Horde","floor":46.0,"turns":3.0},{"damage":16.0,"enemies":"Reptomancer","floor":48.0,"turns":5.0},{"damage":4.0,"enemies":"IC_BLOCK_ARCHETYPE","floor":50.0,"turns":8.0},{"damage":12.0,"enemies":"downfall:CharBossMerchant","floor":52.0,"turns":7.0},{"damage":12,"enemies":"downfall:NeowBoss","floor":55,"turns":14},{"damage":83,"enemies":"downfall:NeowBossFinal","floor":56,"turns":8}],"seed_played":"-8603291822147877289","potions_obtained":[{"floor":5.0,"key":"bronze:BurnAndBuffPotion"},{"floor":8.0,"key":"BlessingOfTheForge"},{"floor":12.0,"key":"FearPotion"},{"floor":15.0,"key":"Weak Potion"},{"floor":21.0,"key":"ColorlessPotion"},{"floor":26.0,"key":"Strength Potion"},{"floor":32.0,"key":"Regen Potion"},{"floor":37.0,"key":"Weak Potion"},{"floor":40.0,"key":"EssenceOfSteel"},{"floor":45.0,"key":"Energy Potion"}],"is_trial":false,"path_per_floor":["R","M","M","M","M","?","T","M","$","M","?","E","R","?","M","B",null,"R","M","M","M","?","R","T","AVR","?","?","R","NM","R","?","M","B",null,"R","M","M","M","T","M","T","R","?","$","M","M","R","E","R","B",null,"E","$","R","B","B"],"character_chosen":"SLIMEBOUND","items_purchased":["Slimebound:Repurpose","Oddly Smooth Stone","hubris:EmptyBottle"],"campfire_rested":1,"item_purchase_floors":[44,44,53],"current_hp_per_floor":[65,65,65,65,43,43,43,38,39,24,24,28,28,28,19,21,65,65,38,33,22,22,22,22,22,30,30,40,28,50,50,64,72,75,75,66,56,43,43,56,56,56,37,66,75,74,74,73,73,75,75,73,73,73,75,0,0,0],"gold":25,"neow_bonus":"THREE_ENEMY_KILL","is_daily":false,"chose_seed":false,"campfire_upgraded":9,"win_rate":0.0,"timestamp":1612159947,"path_taken":["R","M","M","?","M","?","T","?","$","M","?","E","R","?","M","BOSS","R","M","M","?","?","R","T","AVR","?","?","R","NM","R","?","M","BOSS","R","M","M","M","?","M","T","R","?","$","M","M","R","E","R","BOSS","E","$","R","BOSS","BOSS"],"items_purchased_type":["Card","Relic","Relic"],"build_version":"2020-12-22","purchased_purges":3,"victory":false,"max_hp_per_floor":[65,65,65,65,65,65,65,65,65,65,65,65,65,65,65,65,65,65,65,65,65,65,65,65,65,65,65,75,75,75,75,75,75,75,75,75,75,75,75,75,75,75,75,75,75,75,75,75,75,75,75,75,75,75,75,75,75,75],"card_choices":[{"not_picked":["Slimebound:TongueLash","Slimebound:Gluttony"],"picked":"Slimebound:SplitBruiser","floor":2.0},{"not_picked":["Slimebound:Dissolve","Slimebound:Gluttony"],"picked":"Slimebound:SplitLeeching","floor":3.0},{"not_picked":["Slimebound:GoopTackle","Slimebound:FormOfPuddle"],"picked":"Slimebound:DisruptingSlam","floor":4.0},{"not_picked":["Slimebound:HauntingLick","Slimebound:Nibble"],"picked":"Slimebound:DivideAndConquer","floor":5.0},{"not_picked":["Slimebound:SamplingLick","Slimebound:RejuvenatingLick"],"picked":"Slimebound:Nibble","floor":8.0},{"not_picked":["Slimebound:Dissolve","Slimebound:SplitLeeching"],"picked":"Slimebound:Recycling","floor":9.0},{"not_picked":["Slimebound:Equalize","Slimebound:Schlurp"],"picked":"Slimebound:SlimeBarrage","floor":10.0},{"not_picked":["Slimebound:Nibble","Slimebound:HungryTackle"],"picked":"Slimebound:SlimeTap","floor":12.0},{"not_picked":["Slimebound:Schlurp","Slimebound:SlimeSpikes"],"picked":"Slimebound:LevelUp","floor":15.0},{"not_picked":["Slimebound:SlimeSlap","Slimebound:OneTwoCombo"],"picked":"Slimebound:Teamwork","floor":16.0},{"not_picked":["Slimebound:SplitLeeching","Slimebound:LeechingTouch"],"picked":"Slimebound:SplitMire+1","floor":19.0},{"not_picked":["Slimebound:FinishingTackle","Slimebound:Schlurp"],"picked":"Slimebound:PressTheAttack","floor":20.0},{"not_picked":["Slimebound:LeechEnergy","Slimebound:LeechingTouch","Slimebound:ItLooksTasty"],"picked":"SKIP","floor":21.0},{"not_picked":["Slimebound:SplitMire","Slimebound:ServeAndProtect+1"],"picked":"Slimebound:Gluttony","floor":29.0},{"not_picked":["Slimebound:ComboTackle","Slimebound:LeechEnergy","Slimebound:Equalize"],"picked":"SKIP","floor":32.0},{"not_picked":["Slimebound:RallyTheTroops","Slimebound:DuplicatedForm"],"picked":"Slimebound:MinionMaster","floor":33.0},{"not_picked":["True Grit+1","Ghostly Armor+1","Clash+1"],"picked":"Slimebound:SplitBruiser+1","floor":36.0},{"not_picked":["Cleave+1","Slimebound:FlameTackle+1","Metallicize+1"],"picked":"Armaments","floor":37.0},{"not_picked":["Carnage+1","Slimebound:ComboTackle+1","Slimebound:TongueLash+1","Headbutt+1"],"picked":"SKIP","floor":38.0},{"not_picked":["Dual Wield","Slimebound:ForwardTackle+1","Flex+1"],"picked":"Slimebound:ProtectTheBoss+1","floor":40.0},{"not_picked":["infinitespire:NeuralNetwork","infinitespire:DeathsTouch"],"picked":"hubris:Fate","floor":43.0},{"not_picked":["Slimebound:SplitBruiser","Rupture+1","Flex"],"picked":"Slimebound:SplitLeeching+1","floor":44.0},{"not_picked":["Entrench","Flex","Slimebound:DivideAndConquer","Slimebound:GoopTackle+1"],"picked":"SKIP","floor":45.0},{"not_picked":["Slimebound:HungryTackle+1","Slimebound:SplitMire+1","Shrug It Off","Entrench+1"],"picked":"SKIP","floor":46.0},{"not_picked":["Havoc+1","Slimebound:Schlurp","Slimebound:MegaLick"],"picked":"Slimebound:RallyTheTroops","floor":48.0},{"not_picked":["Slimebound:Prepare+1","Thunderclap","Hemokinesis+1","Slimebound:SplitMire"],"picked":"SKIP","floor":52.0}],"player_experience":292486,"relics_obtained":[{"floor":7.0,"key":"hubris:Reverence"},{"floor":12.0,"key":"Pen Nib"},{"floor":26.0,"key":"Bird Faced Urn"},{"floor":26.0,"key":"infinitespire:WardingShard"},{"floor":29.0,"key":"Happy Flower"},{"floor":39.0,"key":"Art of War"},{"floor":41.0,"key":"Centennial Puzzle"},{"floor":48.0,"key":"PreservedInsect"},{"floor":52.0,"key":"Bag of Marbles"}],"event_choices":[{"cards_removed":["Slimebound:Strike_Slimebound"],"damage_healed":0.0,"max_hp_gain":0.0,"max_hp_loss":0.0,"gold_gain":0.0,"event_name":"Bonfire Elementals","player_choice":"Offered Basic","floor":6.0,"gold_loss":0.0,"damage_taken":0.0},{"damage_healed":0.0,"max_hp_gain":0.0,"max_hp_loss":0.0,"gold_gain":0.0,"event_name":"Accursed Blacksmith","player_choice":"Forge","floor":14.0,"gold_loss":0.0,"damage_taken":0.0,"cards_upgraded":["Slimebound:Recycling"]}],"is_beta":false,"boss_relics":[{"not_picked":["Fusion Hammer","Sozu"],"picked":"Velvet Choker"},{"not_picked":["aspiration:SilentSkillbook","bronze:MakeshiftBattery"],"picked":"aspiration:IroncladSkillbook"}],"items_purged_floors":[9,25,44],"is_endless":false,"potions_floor_spawned":[5,8,12,15,21,26,32,37,40,45,48],"killed_by":"downfall:NeowBossFinal","ascension_level":2}}