{"host":"szp1d6dso4pv7ddl","time":1612148206,"event":{"mods":["AchievementEnabler","Alarm Clock","BaseMod","Bestiary","Block Reminder","Colored Map","Colored Powertips","Curses Come First","Dark Map","Displayed Cursed Tome","Highlight Path","Minty Spire (QoL Compilation)","Permanent Neow","Quick Restart","Relic Sorter","Relic Stats","StSLib","Synergy Search"],"gold_per_floor":[119,44,119,131,131,131,164,178,205,205,205],"floor_reached":10,"language":"ENG","playtime":307,"items_purged":["Parasite"],"score":116,"play_id":"a4b1500d-8f4e-4c37-bf4f-59cfb595efba","local_time":"20210131185646","is_ascension_mode":true,"campfire_choices":[{"floor":6,"key":"REST"}],"circlet_count":0,"master_deck":["AscendersBane","Strike_B","Strike_B+1","Strike_B","Strike_B+1","Defend_B","Defend_B","Defend_B","Defend_B","Zap","Dualcast","Biased Cognition","Lockon","Capacitor","Auto Shields"],"relics":["Cracked Core","Whetstone","MealTicket"],"acts_visited":["Exordium"],"potions_floor_usage":[],"damage_taken":[{"damage":7,"enemies":"Jaw Worm","floor":1,"turns":3},{"damage":13,"enemies":"2 Louse","floor":4,"turns":3},{"damage":40,"enemies":"Lagavulin","floor":7,"turns":5},{"damage":0,"enemies":"Cultist","floor":8,"turns":3},{"damage":15,"enemies":"3 Sentries","floor":10,"turns":2}],"seed_played":"7498760897228635414","potions_obtained":[{"floor":7,"key":"SmokeBomb"}],"is_trial":false,"path_per_floor":["M","$","?","M","?","R","E","M","T","E"],"character_chosen":"DEFECT","items_purchased":[],"campfire_rested":1,"item_purchase_floors":[],"current_hp_per_floor":[57,57,46,33,33,53,13,13,13,0,0],"gold":205,"neow_bonus":"THREE_RARE_CARDS","is_daily":false,"chose_seed":false,"campfire_upgraded":0,"win_rate":0.0,"timestamp":1612148206,"path_taken":["M","$","?","M","?","R","E","M","T","E"],"items_purchased_type":[],"build_version":"2020-12-22","purchased_purges":1,"victory":false,"max_hp_per_floor":[71,68,68,68,68,68,68,68,68,68,68],"relic_stats":{"counters":[5,16],"MealTicket":0,"Whetstone":["Strike_B","Strike_B"],"obtain_stats":[{"MealTicket":9,"Whetstone":7,"Cracked Core":0},{"MealTicket":4,"Whetstone":3,"Cracked Core":0},{"MealTicket":14,"Whetstone":11,"Cracked Core":0}]},"card_choices":[{"not_picked":["Machine Learning","Meteor Strike"],"picked":"Biased Cognition","floor":0},{"not_picked":["Rip and Tear","Blizzard"],"picked":"Lockon","floor":1},{"not_picked":["Go for the Eyes","Barrage"],"picked":"Capacitor","floor":4},{"not_picked":["Conserve Battery","Thunder Strike"],"picked":"Auto Shields","floor":7},{"not_picked":["Beam Cell","Go for the Eyes","Rebound"],"picked":"SKIP","floor":8}],"player_experience":1336880,"relics_obtained":[{"floor":7,"key":"Whetstone"},{"floor":9,"key":"MealTicket"}],"event_choices":[{"damage_healed":0,"gold_gain":75,"player_choice":"Gather Gold","damage_taken":11,"max_hp_gain":0,"max_hp_loss":0,"event_name":"World of Goop","floor":3,"gold_loss":0},{"damage_healed":0,"gold_gain":0,"player_choice":"Ignored","damage_taken":0,"max_hp_gain":0,"max_hp_loss":0,"event_name":"Liars Game","floor":5,"gold_loss":0}],"is_beta":false,"boss_relics":[],"items_purged_floors":[2],"is_endless":false,"potions_floor_spawned":[7],"killed_by":"3 Sentries","ascension_level":15}}