{"host":"tzwq52iyn0uky71y","time":1612208388,"event":{"mods":["BaseMod","Minty Spire (QoL Compilation)","StSLib"],"gold_per_floor":[116,291,291,303,19,19,54,65,111,138,63,78,78,96,96,192,192,204,215,175,193,210,245,245,256,301,314,314,334,334,334,334,438,438,450,462,380,430,440,473,473,485,508,508,508],"floor_reached":44,"language":"ENG","playtime":3958,"items_purged":["Doubt"],"score":472,"play_id":"e269e2c1-14d6-4572-86d5-893881ca7d07","local_time":"20210201203948","is_ascension_mode":false,"campfire_choices":[{"data":"Juggernaut","floor":6,"key":"SMITH"},{"floor":13,"key":"REST"},{"floor":15,"key":"REST"},{"floor":24,"key":"REST"},{"floor":28,"key":"REST"},{"floor":30,"key":"REST"},{"data":"Rampage","floor":32,"key":"SMITH"},{"floor":41,"key":"REST"}],"circlet_count":0,"master_deck":["Strike_R","Strike_R","Strike_R","Strike_R","Strike_R","Defend_R","Defend_R","Defend_R","Defend_R","Bash","Twin Strike","Flame Barrier+1","Juggernaut+1","Anger","Body Slam","Perfected Strike","Cleave","Twin Strike+1","Barricade","Perfected Strike","Inflame+1","Rampage+1","Perfected Strike","Iron Wave","Body Slam","Iron Wave+1","Pummel+1","Reaper","Flame Barrier","Inflame","Feed","Blood for Blood+1","Thunderclap+1","Normality"],"relics":["Black Blood","Happy Flower","HandDrill","StoneCalendar","Vajra","Sundial","Ancient Tea Set","Oddly Smooth Stone","Cursed Key","Gambling Chip","Letter Opener","PreservedInsect"],"acts_visited":["Exordium","TheCity","TheBeyond"],"potions_floor_usage":[7,14,22,33,39,40,40],"damage_taken":[{"damage":6,"enemies":"Jaw Worm","floor":1,"turns":4},{"damage":6,"enemies":"Cultist","floor":4,"turns":3},{"damage":43,"enemies":"Gremlin Nob","floor":7,"turns":5},{"damage":3,"enemies":"2 Louse","floor":8,"turns":3},{"damage":14,"enemies":"Lagavulin","floor":10,"turns":5},{"damage":16,"enemies":"Lots of Slimes","floor":12,"turns":3},{"damage":11,"enemies":"Large Slime","floor":14,"turns":4},{"damage":51,"enemies":"The Guardian","floor":16,"turns":7},{"damage":24,"enemies":"Shell Parasite","floor":18,"turns":3},{"damage":10,"enemies":"Chosen","floor":19,"turns":4},{"damage":15,"enemies":"Snecko","floor":21,"turns":3},{"damage":18,"enemies":"Sentry and Sphere","floor":22,"turns":5},{"damage":53,"enemies":"Book of Stabbing","floor":23,"turns":5},{"damage":42,"enemies":"Centurion and Healer","floor":25,"turns":5},{"damage":9,"enemies":"Snecko","floor":27,"turns":3},{"damage":13,"enemies":"Snake Plant","floor":29,"turns":3},{"damage":38,"enemies":"Champ","floor":33,"turns":8},{"damage":4,"enemies":"Orb Walker","floor":35,"turns":3},{"damage":9,"enemies":"3 Shapes","floor":36,"turns":3},{"damage":40,"enemies":"Mind Bloom Boss Battle","floor":38,"turns":6},{"damage":45,"enemies":"3 Darklings","floor":39,"turns":6},{"damage":52,"enemies":"Reptomancer","floor":40,"turns":7},{"damage":20,"enemies":"Spire Growth","floor":42,"turns":3},{"damage":59,"enemies":"Giant Head","floor":44,"turns":6}],"seed_played":"-6920115080997513532","potions_obtained":[{"floor":4,"key":"Energy Potion"},{"floor":7,"key":"Ancient Potion"},{"floor":10,"key":"SkillPotion"},{"floor":18,"key":"Block Potion"},{"floor":23,"key":"SpeedPotion"},{"floor":25,"key":"Explosive Potion"},{"floor":27,"key":"DuplicationPotion"},{"floor":33,"key":"Dexterity Potion"},{"floor":35,"key":"Regen Potion"},{"floor":39,"key":"BloodPotion"},{"floor":42,"key":"EssenceOfSteel"}],"is_trial":false,"path_per_floor":["M","?","?","M","$","R","E","M","T","E","$","M","R","M","R","B",null,"M","M","?","M","M","E","R","M","T","M","R","M","R","?","R","B",null,"M","M","$","?","M","E","R","M","T","E"],"character_chosen":"IRONCLAD","items_purchased":["HandDrill","Juggernaut","Inflame"],"campfire_rested":6,"item_purchase_floors":[5,5,37],"current_hp_per_floor":[80,80,73,73,73,73,36,39,39,31,31,21,45,40,64,19,80,68,70,70,67,61,20,44,14,14,17,41,40,64,64,64,38,80,80,80,80,52,48,24,48,53,53,0,0],"gold":508,"neow_bonus":"","is_daily":false,"chose_seed":false,"campfire_upgraded":2,"win_rate":0.0,"timestamp":1612208388,"path_taken":["M","?","?","M","$","R","E","M","T","E","?","M","R","M","R","BOSS","M","M","?","M","M","E","R","?","T","M","R","M","R","?","R","BOSS","M","M","?","?","M","E","R","M","T","E"],"items_purchased_type":["Relic","Card","Card"],"build_version":"2020-12-22","purchased_purges":1,"victory":false,"max_hp_per_floor":[80,80,80,80,80,80,80,80,80,80,80,80,80,80,80,80,80,80,80,80,80,80,80,80,80,80,80,80,80,80,80,80,80,80,80,80,80,80,80,80,80,83,83,83,83],"card_choices":[{"not_picked":["Power Through","Shrug It Off"],"picked":"Twin Strike","floor":1},{"not_picked":["Thunderclap","Clash"],"picked":"Flame Barrier","floor":4},{"not_picked":["True Grit","Clothesline"],"picked":"Anger","floor":7},{"not_picked":["Pommel Strike","Sever Soul"],"picked":"Body Slam","floor":8},{"not_picked":["Flame Barrier","True Grit"],"picked":"Perfected Strike","floor":10},{"not_picked":["Flex","Twin Strike"],"picked":"Cleave","floor":12},{"not_picked":["Headbutt","Double Tap"],"picked":"Twin Strike","floor":14},{"not_picked":["Brutality","Double Tap"],"picked":"Barricade","floor":16},{"not_picked":["Pommel Strike","Anger"],"picked":"Perfected Strike","floor":18},{"not_picked":["Flex","Headbutt"],"picked":"Inflame+1","floor":19},{"not_picked":["Feel No Pain+1","Twin Strike"],"picked":"Rampage","floor":21},{"not_picked":["Twin Strike","Shrug It Off"],"picked":"Perfected Strike","floor":22},{"not_picked":["True Grit+1","Pommel Strike"],"picked":"Iron Wave","floor":23},{"not_picked":["Headbutt","Cleave"],"picked":"Body Slam","floor":25},{"not_picked":["Armaments","Combust+1"],"picked":"Iron Wave+1","floor":27},{"not_picked":["Burning Pact","Feel No Pain"],"picked":"Pummel+1","floor":29},{"not_picked":["Offering","Brutality"],"picked":"Reaper","floor":33},{"not_picked":["Infernal Blade","Sword Boomerang","Pommel Strike+1"],"picked":"SKIP","floor":35},{"not_picked":["Twin Strike+1","Body Slam"],"picked":"Flame Barrier","floor":36},{"not_picked":["True Grit","Dark Embrace"],"picked":"Feed","floor":38},{"not_picked":["Warcry+1","Pommel Strike"],"picked":"Blood for Blood+1","floor":39},{"not_picked":["Hemokinesis","Second Wind","Corruption"],"picked":"SKIP","floor":40},{"not_picked":["Combust","Second Wind+1"],"picked":"Thunderclap+1","floor":42}],"player_experience":0,"relics_obtained":[{"floor":7,"key":"StoneCalendar"},{"floor":9,"key":"Vajra"},{"floor":10,"key":"Sundial"},{"floor":23,"key":"Ancient Tea Set"},{"floor":26,"key":"Oddly Smooth Stone"},{"floor":38,"key":"Gambling Chip"},{"floor":40,"key":"Letter Opener"},{"floor":43,"key":"PreservedInsect"}],"event_choices":[{"damage_healed":0,"gold_gain":175,"player_choice":"AGREE","damage_taken":0,"max_hp_gain":0,"max_hp_loss":0,"event_name":"Liars Game","floor":2,"gold_loss":0,"cards_obtained":["Doubt"]},{"damage_healed":0,"gold_gain":0,"player_choice":"Success","damage_taken":7,"relics_obtained":["Happy Flower"],"max_hp_gain":0,"max_hp_loss":0,"event_name":"Scrap Ooze","floor":3,"gold_loss":0},{"damage_healed":0,"gold_gain":0,"player_choice":"Upgraded Two","damage_taken":0,"max_hp_gain":0,"max_hp_loss":0,"event_name":"Designer","floor":20,"gold_loss":40,"cards_upgraded":["Flame Barrier","Twin Strike"]},{"damage_healed":0,"gold_gain":0,"player_choice":"Bought 0 Potions","damage_taken":0,"max_hp_gain":0,"max_hp_loss":0,"event_name":"The Woman in Blue","floor":31,"gold_loss":0},{"damage_healed":0,"gold_gain":0,"player_choice":"Fight","damage_taken":0,"max_hp_gain":0,"max_hp_loss":0,"event_name":"MindBloom","floor":38,"gold_loss":0}],"is_beta":false,"boss_relics":[{"not_picked":["Mark of Pain","Fusion Hammer"],"picked":"Black Blood"},{"not_picked":["Astrolabe","Empty Cage"],"picked":"Cursed Key"}],"items_purged_floors":[11],"is_endless":false,"potions_floor_spawned":[4,7,10,18,23,25,27,33,35,39,42],"killed_by":"Giant Head","ascension_level":0}}