{"host":"qheym18ww6mhskxf","time":1612177459,"event":{"mods":["100% Spire Juice","BaseMod","CapriCore","Friendly Minions","GungeonMod","KOR Keyword Fix","Kiyohime£¨?ýï£©","Minty Spire (QoL Compilation)","Prisma Mod","Quick Restart","RRrroohrrRGHHhhh!!","Rare Cards Sparkle","Shop Mod","Spicy Shops","StSLib","Td1madao Mod","The Dragon Tamer","Username Fix"],"gold_per_floor":[113,188,36,47,72,72,72,72],"floor_reached":7,"language":"KOR","playtime":513,"items_purged":["DemoMod:CrossBow"],"score":129,"play_id":"79224490-2ef2-4a0e-b3ad-834ce1ffe8e7","local_time":"20210201200419","daily_mods":["Time Dilation","DeadlyEvents","Elite Swarm"],"is_ascension_mode":true,"campfire_choices":[{"data":"DemoMod:ManualReload","floor":6,"key":"SMITH"}],"circlet_count":0,"master_deck":["DemoMod:Strike_Huntress","DemoMod:Strike_Huntress","DemoMod:Strike_Huntress","DemoMod:Defend_Huntress","DemoMod:Defend_Huntress","DemoMod:Defend_Huntress","DemoMod:Defend_Huntress","DemoMod:Roll","DemoMod:ManualReload+1","DemoMod:RustySidearm","PrismaMod:ChloeCheapAttackTwo"],"relics":["DemoMod:Dog","Frozen Eye","DemoMod:HoleyGrail"],"acts_visited":["Exordium"],"potions_floor_usage":[7],"damage_taken":[{"damage":3,"enemies":"2 Louse","floor":1,"turns":4},{"damage":2,"enemies":"Jaw Worm","floor":4,"turns":4},{"damage":12,"enemies":"Lagavulin","floor":7,"turns":5}],"seed_played":"3892517325181195733","potions_obtained":[{"floor":4,"key":"EssenceOfSteel"}],"is_trial":true,"path_per_floor":["M","?","$","M","T","R","E"],"character_chosen":"HUNTRESS","items_purchased":["Frozen Eye"],"campfire_rested":0,"item_purchase_floors":[3],"current_hp_per_floor":[60,49,49,47,47,47,35,35],"gold":72,"neow_bonus":"","is_daily":false,"chose_seed":false,"campfire_upgraded":1,"win_rate":0.0,"timestamp":1612177459,"path_taken":["M","?","$","M","?","R","E"],"items_purchased_type":["Relic"],"build_version":"2020-12-22","purchased_purges":1,"victory":false,"max_hp_per_floor":[70,70,70,70,70,70,70,70],"card_choices":[{"not_picked":["DemoMod:PotionOfGunFriendShip","PrismaMod:ChloeExhaustTwo"],"picked":"PrismaMod:ChloeCheapAttackTwo","floor":1},{"not_picked":["PrismaMod:ChloeCheapDefendTwo","DemoMod:BattleInHaste","DemoMod:ConditionalReflex"],"picked":"SKIP","floor":4}],"player_experience":465386,"relics_obtained":[{"floor":5,"key":"DemoMod:HoleyGrail"}],"event_choices":[{"damage_healed":0,"gold_gain":75,"player_choice":"Gather Gold","damage_taken":11,"max_hp_gain":0,"max_hp_loss":0,"event_name":"World of Goop","floor":2,"gold_loss":0}],"is_beta":false,"boss_relics":[],"items_purged_floors":[3],"is_endless":true,"potions_floor_spawned":[4],"killed_by":"Lagavulin","ascension_level":9}}