{"host":"c6u7e77myxvw4d0m","time":1612169189,"event":{"mods":["AchievementEnabler","BaseMod","Bestiary","Colored Map","Colored Powertips","Minty Spire (QoL Compilation)","Rare Cards Sparkle","Relic Stats","everything is the same but u backflip on backflip"],"gold_per_floor":[111,126,140,157,173,173,203,213,238,248,278,278,35,35,35,110,110,122,122,134,24,40,68,68,80,80,93,93,127,127,144,144,221,221,238,257,257,21,21,21,51,51,75,100,116,147,147,147],"floor_reached":47,"language":"ENG","playtime":2589,"items_purged":[],"score":1120,"play_id":"e11b00aa-16cc-4117-b912-3e4396c87aaa","local_time":"20210201104629","is_ascension_mode":true,"campfire_choices":[{"data":"Inflame","floor":6,"key":"SMITH"},{"data":"Whirlwind","floor":12,"key":"SMITH"},{"floor":15,"key":"REST"},{"floor":24,"key":"REST"},{"floor":32,"key":"REST"},{"data":"Shockwave","floor":40,"key":"SMITH"},{"floor":42,"key":"REST"}],"circlet_count":0,"master_deck":["AscendersBane","Strike_R","Strike_R","Strike_R+1","Strike_R","Strike_R","Defend_R","Defend_R","Defend_R","Defend_R","Bash","Clothesline","Shockwave+1","Inflame+1","Clash","Headbutt","Rampage+1","Reaper","Whirlwind+1","Apotheosis+1","Demon Form","Thunderclap","Disarm+1","Fire Breathing","Bludgeon","True Grit+1","Pummel","J.A.X.","Spot Weakness","Reaper","CurseOfTheBell","Carnage+1","Heavy Blade","Twin Strike","Pommel Strike","Corruption","Spot Weakness"],"relics":["Mark of Pain","Boot","Orichalcum","Whetstone","Snecko Eye","Smiling Mask","Red Skull","Bottled Lightning","Enchiridion","Bag of Marbles","Calling Bell","Akabeko","StrikeDummy","StoneCalendar","Bronze Scales","Lantern","War Paint","Oddly Smooth Stone","Blood Vial"],"acts_visited":["Exordium","TheCity","TheBeyond"],"potions_floor_usage":[7,10,11,20,20,22,23],"damage_taken":[{"damage":4,"enemies":"Jaw Worm","floor":1,"turns":5},{"damage":1,"enemies":"Cultist","floor":2,"turns":4},{"damage":0,"enemies":"2 Louse","floor":3,"turns":3},{"damage":11,"enemies":"2 Fungi Beasts","floor":4,"turns":3},{"damage":9,"enemies":"Exordium Wildlife","floor":5,"turns":3},{"damage":25,"enemies":"Lagavulin","floor":7,"turns":5},{"damage":14,"enemies":"Exordium Thugs","floor":8,"turns":5},{"damage":7,"enemies":"Blue Slaver","floor":10,"turns":3},{"damage":0,"enemies":"Gremlin Nob","floor":11,"turns":3},{"damage":37,"enemies":"Slime Boss","floor":16,"turns":7},{"damage":0,"enemies":"3 Byrds","floor":18,"turns":3},{"damage":22,"enemies":"Shell Parasite","floor":20,"turns":3},{"damage":14,"enemies":"Shelled Parasite and Fungi","floor":22,"turns":4},{"damage":55,"enemies":"Slavers","floor":23,"turns":5},{"damage":32,"enemies":"Cultist and Chosen","floor":25,"turns":6},{"damage":3,"enemies":"Snake Plant","floor":27,"turns":4},{"damage":4,"enemies":"Gremlin Leader","floor":29,"turns":4},{"damage":4,"enemies":"Sentry and Sphere","floor":31,"turns":5},{"damage":58,"enemies":"Champ","floor":33,"turns":7},{"damage":17,"enemies":"3 Shapes","floor":35,"turns":5},{"damage":0,"enemies":"3 Darklings","floor":36,"turns":2},{"damage":12,"enemies":"Nemesis","floor":41,"turns":3},{"damage":14,"enemies":"Giant Head","floor":44,"turns":5},{"damage":1,"enemies":"Jaw Worm Horde","floor":45,"turns":2},{"damage":51,"enemies":"Nemesis","floor":46,"turns":5},{"damage":39,"enemies":"Spire Growth","floor":47,"turns":3}],"seed_played":"5018241954047573282","potions_obtained":[{"floor":3,"key":"SmokeBomb"},{"floor":5,"key":"DistilledChaos"},{"floor":7,"key":"Energy Potion"},{"floor":8,"key":"Regen Potion"},{"floor":18,"key":"Fruit Juice"},{"floor":25,"key":"LiquidBronze"},{"floor":27,"key":"SteroidPotion"}],"is_trial":false,"path_per_floor":["M","M","M","M","M","R","E","M","T","M","E","R","$","?","R","B",null,"M","T","M","$","M","E","R","M","T","M","?","E","?","M","R","B",null,"M","M","?","$","?","R","E","R","T","E","M","E","M"],"character_chosen":"IRONCLAD","items_purchased":["Apotheosis","SkillPotion","Block Potion","PowerPotion","Bronze Scales","Twin Strike","Pommel Strike"],"campfire_rested":4,"item_purchase_floors":[13,13,21,21,38,38,38],"current_hp_per_floor":[64,63,63,52,43,43,18,4,4,12,22,22,22,22,44,13,60,75,75,58,58,64,33,57,53,53,71,50,46,46,42,66,32,68,80,80,80,80,80,80,68,80,80,70,76,25,0,0],"gold":147,"neow_bonus":"BOSS_RELIC","is_daily":false,"chose_seed":false,"campfire_upgraded":3,"win_rate":0.0,"timestamp":1612169189,"path_taken":["M","M","M","M","M","R","E","M","T","M","E","R","$","?","R","BOSS","M","?","?","$","M","E","R","M","T","M","?","E","?","M","R","BOSS","M","M","?","$","?","R","E","R","T","E","M","E","M"],"items_purchased_type":["Card","Potion","Potion","Potion","Relic","Card","Card"],"build_version":"2020-12-22","purchased_purges":0,"victory":false,"max_hp_per_floor":[75,75,75,75,75,75,75,75,75,75,75,75,75,75,75,75,75,75,75,80,80,80,80,80,80,80,80,80,80,80,80,80,80,80,80,80,80,80,80,80,80,80,80,80,80,80,80,80],"relic_stats":{"Blood Vial":2,"counters":[26,107],"Bronze Scales":[23],"Snecko Eye":[102,109,85,91],"StoneCalendar":[0],"Whetstone":["Rampage","Strike_R"],"Orichalcum":[210],"War Paint":["Disarm","True Grit"],"Boot":[68],"Smiling Mask":0,"obtain_stats":[{"Lantern":41,"Enchiridion":28,"Oddly Smooth Stone":44,"StoneCalendar":34,"Whetstone":11,"Orichalcum":9,"War Paint":43,"Boot":7,"Smiling Mask":19,"Burning Blood":0,"Akabeko":34,"Calling Bell":34,"Blood Vial":46,"Bronze Scales":38,"Snecko Eye":17,"Mark of Pain":0,"Bag of Marbles":29,"Bottled Lightning":26,"StrikeDummy":34,"Red Skull":23},{"Lantern":22,"Enchiridion":16,"Oddly Smooth Stone":23,"StoneCalendar":19,"Whetstone":9,"Orichalcum":7,"War Paint":22,"Boot":6,"Smiling Mask":11,"Burning Blood":0,"Akabeko":19,"Calling Bell":19,"Blood Vial":25,"Bronze Scales":21,"Snecko Eye":10,"Mark of Pain":0,"Bag of Marbles":17,"Bottled Lightning":15,"StrikeDummy":19,"Red Skull":14},{"Lantern":92,"Enchiridion":66,"Oddly Smooth Stone":97,"StoneCalendar":82,"Whetstone":34,"Orichalcum":28,"War Paint":92,"Boot":23,"Smiling Mask":44,"Burning Blood":0,"Akabeko":82,"Calling Bell":82,"Blood Vial":104,"Bronze Scales":89,"Snecko Eye":41,"Mark of Pain":0,"Bag of Marbles":70,"Bottled Lightning":62,"StrikeDummy":82,"Red Skull":56}]},"card_choices":[{"not_picked":["Armaments","Fire Breathing"],"picked":"Clothesline","floor":1},{"not_picked":["Sever Soul","Seeing Red"],"picked":"Shockwave","floor":2},{"not_picked":["Anger","Havoc"],"picked":"Inflame","floor":3},{"not_picked":["Shrug It Off","True Grit"],"picked":"Clash","floor":4},{"not_picked":["Dark Embrace","Infernal Blade"],"picked":"Headbutt","floor":5},{"not_picked":["Iron Wave","Dropkick"],"picked":"Rampage","floor":7},{"not_picked":["Headbutt","Heavy Blade"],"picked":"Reaper","floor":8},{"not_picked":["Pommel Strike","Twin Strike"],"picked":"Whirlwind","floor":10},{"not_picked":["Body Slam","Exhume","Headbutt"],"picked":"SKIP","floor":11},{"not_picked":["Fiend Fire","Bludgeon"],"picked":"Demon Form","floor":16},{"not_picked":["Clash","Ghostly Armor"],"picked":"Thunderclap","floor":18},{"not_picked":["Anger","Evolve+1"],"picked":"Disarm","floor":20},{"not_picked":["Armaments","Iron Wave"],"picked":"Fire Breathing","floor":22},{"not_picked":["Entrench","Metallicize"],"picked":"Bludgeon","floor":23},{"not_picked":["Havoc","Burning Pact"],"picked":"Carnage+1","floor":25},{"not_picked":["Rampage","Headbutt"],"picked":"True Grit","floor":27},{"not_picked":["Wild Strike","Seeing Red"],"picked":"Pummel","floor":29},{"not_picked":["Wild Strike","Intimidate"],"picked":"Spot Weakness","floor":31},{"not_picked":["Brutality","Fiend Fire"],"picked":"Reaper","floor":33},{"not_picked":["Shockwave+1","Reckless Charge"],"picked":"Carnage+1","floor":35},{"not_picked":["Headbutt","Anger"],"picked":"Heavy Blade","floor":36},{"not_picked":["Headbutt","Iron Wave"],"picked":"Corruption","floor":41},{"not_picked":["Iron Wave","Rage","Fiend Fire"],"picked":"SKIP","floor":44},{"not_picked":["Carnage+1","Headbutt"],"picked":"Spot Weakness","floor":45},{"not_picked":["Clash","Headbutt","Cleave"],"picked":"SKIP","floor":46}],"player_experience":596185,"relics_obtained":[{"floor":7,"key":"Boot"},{"floor":9,"key":"Orichalcum"},{"floor":11,"key":"Whetstone"},{"floor":19,"key":"Smiling Mask"},{"floor":23,"key":"Red Skull"},{"floor":26,"key":"Bottled Lightning"},{"floor":28,"key":"Enchiridion"},{"floor":29,"key":"Bag of Marbles"},{"floor":34,"key":"Akabeko"},{"floor":34,"key":"StrikeDummy"},{"floor":34,"key":"StoneCalendar"},{"floor":41,"key":"Lantern"},{"floor":43,"key":"War Paint"},{"floor":44,"key":"Oddly Smooth Stone"},{"floor":46,"key":"Blood Vial"}],"event_choices":[{"damage_healed":0,"gold_gain":0,"player_choice":"Upgraded","damage_taken":0,"max_hp_gain":0,"max_hp_loss":0,"event_name":"Upgrade Shrine","floor":14,"gold_loss":0,"cards_upgraded":["Apotheosis"]},{"damage_healed":0,"gold_gain":0,"player_choice":"Obtained Book","damage_taken":21,"max_hp_gain":0,"max_hp_loss":0,"event_name":"Cursed Tome","floor":28,"gold_loss":0},{"damage_healed":0,"gold_gain":0,"player_choice":"Obtain J.A.X.","damage_taken":0,"max_hp_gain":0,"max_hp_loss":0,"event_name":"Drug Dealer","floor":30,"gold_loss":0,"cards_obtained":["J.A.X."]},{"cards_removed":["Carnage"],"damage_healed":0,"gold_gain":0,"player_choice":"Removed Attack","damage_taken":0,"max_hp_gain":0,"max_hp_loss":0,"event_name":"Falling","floor":37,"gold_loss":0},{"damage_healed":0,"gold_gain":0,"player_choice":"Ignored","damage_taken":0,"max_hp_gain":0,"max_hp_loss":0,"event_name":"SecretPortal","floor":39,"gold_loss":0}],"is_beta":false,"boss_relics":[{"not_picked":["Runic Dome","Fusion Hammer"],"picked":"Snecko Eye"},{"not_picked":["Black Star","Philosopher\u0027s Stone"],"picked":"Calling Bell"}],"items_purged_floors":[],"is_endless":false,"potions_floor_spawned":[3,5,7,8,18,25,27,29,31,35,36,45,46],"killed_by":"Spire Growth","ascension_level":17}}