{"host":"tjq6rykv202u6iqx","time":1612196220,"event":{"mods":["AchievementEnabler","BaseMod","Minty Spire (QoL Compilation)","Rare Cards Sparkle","Relic Stats"],"gold_per_floor":[116,266,16,35,45,45,62,62,85,117,117,131,175,202,202,304,304,326,326,351,369,12,12,21,21,21,21,49,90,138,168,168,252,252,307,330,379,24,73,108,108,108,108,172,172,266,266,351,351,351,381,381,381,0,68,98],"floor_reached":57,"language":"ENG","playtime":8077,"items_purged":["Doubt","Defend_P","Defend_P","Strike_P"],"score":2890,"play_id":"6217f09e-fd69-4a19-b840-e2611a55c0ec","local_time":"20210201101700","is_ascension_mode":true,"campfire_choices":[{"data":"Tantrum","floor":6.0,"key":"SMITH"},{"data":"Adaptation","floor":8.0,"key":"SMITH"},{"data":"TalkToTheHand","floor":15.0,"key":"SMITH"},{"data":"ThirdEye","floor":23.0,"key":"SMITH"},{"data":"ThirdEye","floor":25.0,"key":"SMITH"},{"data":"Wish","floor":32.0,"key":"SMITH"},{"data":"Omniscience","floor":42,"key":"SMITH"},{"floor":47,"key":"RECALL"},{"data":"Eruption","floor":49,"key":"SMITH"},{"data":"Halt","floor":53,"key":"SMITH"}],"circlet_count":0,"master_deck":["AscendersBane","Strike_P","Strike_P+1","Strike_P+1","Defend_P+1","Defend_P","Eruption+1","Vigilance+1","FlurryOfBlows+1","Tantrum+1","Adaptation+1","FearNoEvil+1","FollowUp+1","DeceiveReality+1","EmptyBody+1","TalkToTheHand+1","BowlingBash+1","ThirdEye+1","Consecrate+1","Vengeance+1","TalkToTheHand+1","InnerPeace","ThirdEye+1","J.A.X.+1","Wish+1","Wallop+1","Halt+1","Vault+1","FlurryOfBlows+1","MentalFortress+1","CrushJoints+1","Omniscience+1","CutThroughFate+1","InnerPeace+1","WaveOfTheHand"],"relics":["PureWater","MealTicket","Toy Ornithopter","Bloody Idol","CeramicFish","VioletLotus","DollysMirror","The Courier","Bronze Scales","Molten Egg 2","Runic Pyramid","Nunchaku","Bag of Marbles","Pocketwatch","InkBottle","Vajra","Bottled Flame","ClockworkSouvenir","Bag of Preparation","Anchor"],"acts_visited":["Exordium","TheCity","TheBeyond","TheEnding"],"potions_floor_usage":[44,51,56],"damage_taken":[{"damage":5.0,"enemies":"2 Louse","floor":1.0,"turns":4.0},{"damage":0.0,"enemies":"Small Slimes","floor":4.0,"turns":2.0},{"damage":7.0,"enemies":"Jaw Worm","floor":5.0,"turns":3.0},{"damage":0.0,"enemies":"Large Slime","floor":7.0,"turns":2.0},{"damage":3.0,"enemies":"Lagavulin","floor":10.0,"turns":4.0},{"damage":1.0,"enemies":"3 Louse","floor":12.0,"turns":2.0},{"damage":6.0,"enemies":"3 Sentries","floor":13.0,"turns":5.0},{"damage":0.0,"enemies":"Looter","floor":14.0,"turns":2.0},{"damage":10.0,"enemies":"The Guardian","floor":16.0,"turns":11.0},{"damage":3.0,"enemies":"3 Byrds","floor":18.0,"turns":6.0},{"damage":19.0,"enemies":"2 Thieves","floor":20.0,"turns":4.0},{"damage":2.0,"enemies":"3 Cultists","floor":21.0,"turns":5.0},{"damage":0.0,"enemies":"Cultist and Chosen","floor":28.0,"turns":4.0},{"damage":22.0,"enemies":"Book of Stabbing","floor":29.0,"turns":4.0},{"damage":17.0,"enemies":"Chosen and Byrds","floor":30.0,"turns":4.0},{"damage":25.0,"enemies":"Slavers","floor":31.0,"turns":4.0},{"damage":21.0,"enemies":"Automaton","floor":33.0,"turns":10.0},{"damage":7.0,"enemies":"3 Darklings","floor":35.0,"turns":7.0},{"damage":6.0,"enemies":"Orb Walker","floor":36.0,"turns":4.0},{"damage":29.0,"enemies":"4 Shapes","floor":37.0,"turns":9.0},{"damage":0.0,"enemies":"Maw","floor":39.0,"turns":7.0},{"damage":3,"enemies":"Giant Head","floor":40,"turns":8},{"damage":11,"enemies":"Reptomancer","floor":44,"turns":7},{"damage":11,"enemies":"Giant Head","floor":46,"turns":6},{"damage":3,"enemies":"Nemesis","floor":48,"turns":6},{"damage":5,"enemies":"Time Eater","floor":50,"turns":5},{"damage":55,"enemies":"Donu and Deca","floor":51,"turns":8},{"damage":24,"enemies":"Shield and Spear","floor":55,"turns":5},{"damage":30,"enemies":"The Heart","floor":56,"turns":8}],"seed_played":"-2258423894774254727","potions_obtained":[{"floor":4.0,"key":"Ancient Potion"},{"floor":14.0,"key":"Swift Potion"},{"floor":16.0,"key":"BottledMiracle"},{"floor":20.0,"key":"ColorlessPotion"},{"floor":21.0,"key":"GamblersBrew"},{"floor":30.0,"key":"Dexterity Potion"},{"floor":33.0,"key":"EssenceOfSteel"},{"floor":35.0,"key":"DistilledChaos"},{"floor":37.0,"key":"BottledMiracle"},{"floor":46,"key":"Strength Potion"}],"is_trial":false,"path_per_floor":["M","?","$","M","M","R","M","R","T","E","?","M","E","M","R","B",null,"M","?","M","M","$","R","?","R","T","?","M","E","M","E","R","B",null,"M","M","M","$","M","E","?","R","T","E","?","E","R","E","R","B","B",null,"R","$","E","B",null],"character_chosen":"WATCHER","items_purchased":["Tantrum","Adaptation","DollysMirror","InnerPeace","ThirdEye","Nunchaku","Bag of Marbles","ClockworkSouvenir","Bag of Preparation"],"campfire_rested":0,"item_purchase_floors":[3,3,22,22,22,38,38,54,54],"current_hp_per_floor":[62,62,62,62,55,55,55,55,55,52,52,51,45,45,45,40,60,57,57,58,61,67,67,67,67,67,67,67,61,59,39,39,28,57,65,67,43,58,67,67,67,67,67,67,77,76,76,77,77,72,27,65,65,77,68,48],"gold":98,"neow_bonus":"TEN_PERCENT_HP_BONUS","is_daily":false,"chose_seed":false,"campfire_upgraded":9,"win_rate":0.0,"timestamp":1612196220,"path_taken":["M","?","$","M","M","R","M","R","T","E","?","?","E","M","R","BOSS","M","?","M","M","$","R","?","R","T","?","M","E","M","E","R","BOSS","M","M","M","?","M","E","?","R","T","E","?","E","R","E","R","BOSS","BOSS","R","$","E","BOSS"],"items_purchased_type":["Card","Card","Relic","Card","Card","Relic","Relic","Relic","Relic"],"build_version":"2020-12-22","purchased_purges":4,"victory":true,"max_hp_per_floor":[74,74,74,74,74,74,74,74,74,74,67,67,67,67,67,67,67,67,67,67,67,67,67,67,67,67,67,67,67,67,67,67,67,67,67,67,67,67,67,67,67,67,67,67,77,77,77,77,77,77,77,77,77,77,77,77],"relic_stats":{"Nunchaku":[23],"counters":[29,156],"Bloody Idol":149,"CeramicFish":180,"Bronze Scales":[300],"MealTicket":33,"VioletLotus":[54],"Bag of Preparation":[4],"obtain_stats":[{"Golden Idol":11,"CeramicFish":13,"Vajra":46,"The Courier":26,"Bag of Preparation":54,"ClockworkSouvenir":54,"Nunchaku":38,"Bottled Flame":48,"Anchor":55,"DollysMirror":22,"Bloody Idol":19,"Bronze Scales":29,"MealTicket":9,"Molten Egg 2":31,"VioletLotus":17,"Bag of Marbles":38,"PureWater":0,"Toy Ornithopter":10,"InkBottle":44,"Runic Pyramid":34,"Pocketwatch":40},{"Golden Idol":5,"CeramicFish":7,"Vajra":24,"The Courier":12,"Bag of Preparation":27,"ClockworkSouvenir":27,"Nunchaku":20,"Bottled Flame":25,"Anchor":28,"DollysMirror":12,"Bloody Idol":10,"Bronze Scales":14,"MealTicket":4,"Molten Egg 2":16,"VioletLotus":9,"Bag of Marbles":20,"PureWater":0,"Toy Ornithopter":5,"InkBottle":23,"Runic Pyramid":17,"Pocketwatch":22},{"Golden Idol":15,"CeramicFish":22,"Vajra":124,"The Courier":50,"Bag of Preparation":143,"ClockworkSouvenir":143,"Nunchaku":96,"Bottled Flame":130,"Anchor":148,"DollysMirror":50,"Bloody Idol":41,"Bronze Scales":58,"MealTicket":11,"Molten Egg 2":66,"VioletLotus":35,"Bag of Marbles":96,"PureWater":0,"Toy Ornithopter":15,"InkBottle":118,"Runic Pyramid":76,"Pocketwatch":111}],"Toy Ornithopter":27,"InkBottle":[24],"Pocketwatch":[2]},"card_choices":[{"not_picked":["Halt","WaveOfTheHand"],"picked":"FlurryOfBlows","floor":1.0},{"not_picked":["ClearTheMind","EmptyFist"],"picked":"FearNoEvil","floor":4.0},{"not_picked":["MasterReality","Weave"],"picked":"FollowUp","floor":5.0},{"not_picked":["Nirvana","Weave"],"picked":"DeceiveReality","floor":7.0},{"not_picked":["Worship","Protect"],"picked":"EmptyBody","floor":10.0},{"not_picked":["Study","FlurryOfBlows"],"picked":"TalkToTheHand","floor":12.0},{"not_picked":["Crescendo","Protect"],"picked":"BowlingBash","floor":13.0},{"not_picked":["Nirvana","Sanctity"],"picked":"ThirdEye","floor":14.0},{"not_picked":["Omniscience","Blasphemy"],"picked":"LessonLearned","floor":16.0},{"not_picked":["Fasting2","JustLucky+1"],"picked":"Consecrate+1","floor":18.0},{"not_picked":["Crescendo","Prostrate"],"picked":"Vengeance","floor":20.0},{"not_picked":["Evaluate","BowlingBash","SignatureMove"],"picked":"SKIP","floor":21.0},{"not_picked":["Worship","Indignation"],"picked":"Wish","floor":28.0},{"not_picked":["SashWhip","Collect+1"],"picked":"Wallop","floor":29.0},{"not_picked":["Consecrate","Nirvana"],"picked":"Halt","floor":30.0},{"not_picked":["SignatureMove+1","LikeWater","Consecrate+1"],"picked":"SKIP","floor":31.0},{"not_picked":["Judgement","Devotion"],"picked":"Vault","floor":33.0},{"not_picked":["Protect","Wallop+1"],"picked":"FlurryOfBlows+1","floor":35.0},{"not_picked":["PathToVictory","CrushJoints+1"],"picked":"MentalFortress+1","floor":36.0},{"not_picked":["Perseverance","FlyingSleeves+1","Sanctity"],"picked":"SKIP","floor":37.0},{"not_picked":["Protect","Collect+1"],"picked":"CrushJoints+1","floor":39.0},{"not_picked":["InnerPeace+1","JustLucky+1"],"picked":"Omniscience","floor":40},{"not_picked":["Vengeance","Worship+1"],"picked":"CutThroughFate+1","floor":44},{"not_picked":["Wallop+1","CarveReality+1"],"picked":"InnerPeace+1","floor":46},{"not_picked":["BowlingBash+1","Evaluate","Conclude+1"],"picked":"SKIP","floor":48},{"not_picked":["Crescendo+1","FollowUp+1"],"picked":"WaveOfTheHand","floor":55}],"player_experience":904724,"relics_obtained":[{"floor":9.0,"key":"MealTicket"},{"floor":10.0,"key":"Toy Ornithopter"},{"floor":13.0,"key":"CeramicFish"},{"floor":26.0,"key":"The Courier"},{"floor":29.0,"key":"Bronze Scales"},{"floor":31.0,"key":"Molten Egg 2"},{"floor":40,"key":"Pocketwatch"},{"floor":44,"key":"InkBottle"},{"floor":46,"key":"Vajra"},{"floor":48,"key":"Bottled Flame"},{"floor":55,"key":"Anchor"}],"event_choices":[{"damage_healed":0.0,"max_hp_gain":0.0,"max_hp_loss":0.0,"gold_gain":150.0,"event_name":"Liars Game","player_choice":"AGREE","floor":2.0,"gold_loss":0.0,"damage_taken":0.0,"cards_obtained":["Doubt"]},{"damage_healed":0.0,"max_hp_gain":0.0,"max_hp_loss":7.0,"gold_gain":0.0,"event_name":"Golden Idol","player_choice":"Lose Max HP","floor":11.0,"gold_loss":0.0,"damage_taken":0.0,"relics_obtained":["Golden Idol"]},{"damage_healed":0.0,"max_hp_gain":0.0,"max_hp_loss":0.0,"gold_gain":0.0,"event_name":"Forgotten Altar","player_choice":"Gave Idol","floor":19.0,"relics_lost":["Golden Idol"],"gold_loss":0.0,"damage_taken":0.0,"relics_obtained":["Bloody Idol"]},{"damage_healed":0.0,"max_hp_gain":0.0,"max_hp_loss":0.0,"gold_gain":0.0,"event_name":"Drug Dealer","player_choice":"Obtain J.A.X.","floor":24.0,"gold_loss":0.0,"damage_taken":0.0,"cards_obtained":["J.A.X."]},{"damage_healed":0.0,"max_hp_gain":0.0,"max_hp_loss":0.0,"gold_gain":0.0,"event_name":"Accursed Blacksmith","player_choice":"Forge","floor":27.0,"gold_loss":0.0,"damage_taken":0.0,"cards_upgraded":["BowlingBash"]},{"damage_healed":0,"gold_gain":0,"player_choice":"Ignored","damage_taken":0,"max_hp_gain":0,"max_hp_loss":0,"event_name":"Tomb of Lord Red Mask","floor":41,"gold_loss":0},{"cards_removed":["LessonLearned"],"damage_healed":0,"gold_gain":0,"player_choice":"Offered Rare","damage_taken":0,"max_hp_gain":10,"max_hp_loss":0,"event_name":"Bonfire Elementals","floor":45,"gold_loss":0}],"is_beta":false,"boss_relics":[{"not_picked":["Velvet Choker","Coffee Dripper"],"picked":"VioletLotus"},{"not_picked":["Empty Cage","Busted Crown"],"picked":"Runic Pyramid"}],"items_purged_floors":[3,22,38,54],"is_endless":false,"potions_floor_spawned":[4,14,16,20,21,30,33,35,37,46],"ascension_level":20}}