{"host":"a5lz0e76zb3fcwkm","time":1612197574,"event":{"mods":["AchievementEnabler","BaseMod","Colored Map","Colored Powertips","Minty Spire (QoL Compilation)","StSLib","SuperFastMode"],"gold_per_floor":[119,119,119,269,11,11,27,61,129,8,58,69,69,99,99,171,171,188,188,202,217,18,53,72,82,131,165,165,194,111,111,111,183,183,202,120,145,145,160,160,193,205,217,247,294,306,335,358,370,382,394,406,418,219,247,247],"floor_reached":57,"language":"KOR","playtime":3167,"items_purged":["Doubt","Strike_B","Strike_B","Self Repair"],"score":2912,"play_id":"92f3d32b-b610-4e55-be06-ee2f12f9c504","local_time":"20210202013934","is_ascension_mode":true,"campfire_choices":[{"data":"Apotheosis","floor":6.0,"key":"SMITH"},{"floor":13.0,"key":"RECALL"},{"data":"Dualcast","floor":15.0,"key":"SMITH"},{"data":"Seek","floor":32,"key":"SMITH"},{"data":"Reboot","floor":40,"key":"SMITH"},{"data":"Consume","floor":42,"key":"SMITH"},{"floor":46,"key":"REST"},{"floor":49,"key":"REST"},{"floor":53,"key":"REST"}],"circlet_count":0,"master_deck":["AscendersBane","Zap","Dualcast+1","Genetic Algorithm","Apotheosis+1","Cold Snap","Redo","Compile Driver","Reboot+1","Coolheaded","Defragment","Seek+1","Cold Snap","Glacier","Darkness","Chill","Capacitor","Biased Cognition+1","Lockon+1","Compile Driver+1","Redo","Consume+1","Turbo+1","Electrodynamics","Force Field","Compile Driver"],"relics":["Cracked Core","NeowsBlessing","Membership Card","Symbiotic Virus","HornCleat","PreservedInsect","Singing Bowl","Inserter","Bag of Preparation","Bronze Scales","Red Mask","Pear","Enchiridion","Astrolabe","Emotion Chip","MawBank","Blood Vial","DataDisk","Blue Candle"],"acts_visited":["Exordium","TheCity","TheBeyond","TheEnding"],"potions_floor_usage":[23,27,33],"damage_taken":[{"damage":0.0,"enemies":"Jaw Worm","floor":1.0,"turns":1.0},{"damage":0.0,"enemies":"2 Louse","floor":7.0,"turns":1.0},{"damage":0.0,"enemies":"3 Sentries","floor":8.0,"turns":1.0},{"damage":0.0,"enemies":"Cultist","floor":12.0,"turns":3.0},{"damage":0.0,"enemies":"Gremlin Nob","floor":14.0,"turns":3.0},{"damage":9.0,"enemies":"The Guardian","floor":16.0,"turns":11.0},{"damage":0,"enemies":"3 Byrds","floor":18,"turns":5},{"damage":10,"enemies":"Shell Parasite","floor":20,"turns":3},{"damage":34,"enemies":"Snake Plant","floor":21,"turns":5},{"damage":26,"enemies":"Slavers","floor":23,"turns":6},{"damage":0,"enemies":"3 Cultists","floor":24,"turns":6},{"damage":27,"enemies":"Shelled Parasite and Fungi","floor":25,"turns":6},{"damage":0,"enemies":"Masked Bandits","floor":27,"turns":4},{"damage":0,"enemies":"Book of Stabbing","floor":29,"turns":4},{"damage":23,"enemies":"Champ","floor":33,"turns":8},{"damage":1,"enemies":"3 Darklings","floor":35,"turns":5},{"damage":16,"enemies":"Mind Bloom Boss Battle","floor":37,"turns":7},{"damage":0,"enemies":"Orb Walker","floor":39,"turns":3},{"damage":46,"enemies":"Nemesis","floor":41,"turns":5},{"damage":15,"enemies":"Transient","floor":44,"turns":6},{"damage":23,"enemies":"Giant Head","floor":45,"turns":5},{"damage":0,"enemies":"Spire Growth","floor":47,"turns":5},{"damage":17,"enemies":"Sphere and 2 Shapes","floor":48,"turns":4},{"damage":24,"enemies":"Awakened One","floor":50,"turns":9},{"damage":26,"enemies":"Time Eater","floor":51,"turns":9},{"damage":43,"enemies":"Shield and Spear","floor":55,"turns":2},{"damage":34,"enemies":"The Heart","floor":56,"turns":11}],"seed_played":"-1600773450933290036","potions_obtained":[{"floor":8.0,"key":"FairyPotion"},{"floor":20,"key":"FocusPotion"},{"floor":23,"key":"FocusPotion"},{"floor":27,"key":"AttackPotion"},{"floor":33,"key":"SneckoOil"}],"is_trial":false,"path_per_floor":["M","?","?","?","$","R","M","E","T","$","?","M","R","E","R","B",null,"M","?","M","M","$","E","M","M","T","?","?","E","$","?","R","B",null,"M","$","?","?","M","R","E","R","T","M","E","R","M","M","R","B","B",null,"R","$","E","B",null],"character_chosen":"DEFECT","items_purchased":["Membership Card","Apotheosis","PreservedInsect","Defragment","Seek","Cold Snap","Capacitor","Redo","FairyPotion","DataDisk","Force Field","Compile Driver"],"campfire_rested":3,"item_purchase_floors":[5,5,10,22,22,22,30,36,36,54,54,54],"current_hp_per_floor":[64,64,69,69,69,69,69,69,69,69,69,69,69,69,69,60,72,72,72,74,47,47,31,43,28,28,30,30,52,52,31,31,17,78,89,89,85,79,91,91,55,55,55,42,19,50,64,59,91,79,65,97,108,108,67,35],"gold":247,"neow_bonus":"THREE_ENEMY_KILL","is_daily":false,"chose_seed":false,"campfire_upgraded":5,"win_rate":0.0,"timestamp":1612197574,"path_taken":["M","?","?","?","$","R","M","E","T","?","?","?","R","E","R","BOSS","M","?","M","M","$","E","M","M","T","?","?","E","$","?","R","BOSS","M","$","?","?","M","R","E","R","T","?","E","R","M","M","R","BOSS","BOSS","R","$","E","BOSS"],"items_purchased_type":["Relic","Card","Relic","Card","Card","Card","Card","Card","Potion","Relic","Card","Card"],"build_version":"2020-12-22","purchased_purges":4,"victory":true,"max_hp_per_floor":[71,71,76,76,76,76,76,76,76,76,76,76,76,76,76,76,76,76,76,78,78,78,78,80,82,82,84,84,96,96,96,96,98,98,100,100,102,102,104,104,104,104,104,106,106,106,108,108,108,108,108,108,108,108,110,110],"card_choices":[{"not_picked":["Stack","Compile Driver"],"picked":"Genetic Algorithm","floor":1.0},{"not_picked":["Compile Driver","Streamline","Scrape"],"picked":"SKIP","floor":7.0},{"not_picked":["Biased Cognition","Barrage"],"picked":"Cold Snap","floor":8.0},{"not_picked":["Gash","Auto Shields"],"picked":"Redo","floor":12.0},{"not_picked":["Hello World","Redo"],"picked":"Compile Driver","floor":14.0},{"not_picked":["Thunder Strike","Rainbow"],"picked":"Reboot","floor":16.0},{"not_picked":["Doom and Gloom","Beam Cell"],"picked":"Self Repair","floor":18},{"not_picked":["Stack","Streamline","Redo"],"picked":"Singing Bowl","floor":20},{"not_picked":["Genetic Algorithm","Undo"],"picked":"Coolheaded","floor":21},{"not_picked":["Double Energy","Gash"],"picked":"Glacier","floor":23},{"not_picked":["Cold Snap","Sweeping Beam","Coolheaded"],"picked":"Singing Bowl","floor":24},{"not_picked":["Stack","Streamline","Self Repair+1"],"picked":"Singing Bowl","floor":25},{"not_picked":["Leap","Hyperbeam","Coolheaded"],"picked":"Singing Bowl","floor":27},{"not_picked":["Machine Learning","Streamline","Tempest+1"],"picked":"Singing Bowl","floor":29},{"not_picked":["All For One","Machine Learning","Hyperbeam"],"picked":"Singing Bowl","floor":33},{"not_picked":["Reprogram","Steam","Gash"],"picked":"Singing Bowl","floor":35},{"not_picked":["Blizzard","Streamline","Cold Snap"],"picked":"Singing Bowl","floor":37},{"not_picked":["Sweeping Beam+1","Coolheaded","Chaos"],"picked":"Singing Bowl","floor":39},{"not_picked":["Hologram","Self Repair"],"picked":"Consume","floor":41},{"not_picked":["Chill","Darkness","Beam Cell"],"picked":"Singing Bowl","floor":44},{"not_picked":["Redo","Cold Snap+1"],"picked":"Turbo+1","floor":45},{"not_picked":["Stack","Beam Cell","Conserve Battery"],"picked":"Singing Bowl","floor":47},{"not_picked":["Ball Lightning","Coolheaded+1"],"picked":"Electrodynamics","floor":48},{"not_picked":["Barrage","Reprogram+1","Conserve Battery"],"picked":"Singing Bowl","floor":55}],"player_experience":1828435,"relics_obtained":[{"floor":8.0,"key":"Symbiotic Virus"},{"floor":9.0,"key":"HornCleat"},{"floor":14.0,"key":"Singing Bowl"},{"floor":23,"key":"Bag of Preparation"},{"floor":26,"key":"Bronze Scales"},{"floor":27,"key":"Red Mask"},{"floor":29,"key":"Pear"},{"floor":31,"key":"Enchiridion"},{"floor":37,"key":"Emotion Chip"},{"floor":41,"key":"MawBank"},{"floor":45,"key":"Blood Vial"},{"floor":55,"key":"Blue Candle"}],"event_choices":[{"cards_removed":["Strike_B"],"damage_healed":0.0,"max_hp_gain":0.0,"max_hp_loss":0.0,"gold_gain":0.0,"event_name":"Living Wall","player_choice":"Forget","floor":2.0,"gold_loss":0.0,"damage_taken":0.0},{"damage_healed":0.0,"max_hp_gain":5.0,"max_hp_loss":0.0,"gold_gain":0.0,"event_name":"Big Fish","player_choice":"Donut","floor":3.0,"gold_loss":0.0,"damage_taken":0.0},{"damage_healed":0.0,"max_hp_gain":0.0,"max_hp_loss":0.0,"gold_gain":150.0,"event_name":"Liars Game","player_choice":"AGREE","floor":4.0,"gold_loss":0.0,"damage_taken":0.0,"cards_obtained":["Doubt"]},{"damage_healed":0.0,"max_hp_gain":0.0,"max_hp_loss":0.0,"gold_gain":50.0,"event_name":"Golden Shrine","player_choice":"Pray","floor":11.0,"gold_loss":0.0,"damage_taken":0.0},{"damage_healed":0,"gold_gain":0,"player_choice":"Ignored","damage_taken":0,"max_hp_gain":0,"max_hp_loss":0,"event_name":"The Mausoleum","floor":19,"gold_loss":0},{"damage_healed":0,"gold_gain":0,"player_choice":"Fought Bandits","damage_taken":0,"max_hp_gain":0,"max_hp_loss":0,"event_name":"Masked Bandits","floor":27,"gold_loss":0},{"damage_healed":0,"gold_gain":0,"cards_transformed":["Strike_B","Defend_B"],"player_choice":"Became Test Subject","damage_taken":0,"max_hp_gain":0,"max_hp_loss":0,"event_name":"Drug Dealer","floor":28,"gold_loss":0,"cards_obtained":["Darkness","Chill"]},{"damage_healed":0,"gold_gain":0,"player_choice":"Obtained Book","damage_taken":21,"max_hp_gain":0,"max_hp_loss":0,"event_name":"Cursed Tome","floor":31,"gold_loss":0},{"damage_healed":0,"gold_gain":0,"player_choice":"Fight","damage_taken":0,"max_hp_gain":0,"max_hp_loss":0,"event_name":"MindBloom","floor":37,"gold_loss":0},{"damage_healed":0,"gold_gain":0,"player_choice":"Bought 0 Potions","damage_taken":0,"max_hp_gain":0,"max_hp_loss":0,"event_name":"The Woman in Blue","floor":38,"gold_loss":0}],"is_beta":false,"boss_relics":[{"not_picked":["Philosopher\u0027s Stone","Pandora\u0027s Box"],"picked":"Inserter"},{"not_picked":["Black Star","Velvet Choker"],"picked":"Astrolabe"}],"items_purged_floors":[10,22,30,54],"is_endless":false,"potions_floor_spawned":[8,20,21,23,27,33,39,41,44,48],"ascension_level":20}}