{"host":"1dz819zv7fs9tsdy","time":1612167765,"event":{"mods":["AchievementEnabler","BaseMod","Colored Powertips","Curses Come First","Minty Spire (QoL Compilation)","Rare Cards Sparkle","Replay The Spire","Shop Mod","StSLib"],"gold_per_floor":[115,115,115,115,133,78,94,94,126,144,219,252,252,270,297,499,499,600,600,621,176,223,1,28,38,38],"floor_reached":25,"language":"ENG","playtime":1361,"items_purged":["Doubt"],"score":252,"play_id":"ba89adeb-6d00-4004-b7d2-359c19386da9","local_time":"20210201082245","is_ascension_mode":true,"campfire_choices":[{"data":"Flex","floor":8,"key":"SMITH"},{"data":"Feed","floor":13,"key":"SMITH"},{"floor":17,"key":"REST"}],"circlet_count":0,"master_deck":["Strike_R","Strike_R","Strike_R","Strike_R","Strike_R","Defend_R","Defend_R","Defend_R","Defend_R","Bash","Ghostly Armor","Flex","Dark Embrace+1","Flex+1","Feed+1","Life Link","Bloodletting","Seeing Red","Metallicize","ReplayTheSpireMod:Splinters","Perfected Strike","Replay:Many Hands","Writhe","Sickly","Anger","Inflame+1","Flex+1","Armaments","True Grit"],"relics":["Burning Blood","NeowsBlessing","Another Sword","PreservedInsect","WingedGreaves","Replay:Ancient Bell","Replay:Bandana","Matryoshka","Torii","Golden Egg","Red Mask","Membership Card","Replay:Baseball"],"acts_visited":["Exordium","TheCity"],"potions_floor_usage":[9,18,18,22,25],"damage_taken":[{"damage":0,"enemies":"Small Slimes","floor":1,"turns":1},{"damage":0,"enemies":"Cultist","floor":5,"turns":1},{"damage":0,"enemies":"Jaw Worm","floor":7,"turns":1},{"damage":30,"enemies":"Gremlin Nob","floor":9,"turns":4},{"damage":13,"enemies":"Blue Slaver","floor":10,"turns":3},{"damage":14,"enemies":"Replay:BlueRogue","floor":12,"turns":4},{"damage":15,"enemies":"Large Slime","floor":14,"turns":5},{"damage":13,"enemies":"Gremlin Nob","floor":15,"turns":3},{"damage":64,"enemies":"Hexaghost","floor":18,"turns":12},{"damage":42,"enemies":"Shell Parasite","floor":20,"turns":6},{"damage":63,"enemies":"Masked Bandits","floor":22,"turns":6},{"damage":10,"enemies":"Chosen","floor":24,"turns":4},{"damage":32,"enemies":"Slavers","floor":25,"turns":2}],"seed_played":"-8065273420409145218","potions_obtained":[{"floor":1,"key":"Block Potion"},{"floor":2,"key":"BloodPotion"},{"floor":2,"key":"SpeedPotion"},{"floor":7,"key":"Fire Potion"},{"floor":9,"key":"PowerPotion"},{"floor":14,"key":"FairyPotion"},{"floor":18,"key":"SkillPotion"},{"floor":24,"key":"Swift Potion"}],"is_trial":false,"path_per_floor":["M","?","PTL","PTL","M","$","M","R","E","M","T","E","R","M","E","?","R","B",null,"M","$","?","$","M","E"],"character_chosen":"IRONCLAD","items_purchased":["Dark Embrace+1","Golden Egg","Inflame","Flex","Membership Card","Replay:Baseball"],"campfire_rested":1,"item_purchase_floors":[6,21,21,21,23,23],"current_hp_per_floor":[80,80,80,80,80,80,80,80,56,49,49,41,41,36,33,33,59,18,88,52,52,33,33,29,0,0],"gold":38,"neow_bonus":"THREE_ENEMY_KILL","is_daily":false,"chose_seed":false,"campfire_upgraded":2,"win_rate":0.0,"timestamp":1612167765,"path_taken":["M","?","PTL","PTL","?","?","M","R","E","M","T","E","R","M","E","?","R","BOSS","M","$","?","$","M","E"],"items_purchased_type":["Card","Relic","Card","Card","Relic","Relic"],"build_version":"2020-12-22","purchased_purges":1,"victory":false,"max_hp_per_floor":[80,80,80,80,80,80,80,80,80,80,80,80,80,84,88,88,88,88,88,88,88,92,92,92,92,92],"card_choices":[{"not_picked":["Entrench","Warcry"],"picked":"Ghostly Armor","floor":1},{"not_picked":["Body Slam","True Grit"],"picked":"Flex","floor":5},{"not_picked":["Clash","Armaments"],"picked":"Flex","floor":7},{"not_picked":["Power Through","Clothesline"],"picked":"Feed","floor":9},{"not_picked":["Abandon","Perfected Strike"],"picked":"Life Link","floor":10},{"not_picked":["Ghostly Armor","Disarm"],"picked":"Bloodletting","floor":12},{"not_picked":["ReplayTheSpireMod:Strike From Hell","Rage"],"picked":"Seeing Red","floor":14},{"not_picked":["Run Through","ReplayTheSpireMod:Limb From Limb"],"picked":"Metallicize","floor":15},{"not_picked":["Run Through","Entrench"],"picked":"Perfected Strike","floor":16},{"not_picked":["Limit Break","Bludgeon"],"picked":"Replay:Many Hands","floor":18},{"not_picked":["Parasite","Amnesia"],"picked":"Writhe","floor":19},{"not_picked":["ReplayTheSpireMod:Faulty Equipment","Pain"],"picked":"Sickly","floor":19},{"not_picked":["Decay","Shame"],"picked":"Doubt","floor":19},{"not_picked":["True Grit","Burning Pact"],"picked":"Anger","floor":20},{"not_picked":["Run Through","Thunderclap"],"picked":"Armaments","floor":22},{"not_picked":["Body Slam","Armaments"],"picked":"True Grit","floor":24}],"player_experience":384031,"relics_obtained":[{"floor":9,"key":"Another Sword"},{"floor":12,"key":"PreservedInsect"},{"floor":15,"key":"WingedGreaves"},{"floor":22,"key":"Red Mask"}],"event_choices":[{"damage_healed":0,"gold_gain":0,"player_choice":"Got Potions","damage_taken":0,"max_hp_gain":0,"max_hp_loss":0,"event_name":"Lab","floor":2,"gold_loss":0},{"damage_healed":0,"gold_gain":0,"player_choice":"Fought Bandits","damage_taken":0,"max_hp_gain":0,"max_hp_loss":0,"event_name":"Masked Bandits","floor":22,"gold_loss":0}],"is_beta":false,"boss_relics":[{"not_picked":["Painkiller Herb","Runic Cube"],"picked":"Replay:Ancient Bell"},{"not_picked":["Replay:Mystery Machine","ReplayTheSpireMod:Lightbulb"],"picked":"Replay:Bandana"},{"not_picked":["ReplayTheSpireMod:Ninjato","HornCleat"],"picked":"Matryoshka"},{"not_picked":["Calipers","Peace Pipe"],"picked":"Torii"}],"items_purged_floors":[21],"is_endless":false,"potions_floor_spawned":[1,7,9,14,18,24],"killed_by":"Slavers","ascension_level":3}}