{"host":"7oiwk103j2prpym5","time":1612142883,"event":{"mods":["BaseMod","BetterRewards","Colored Map","Colored Powertips","GifTheSpireLib","Infinite Spire","Minty Spire (QoL Compilation)","Permanent Neow","Relic Filter Mod","Reliquary","Remove Card Discount Mod","Replay The Spire","StSLib","Stuff the Spire","Weighted Paths"],"gold_per_floor":[115,390,33,46,46,80,80,80,80,115,115,149,169,134,134,265,265,278,278,278,278,297,341,341,367,394,394,427,427,427,492,492,623,623,641,707,730,730,730,730,770,770,821,839,864,302,326,339,339,339,339,339,63,106,106,106],"floor_reached":55,"language":"ENG","playtime":3755,"items_purged":["Regret","ReplayTheSpireMod:Splinters","Injury","Replay:Hysterical Blindness","CommonCold"],"score":982,"play_id":"dbe8a8f4-bbe2-418b-8e48-b0d824646d46","local_time":"20210131192803","is_ascension_mode":true,"campfire_choices":[{"floor":8,"key":"REST"},{"floor":11,"key":"RECALL"},{"data":"Infinite Blades","floor":15,"key":"SMITH"},{"floor":24,"key":"REST"},{"data":"Cloak And Dagger","floor":27,"key":"SMITH"},{"floor":29,"key":"REST"},{"floor":32,"key":"REST"},{"floor":40,"key":"REST"},{"floor":42,"key":"REST"},{"floor":49,"key":"REST"},{"data":"Transmutation","floor":52,"key":"SMITH"}],"circlet_count":0,"master_deck":["Strike_G","Strike_G","Strike_G","Strike_G","Defend_G","Defend_G","Defend_G","Defend_G","Survivor","StuffTheSpire:Sprint","Infinite Blades+1","StuffTheSpire:Python","Prepared","StuffTheSpire:BumpUp+1","Masterful Stab","Cloak And Dagger+1","Slice","PiercingWail+1","Replay:Poison Smokescreen","Outmaneuver","Catalyst","Envenom+1","Poisoned Stab","Grand Finale","Replay:Poison Smokescreen","Hidden Blade","Envenom+1","Flying Knee+1","ReplayTheSpireMod:Chaos Vortex+1","Accuracy+1","Backflip","Storm of Steel","Cloak And Dagger+1","Corpse Explosion","Cloak And Dagger+1","infinitespire:UltimateForm+1","infinitespire:NeuralNetwork+1","Blade Dance","Flechettes","Transmutation+1","Caltrops+1","Poisoned Strike","Hidden Blade+1"],"relics":["WristBlade","BargainBundle","PreservedInsect","Replay:Mystery Machine","Golden Idol","Replay:Baseball","reliquary:PartyBalloon","reliquary:FeatherDuster","Frozen Egg 2","Snecko Heart","Replay:Blank Codex","reliquary:TatteredRug","Nunchaku","Gambling Chip","Pocketwatch","Snecko Eye","infinitespire:Lucky Rock","SacredBark","Unceasing Top","Turnip","Pet Ghost","StuffTheSpire:Experiment12","MealTicket","Pear","TheAbacus","Snack Pack","Blue Doll"],"acts_visited":["Exordium","TheCity","TheBeyond","TheEnding"],"potions_floor_usage":[16,16,23,33,36,54],"damage_taken":[{"damage":0,"enemies":"Cultist","floor":1,"turns":4},{"damage":0,"enemies":"Small Slimes","floor":4,"turns":2},{"damage":25,"enemies":"Gremlin Nob","floor":6,"turns":4},{"damage":7,"enemies":"Lagavulin","floor":10,"turns":5},{"damage":0,"enemies":"3 Sentries","floor":12,"turns":5},{"damage":1,"enemies":"Jaw Worm","floor":13,"turns":3},{"damage":35,"enemies":"Fading Forest","floor":16,"turns":11},{"damage":7,"enemies":"Shell Parasite","floor":18,"turns":4},{"damage":9,"enemies":"Spheric Guardian","floor":22,"turns":4},{"damage":3,"enemies":"Book of Stabbing","floor":23,"turns":4},{"damage":34,"enemies":"Slavers","floor":28,"turns":5},{"damage":7,"enemies":"Collector","floor":33,"turns":5},{"damage":19,"enemies":"3 Darklings","floor":35,"turns":4},{"damage":18,"enemies":"2 Orb Walkers","floor":36,"turns":5},{"damage":11,"enemies":"3 Shapes","floor":37,"turns":4},{"damage":0,"enemies":"R_Hoarder","floor":41,"turns":5},{"damage":10,"enemies":"Spire Growth","floor":44,"turns":3},{"damage":17,"enemies":"3 Darklings","floor":47,"turns":4},{"damage":11,"enemies":"Sphere and 2 Shapes","floor":48,"turns":4},{"damage":26,"enemies":"Time Eater","floor":50,"turns":7},{"damage":48,"enemies":"Shield and Spear","floor":54,"turns":4},{"damage":40,"enemies":"The Heart","floor":55,"turns":2}],"seed_played":"-72779044888492979","potions_obtained":[{"floor":4,"key":"Adrenaline Potion"},{"floor":10,"key":"BlessingOfTheForge"},{"floor":16,"key":"Weak Potion"},{"floor":23,"key":"Cursed Concoction"},{"floor":28,"key":"Languid Potion"},{"floor":31,"key":"Flashbang"},{"floor":37,"key":"SmokeBomb"},{"floor":44,"key":"PowerPotion"}],"is_trial":false,"path_per_floor":["M","?","$","M","?","E","?","R","T","E","R","E","M","?","R","B",null,"M","?","?","?","M","E","R","T","T","R","E","R","AVR","?","R","B",null,"M","?","M","AVR","?","R","E","R","T","M","T","$","M","M","R","B",null,"R","$","E","B"],"character_chosen":"THE_SILENT","items_purchased":["Infinite Blades","BargainBundle","PreservedInsect","Replay:Mystery Machine","StuffTheSpire:Python","Prepared","Poison Potion","Strength Potion","Languid Potion","StuffTheSpire:BumpUp+1","Masterful Stab","Pear","TheAbacus","Transmutation","Snack Pack","Poisoned Strike"],"campfire_rested":7,"item_purchase_floors":[3,3,3,3,3,3,3,3,3,3,3,46,46,46,53,53],"current_hp_per_floor":[70,70,70,70,70,45,45,66,66,59,59,59,58,70,70,43,70,63,63,63,47,38,35,56,56,56,56,22,43,43,43,64,57,70,51,33,22,22,22,43,43,64,64,54,54,79,62,51,75,49,80,80,80,38,0,0],"gold":106,"neow_bonus":"BOSS_RELIC","is_daily":false,"chose_seed":false,"campfire_upgraded":3,"win_rate":0.0,"timestamp":1612142883,"path_taken":["M","?","?","?","?","E","?","R","T","E","R","E","M","?","R","BOSS","M","?","?","?","?","E","R","?","T","R","E","R","AVR","?","R","BOSS","M","?","M","AVR","?","R","E","R","T","M","?","$","M","M","R","BOSS","R","$","E","BOSS"],"items_purchased_type":["Card","Relic","Relic","Relic","Card","Card","Potion","Potion","Potion","Card","Card","Relic","Relic","Card","Relic","Card"],"build_version":"2020-12-22","purchased_purges":5,"victory":false,"max_hp_per_floor":[70,70,70,70,70,70,70,70,70,70,70,70,70,70,70,70,70,70,70,70,70,70,70,70,70,70,70,70,70,70,70,70,70,70,70,70,70,70,70,70,70,70,70,70,70,80,80,80,80,80,80,80,80,80,80,80],"card_choices":[{"not_picked":["Backstab","Flechettes"],"picked":"StuffTheSpire:Sprint","floor":1},{"not_picked":["StuffTheSpire:Python","StuffTheSpire:Injection"],"picked":"Cloak And Dagger","floor":4},{"not_picked":["ReplayTheSpireMod:Exploit Weakness","Underhanded Strike"],"picked":"Slice","floor":6},{"not_picked":["Underhanded Strike","StuffTheSpire:FinalStruggle"],"picked":"Replay:Poison Smokescreen","floor":10},{"not_picked":["StuffTheSpire:Python","Sucker Punch"],"picked":"Outmaneuver","floor":12},{"not_picked":["StuffTheSpire:ReptileScales","StuffTheSpire:Injection"],"picked":"Catalyst","floor":13},{"not_picked":["Unload","Atom Bomb"],"picked":"Envenom+1","floor":16},{"not_picked":["Heel Hook+1","Underhanded Strike"],"picked":"Poisoned Stab","floor":18},{"not_picked":["StuffTheSpire:MirrorStance","PiercingWail"],"picked":"Hidden Blade","floor":22},{"not_picked":["Backflip","Deflect"],"picked":"Envenom+1","floor":23},{"not_picked":["Masterful Stab","Calculated Gamble"],"picked":"Flying Knee+1","floor":28},{"not_picked":["Bane","StuffTheSpire:BumpUp"],"picked":"Accuracy+1","floor":31},{"not_picked":["Flying Knee","StuffTheSpire:Python"],"picked":"Backflip","floor":31},{"not_picked":["Grand Finale","After Image+1"],"picked":"Storm of Steel","floor":33},{"not_picked":["Poisoned Stab","Dodge and Roll"],"picked":"Cloak And Dagger+1","floor":35},{"not_picked":["Poisoned Stab","Blade Dance"],"picked":"Corpse Explosion","floor":36},{"not_picked":["Masterful Stab","ReplayTheSpireMod:Exploit Weakness+1"],"picked":"Cloak And Dagger+1","floor":37},{"not_picked":["infinitespire:TheBestDefense","infinitespire:SealOfDarkness+"],"picked":"infinitespire:NeuralNetwork","floor":39},{"not_picked":["Dagger Throw","Riddle With Holes"],"picked":"Blade Dance","floor":41},{"not_picked":["Backflip","Dagger Spray"],"picked":"Flechettes","floor":44},{"not_picked":["Well Laid Plans+1","StuffTheSpire:BumpUp"],"picked":"Caltrops+1","floor":47},{"not_picked":["Acrobatics","Choke+1","Outmaneuver+1"],"picked":"SKIP","floor":48},{"not_picked":["Calculated Gamble+1","Heel Hook+1"],"picked":"Hidden Blade+1","floor":54}],"player_experience":832279,"relics_obtained":[{"floor":6,"key":"Replay:Baseball"},{"floor":9,"key":"reliquary:PartyBalloon"},{"floor":10,"key":"reliquary:FeatherDuster"},{"floor":12,"key":"Frozen Egg 2"},{"floor":21,"key":"Replay:Blank Codex"},{"floor":23,"key":"reliquary:TatteredRug"},{"floor":26,"key":"Nunchaku"},{"floor":28,"key":"Gambling Chip"},{"floor":31,"key":"infinitespire:Lucky Rock"},{"floor":36,"key":"Unceasing Top"},{"floor":41,"key":"Pet Ghost"},{"floor":43,"key":"StuffTheSpire:Experiment12"},{"floor":45,"key":"MealTicket"},{"floor":54,"key":"Blue Doll"}],"event_choices":[{"damage_healed":0,"gold_gain":275,"player_choice":"Desecrate","damage_taken":0,"max_hp_gain":0,"max_hp_loss":0,"event_name":"Golden Shrine","floor":2,"gold_loss":0,"cards_obtained":["Regret"]},{"damage_healed":0,"gold_gain":0,"player_choice":"Take Wound","damage_taken":0,"relics_obtained":["Golden Idol"],"max_hp_gain":0,"max_hp_loss":0,"event_name":"Golden Idol","floor":5,"gold_loss":0,"cards_obtained":["Injury"]},{"damage_healed":17,"gold_gain":0,"player_choice":"Healed","damage_taken":0,"max_hp_gain":0,"max_hp_loss":0,"event_name":"The Cleric","floor":14,"gold_loss":35},{"damage_healed":0,"gold_gain":0,"cards_transformed":["Strike_G","Defend_G"],"player_choice":"Became Test Subject","damage_taken":0,"max_hp_gain":0,"max_hp_loss":0,"event_name":"Drug Dealer","floor":20,"gold_loss":0,"cards_obtained":["Grand Finale","Replay:Poison Smokescreen"]},{"damage_healed":0,"gold_gain":0,"player_choice":"Obtained Book","damage_taken":16,"max_hp_gain":0,"max_hp_loss":0,"event_name":"Cursed Tome","floor":21,"gold_loss":0},{"damage_healed":0,"gold_gain":0,"player_choice":"Fight","damage_taken":0,"max_hp_gain":0,"max_hp_loss":0,"event_name":"Mysterious Sphere","floor":36,"gold_loss":0}],"is_beta":false,"boss_relics":[{"not_picked":["Cursed Key","reliquary:Craggleroot"],"picked":"Snecko Heart"},{"not_picked":["Kintsugi","StuffTheSpire:Kangaroo"],"picked":"SacredBark"}],"items_purged_floors":[3,38,46,46,46],"is_endless":false,"potions_floor_spawned":[4,10,16,23,28,37,44,47],"killed_by":"The Heart","ascension_level":3}}