{"host":"aj7el8l5kufbk20z","time":1612157225,"event":{"mods":["AchievementEnabler","BaseMod","Colored Map","Colored Powertips","Curses Come First","Highlight Path","Minty Spire (QoL Compilation)","Permanent Neow","Poor People Problems","Quick Restart","Rare Cards Sparkle","Relic Stats","StSLib","SuperFastMode","Waifu the Spire"],"gold_per_floor":[115,666,666,666,666,692,704,704,750,313,313,345,345,345,345,442,442,457,382,521,540,540,540,540,666,666,701,595,595,616,643,643,755,755,768,790,260,273,332,375,433,442,522,551,180,180,196,215,215,215],"floor_reached":51,"language":"ZHS","playtime":5082,"items_purged":["Strike_B","Strike_B","Defend_B","Defend_B","Defend_B"],"score":830,"play_id":"a7b45ee1-5e61-4ee1-b18a-32cef23c0c17","local_time":"20210201132705","is_ascension_mode":true,"campfire_choices":[{"data":"Defragment","floor":8.0,"key":"SMITH"},{"data":"Loop","floor":11.0,"key":"SMITH"},{"data":"Defragment","floor":15.0,"key":"SMITH"},{"data":"Defragment","floor":29.0,"key":"SMITH"},{"data":"Static Discharge","floor":32.0,"key":"SMITH"},{"data":"Buffer","floor":46.0,"key":"SMITH"},{"data":"Loop","floor":49,"key":"SMITH"}],"circlet_count":0,"master_deck":["Zap","Dualcast","Echo Form+1","Defragment+1","Glacier","Capacitor","Stack","Loop+1","Melter+1","Defragment+1","Static Discharge+1","Echo Form","FTL+1","Stack+1","Defragment+1","Defragment+1","BootSequence","Self Repair","Gash","Buffer+1","White Noise","Storm","Defragment+1","Consume","Self Repair","Madness","Skim","Loop+1"],"relics":["Cracked Core","Strawberry","Sundial","Kunai","Juzu Bracelet","Pear","Pantograph","Omamori","MealTicket","Inserter","HornCleat","Whetstone","Potion Belt","Cables","DollysMirror","Regal Pillow","Bag of Preparation","Oddly Smooth Stone","Matryoshka","CeramicFish","Eternal Feather","Cursed Key","Thread and Needle","Calipers","Bag of Marbles","Gambling Chip","Molten Egg 2","Blood Vial","StrikeDummy","Emotion Chip"],"acts_visited":["Exordium","TheCity","TheBeyond"],"potions_floor_usage":[50,50,50],"damage_taken":[{"damage":2.0,"enemies":"2 Louse","floor":1.0,"turns":4.0},{"damage":33.0,"enemies":"3 Sentries","floor":6.0,"turns":10.0},{"damage":6.0,"enemies":"Jaw Worm","floor":7.0,"turns":5.0},{"damage":18.0,"enemies":"Lagavulin","floor":12.0,"turns":6.0},{"damage":8.0,"enemies":"Slime Boss","floor":16.0,"turns":5.0},{"damage":10.0,"enemies":"Spheric Guardian","floor":18.0,"turns":3.0},{"damage":39.0,"enemies":"3 Byrds","floor":21.0,"turns":4.0},{"damage":22.0,"enemies":"Gremlin Leader","floor":27.0,"turns":6.0},{"damage":8.0,"enemies":"Snake Plant","floor":30.0,"turns":5.0},{"damage":6.0,"enemies":"Slavers","floor":31.0,"turns":6.0},{"damage":45.0,"enemies":"Collector","floor":33.0,"turns":12.0},{"damage":7.0,"enemies":"3 Shapes","floor":35.0,"turns":5.0},{"damage":0.0,"enemies":"3 Darklings","floor":36.0,"turns":9.0},{"damage":16.0,"enemies":"Sphere and 2 Shapes","floor":38.0,"turns":4.0},{"damage":0.0,"enemies":"Mind Bloom Boss Battle","floor":39.0,"turns":6.0},{"damage":58.0,"enemies":"Reptomancer","floor":40.0,"turns":4.0},{"damage":26.0,"enemies":"2 Orb Walkers","floor":41.0,"turns":5.0},{"damage":17.0,"enemies":"Giant Head","floor":44.0,"turns":7.0},{"damage":30,"enemies":"4 Shapes","floor":47,"turns":4},{"damage":14,"enemies":"3 Darklings","floor":48,"turns":4},{"damage":67,"enemies":"Time Eater","floor":50,"turns":6}],"seed_played":"-8902814802759124926","potions_obtained":[{"floor":1.0,"key":"Ancient Potion"},{"floor":7.0,"key":"FairyPotion"},{"floor":12.0,"key":"EntropicBrew"},{"floor":31.0,"key":"FearPotion"},{"floor":33.0,"key":"SpeedPotion"},{"floor":36.0,"key":"Strength Potion"},{"floor":44.0,"key":"SkillPotion"},{"floor":48,"key":"FocusPotion"}],"is_trial":false,"path_per_floor":["M","$","?","?","T","E","M","R","T","$","R","E","?","?","R","B",null,"M","?","$","M","?","?","?","$","T","E","$","R","M","E","R","B",null,"M","M","$","M","?","E","?","?","T","E","$","R","M","M","R","B",null],"character_chosen":"DEFECT","items_purchased":["Glacier","Strawberry","Capacitor","Pear","Pantograph","Melter","Defragment","HornCleat","Whetstone","Cables","DollysMirror","Defragment","Regal Pillow","Matryoshka","CeramicFish","Self Repair","Thread and Needle","Storm","Skim","Emotion Chip"],"campfire_rested":0,"item_purchase_floors":[2,2,2,10,10,10,10,20,20,25,25,25,25,28,28,28,37,37,45,45],"current_hp_per_floor":[52,59,52,52,52,19,13,13,13,92,92,74,67,67,67,84,92,82,82,92,53,53,53,53,68,68,46,61,61,53,54,66,60,92,92,92,92,90,92,92,73,73,73,86,92,92,62,50,65,39],"gold":215,"neow_bonus":"THREE_RARE_CARDS","is_daily":false,"chose_seed":false,"campfire_upgraded":7,"win_rate":0.0,"timestamp":1612157225,"path_taken":["M","$","?","?","?","E","M","R","T","$","R","E","?","?","R","BOSS","M","?","$","M","?","?","?","$","T","E","$","R","M","E","R","BOSS","M","M","$","M","?","E","?","?","T","E","$","R","M","M","R","BOSS"],"items_purchased_type":["Card","Relic","Card","Relic","Relic","Card","Card","Relic","Relic","Relic","Relic","Card","Relic","Relic","Relic","Card","Relic","Card","Card","Relic"],"build_version":"2020-12-22","purchased_purges":5,"victory":true,"max_hp_per_floor":[75,82,82,82,82,82,82,82,82,92,92,92,92,92,92,92,92,92,92,92,92,92,92,92,92,92,92,92,92,92,92,92,92,92,92,92,92,92,92,92,92,92,92,92,92,92,92,92,92,92],"relic_stats":{"Regal Pillow":0,"Inserter":[42],"counters":[21,117],"CeramicFish":99,"Eternal Feather":27,"Juzu Bracelet":2,"Bag of Preparation":[28],"Whetstone":["Melter","FTL"],"Cursed Key":1,"Cables":[83,66,17,0,0],"Blood Vial":6,"Emotion Chip":[13,13,0,0,0],"Sundial":[18],"Pantograph":77,"Gambling Chip":[23],"MealTicket":46,"Kunai":[7],"obtain_stats":[{"Regal Pillow":25,"Calipers":39,"CeramicFish":28,"Juzu Bracelet":9,"Bag of Preparation":26,"Whetstone":20,"Cursed Key":34,"Blood Vial":43,"Emotion Chip":45,"HornCleat":20,"Matryoshka":28,"Sundial":5,"DollysMirror":25,"Strawberry":2,"Pantograph":10,"Gambling Chip":41,"MealTicket":13,"Kunai":6,"Cracked Core":0,"Potion Belt":24,"Pear":10,"Inserter":17,"Oddly Smooth Stone":27,"Eternal Feather":31,"Thread and Needle":37,"Omamori":12,"Cables":25,"Molten Egg 2":43,"Bag of Marbles":40,"StrikeDummy":44},{"Regal Pillow":7,"Calipers":15,"CeramicFish":8,"Juzu Bracelet":3,"Bag of Preparation":7,"Whetstone":6,"Cursed Key":11,"Blood Vial":17,"Emotion Chip":18,"HornCleat":6,"Matryoshka":8,"Sundial":1,"DollysMirror":7,"Strawberry":1,"Pantograph":3,"Gambling Chip":17,"MealTicket":4,"Kunai":2,"Cracked Core":0,"Potion Belt":7,"Pear":3,"Inserter":5,"Oddly Smooth Stone":8,"Eternal Feather":10,"Thread and Needle":13,"Omamori":4,"Cables":7,"Molten Egg 2":17,"Bag of Marbles":16,"StrikeDummy":18},{"Regal Pillow":37,"Calipers":88,"CeramicFish":43,"Juzu Bracelet":19,"Bag of Preparation":37,"Whetstone":33,"Cursed Key":64,"Blood Vial":96,"Emotion Chip":103,"HornCleat":33,"Matryoshka":43,"Sundial":4,"DollysMirror":37,"Strawberry":4,"Pantograph":19,"Gambling Chip":96,"MealTicket":25,"Kunai":14,"Cracked Core":0,"Potion Belt":37,"Pear":19,"Inserter":30,"Oddly Smooth Stone":43,"Eternal Feather":52,"Thread and Needle":78,"Omamori":25,"Cables":37,"Molten Egg 2":96,"Bag of Marbles":92,"StrikeDummy":103}]},"card_choices":[{"not_picked":["Buffer","Multi-Cast"],"picked":"Echo Form","floor":0.0},{"not_picked":["Blizzard","Stack"],"picked":"Defragment","floor":1.0},{"not_picked":["Sweeping Beam","Beam Cell"],"picked":"Stack","floor":6.0},{"not_picked":["Blizzard","Sweeping Beam"],"picked":"Loop","floor":7.0},{"not_picked":["Steam Power","Chill"],"picked":"Static Discharge","floor":12.0},{"not_picked":["Thunder Strike","Amplify"],"picked":"Echo Form","floor":16.0},{"not_picked":["Coolheaded","Sweeping Beam"],"picked":"FTL","floor":18.0},{"not_picked":["Go for the Eyes","Streamline+1"],"picked":"Stack+1","floor":21.0},{"not_picked":["Recycle","Turbo"],"picked":"BootSequence","floor":27.0},{"not_picked":["Melter","Turbo"],"picked":"Gash","floor":30.0},{"not_picked":["Scrape","Leap+1","Double Energy"],"picked":"SKIP","floor":31.0},{"not_picked":["Echo Form","Reboot"],"picked":"Buffer","floor":33.0},{"not_picked":["Turbo+1","Redo","Sweeping Beam+1"],"picked":"SKIP","floor":35.0},{"not_picked":["Streamline","Chill"],"picked":"White Noise","floor":36.0},{"not_picked":["Go for the Eyes","Coolheaded","Hello World"],"picked":"SKIP","floor":38.0},{"not_picked":["Auto Shields","Rebound"],"picked":"Defragment+1","floor":39.0},{"not_picked":["Hologram","Compile Driver"],"picked":"Consume","floor":40.0},{"not_picked":["BootSequence","Rebound+1"],"picked":"Self Repair","floor":41.0},{"not_picked":["Flash of Steel","Mind Blast"],"picked":"Madness","floor":42.0},{"not_picked":["Undo+1","Turbo+1","Beam Cell+1"],"picked":"SKIP","floor":44.0},{"not_picked":["Glacier","Leap+1","Rip and Tear+1"],"picked":"SKIP","floor":47},{"not_picked":["Go for the Eyes+1","Tempest"],"picked":"Loop","floor":48}],"player_experience":325473,"relics_obtained":[{"floor":5.0,"key":"Sundial"},{"floor":6.0,"key":"Kunai"},{"floor":9.0,"key":"Juzu Bracelet"},{"floor":12.0,"key":"Omamori"},{"floor":26.0,"key":"Bag of Preparation"},{"floor":27.0,"key":"Oddly Smooth Stone"},{"floor":31.0,"key":"Eternal Feather"},{"floor":39.0,"key":"Calipers"},{"floor":40.0,"key":"Bag of Marbles"},{"floor":41.0,"key":"Gambling Chip"},{"floor":43.0,"key":"Molten Egg 2"},{"floor":43.0,"key":"Blood Vial"},{"floor":44.0,"key":"StrikeDummy"}],"event_choices":[{"cards_removed":["Strike_B"],"damage_healed":0.0,"max_hp_gain":0.0,"max_hp_loss":0.0,"gold_gain":0.0,"event_name":"Golden Wing","player_choice":"Card Removal","floor":3.0,"gold_loss":0.0,"damage_taken":7.0},{"damage_healed":0.0,"max_hp_gain":0.0,"max_hp_loss":0.0,"gold_gain":0.0,"event_name":"Liars Game","player_choice":"Ignored","floor":4.0,"gold_loss":0.0,"damage_taken":0.0},{"damage_healed":0.0,"max_hp_gain":0.0,"max_hp_loss":0.0,"gold_gain":0.0,"event_name":"Scrap Ooze","player_choice":"Success","floor":13.0,"gold_loss":0.0,"damage_taken":7.0,"relics_obtained":["MealTicket"]},{"cards_removed":["Defend_B"],"damage_healed":0.0,"max_hp_gain":0.0,"max_hp_loss":0.0,"gold_gain":0.0,"event_name":"Living Wall","player_choice":"Forget","floor":14.0,"gold_loss":0.0,"damage_taken":0.0},{"cards_removed":["Strike_B"],"damage_healed":0.0,"max_hp_gain":0.0,"max_hp_loss":0.0,"gold_gain":0.0,"event_name":"Beggar","player_choice":"Gave Gold","floor":19.0,"gold_loss":75.0,"damage_taken":0.0},{"damage_healed":0.0,"max_hp_gain":0.0,"max_hp_loss":0.0,"gold_gain":0.0,"event_name":"Accursed Blacksmith","player_choice":"Forge","floor":22.0,"gold_loss":0.0,"damage_taken":0.0,"cards_upgraded":["Echo Form"]},{"damage_healed":0.0,"max_hp_gain":0.0,"max_hp_loss":0.0,"gold_gain":0.0,"event_name":"Ghosts","player_choice":"Ignored","floor":23.0,"gold_loss":0.0,"damage_taken":0.0},{"damage_healed":0.0,"max_hp_gain":0.0,"max_hp_loss":0.0,"gold_gain":0.0,"event_name":"The Mausoleum","player_choice":"Opened","floor":24.0,"gold_loss":0.0,"damage_taken":0.0,"relics_obtained":["Potion Belt"],"cards_obtained":["Writhe"]},{"damage_healed":0.0,"max_hp_gain":0.0,"max_hp_loss":0.0,"gold_gain":0.0,"event_name":"MindBloom","player_choice":"Fight","floor":39.0,"gold_loss":0.0,"damage_taken":0.0},{"damage_healed":0.0,"max_hp_gain":0.0,"max_hp_loss":0.0,"gold_gain":0.0,"event_name":"Mysterious Sphere","player_choice":"Fight","floor":41.0,"gold_loss":0.0,"damage_taken":0.0},{"damage_healed":0.0,"max_hp_gain":0.0,"max_hp_loss":0.0,"gold_gain":0.0,"event_name":"SensoryStone","player_choice":"Memory 1","floor":42.0,"gold_loss":0.0,"damage_taken":0.0}],"is_beta":false,"boss_relics":[{"not_picked":["Tiny House","Sozu"],"picked":"Inserter"},{"not_picked":["Snecko Eye","Runic Dome"],"picked":"Cursed Key"}],"items_purged_floors":[2,10,20,25,37],"is_endless":false,"potions_floor_spawned":[1,7,12,18,31,33,35,36,44,48],"ascension_level":1}}