{"host":"lr515x7bpk6b6t09","time":1612159947,"event":{"mods":["Act Like it!","BaseMod","CapriCore","Downfall","Gensokyo","Marisa£®ÏF”Í°°ƒß¿Ì…≥£©","Minty Spire (QoL Compilation)","Prisma Mod","Quick Restart","Relic Stats","Shop Mod","StSLib","The Cursed","The Jungle","Waifu the Spire","Youmu£®ªÍ∆«—˝√Œ£©","[IsaacMod]“‘»ˆº‚À˛","°æ“≈ŒÔø®≈∆°øREMEMod"],"gold_per_floor":[114,20,38,52,70,103,103,129,155,85,85,152,170,170,170,267,267,278,278,36,51,40,68,68,68],"floor_reached":24,"language":"ZHS","playtime":1095,"items_purged":["Strike_G"],"score":280,"play_id":"03fac8b6-bd61-49e5-94f3-053ef89364f5","local_time":"20210201141227","is_ascension_mode":true,"campfire_choices":[{"data":"Dagger Spray","floor":7,"key":"SMITH"},{"data":"Deadly Poison","floor":11,"key":"SMITH"},{"floor":15,"key":"REST"}],"circlet_count":0,"master_deck":["Defend_G","Defend_G","Defend_G+1","Defend_G","Defend_G","Survivor","Neutralize","BettingIsNotGood","Gensokyo:RisingWorld","Prepared","Corpse Explosion","Dagger Spray+1","Poisoned Stab","Deadly Poison+1","Poisoned Stab","Noxious Fumes","Finesse","PiercingWail+1","Dodge and Roll"],"relics":["Ring of the Snake","HushsDoor","REME_ComplimentaryCards","GuppysPaw","NeowsBlessing","Omamori","Dead Branch","Happy Flower","PunchingBag","REME_DuelDisc","GuppysCollar","MerchantsRug","White Beast Statue"],"acts_visited":["Gensokyo:Gensokyo","Gensokyo:Gensokyoer"],"potions_floor_usage":[8,18,21],"damage_taken":[{"damage":0,"enemies":"Gensokyo:3_Fairies","floor":1,"turns":1},{"damage":0,"enemies":"Gensokyo:Python","floor":3,"turns":1},{"damage":0,"enemies":"Gensokyo:Gryphon","floor":4,"turns":1},{"damage":14,"enemies":"Gensokyo:Kitsune","floor":5,"turns":6},{"damage":20,"enemies":"Gensokyo:Mamizou","floor":6,"turns":6},{"damage":19,"enemies":"Gensokyo:Aya","floor":8,"turns":6},{"damage":0,"enemies":"Gensokyo:LivingMonolith","floor":13,"turns":2},{"damage":18,"enemies":"Gensokyo:Reimu","floor":16,"turns":6},{"damage":20,"enemies":"Gensokyo:CosmicMonolith","floor":18,"turns":4},{"damage":17,"enemies":"Gensokyo:3_Dogs","floor":21,"turns":2},{"damage":35,"enemies":"Gensokyo:Koishi","floor":23,"turns":6},{"damage":0,"enemies":"Gensokyo:3_Gloops","floor":24,"turns":1}],"seed_played":"8349663012481680378","potions_obtained":[{"floor":1,"key":"Ancient Potion"},{"floor":3,"key":"LiquidMemories"},{"floor":8,"key":"Swift Potion"},{"floor":16,"key":"Regen Potion"},{"floor":18,"key":"REME_GoldPotion"},{"floor":21,"key":"DistilledChaos"}],"is_trial":false,"path_per_floor":["M","COS","M","M","M","E","R","E","T","?","R","?","M","?","R","B",null,"M","?","$","M","?","E","M"],"character_chosen":"THE_SILENT","items_purchased":["GuppysCollar","Noxious Fumes","MerchantsRug","Finesse"],"campfire_rested":1,"item_purchase_floors":[17,17,20,20],"current_hp_per_floor":[70,70,70,70,64,49,49,35,35,35,35,20,20,6,27,9,49,34,34,34,26,41,6,6,6],"gold":68,"neow_bonus":"THREE_ENEMY_KILL","is_daily":false,"chose_seed":false,"campfire_upgraded":2,"win_rate":0.0,"timestamp":1612159947,"path_taken":["M","COS","M","M","M","E","R","E","T","?","R","?","M","?","R","BOSS","M","?","$","?","?","E","M"],"items_purchased_type":["Relic","Card","Relic","Card"],"build_version":"2020-12-22","purchased_purges":1,"victory":false,"max_hp_per_floor":[70,70,70,70,70,70,70,70,70,70,70,70,70,70,70,70,49,49,49,49,49,49,49,49,49],"relic_stats":{"Happy Flower":[9],"counters":[12,42],"Dead Branch":[8],"obtain_stats":[{"KeepersGift":0,"MerchantsRug":20,"PunchingBag":8,"NeowsBlessing":0,"Happy Flower":6,"GuppysPaw":0,"Dead Branch":6,"REME_DuelDisc":17,"Omamori":6,"White Beast Statue":23,"Frozen Eye":23,"HushsDoor":0,"GuppysCollar":17,"Ring of the Snake":0,"REME_ComplimentaryCards":0},{"KeepersGift":0,"MerchantsRug":9,"PunchingBag":6,"NeowsBlessing":0,"Happy Flower":5,"GuppysPaw":0,"Dead Branch":5,"REME_DuelDisc":8,"Omamori":5,"White Beast Statue":11,"Frozen Eye":10,"HushsDoor":0,"GuppysCollar":8,"Ring of the Snake":0,"REME_ComplimentaryCards":0},{"KeepersGift":0,"MerchantsRug":33,"PunchingBag":21,"NeowsBlessing":0,"Happy Flower":15,"GuppysPaw":0,"Dead Branch":12,"REME_DuelDisc":29,"Omamori":10,"White Beast Statue":41,"Frozen Eye":35,"HushsDoor":0,"GuppysCollar":29,"Ring of the Snake":0,"REME_ComplimentaryCards":0}],"Ring of the Snake":[24]},"card_choices":[{"not_picked":[],"picked":"BettingIsNotGood","floor":0},{"not_picked":["Dodge and Roll","Slice"],"picked":"Prepared","floor":1},{"not_picked":["REME_ShadowStrike","Dodge and Roll","Slice"],"picked":"SKIP","floor":3},{"not_picked":["Cloak And Dagger","Dagger Throw"],"picked":"Corpse Explosion","floor":4},{"not_picked":["Infinite Blades","Leg Sweep"],"picked":"Dagger Spray","floor":5},{"not_picked":["Acrobatics","Bane"],"picked":"Poisoned Stab","floor":6},{"not_picked":["Eviscerate","Poisoned Stab"],"picked":"Deadly Poison","floor":8},{"not_picked":["Envenom","All Out Attack"],"picked":"Poisoned Stab","floor":13},{"not_picked":["Bane","PiercingWail+1"],"picked":"Backflip","floor":18},{"not_picked":["Riddle With Holes","Dodge and Roll"],"picked":"PiercingWail+1","floor":21},{"not_picked":["Deadly Poison","Tools of the Trade"],"picked":"Dodge and Roll","floor":23}],"player_experience":199942,"relics_obtained":[{"floor":6,"key":"Happy Flower"},{"floor":8,"key":"PunchingBag"},{"floor":23,"key":"White Beast Statue"}],"event_choices":[],"is_beta":false,"boss_relics":[{"not_picked":["Tiny House","REME_ChargedStone"],"picked":"REME_DuelDisc"},{"not_picked":[]}],"items_purged_floors":[17],"is_endless":false,"potions_floor_spawned":[1,3,8,16,18,21],"killed_by":"Gensokyo:3_Gloops","ascension_level":3}}