{"host":"qy7jow5usmjkdnnq","time":1612220349,"event":{"mods":["BaseMod","Colored Map","Downfall","Minty Spire (QoL Compilation)","Permanent Neow","Relic Stats","StSLib"],"gold_per_floor":[99,109,123,143,18,32,32,32,45,55,82,382,382,22,32,133,133,33,46,59,78,0,0,49,49,49,62,93,93,45,73,84,181,181,81,96,112,112,123,23,23,43,398,102,102,113,145,145,159,159,159,192,28,28,28,28],"floor_reached":57,"language":"ENG","playtime":7029,"items_purged":["hexamod:Defend","Injury","downfall:Icky","downfall:Bewildered","downfall:Icky"],"score":1916,"play_id":"521ffd6d-0486-46b5-9fb2-7ad7ef13e4fd","local_time":"20210201235909","is_ascension_mode":true,"campfire_choices":[{"data":"hexamod:Float","floor":1.0,"key":"SMITH"},{"floor":18.0,"key":"RECALL"},{"data":"hexamod:FlameSwitch","floor":23.0,"key":"SMITH"},{"data":"hexamod:PowerFromBeyond","floor":35.0,"key":"SMITH"},{"data":"hexamod:PowerFromBeyond","floor":40.0,"key":"SMITH"},{"data":"expansioncontent:PolyBeam","floor":45,"key":"SMITH"},{"data":"hexamod:Haunt","floor":54,"key":"SMITH"}],"circlet_count":0,"master_deck":["hexamod:Strike","hexamod:Strike","hexamod:Strike","hexamod:Defend","hexamod:Sear","hexamod:Float+1","hexamod:PhantomCloak","hexamod:GhostShield","hexamod:EtherealExpedition","hexamod:SuperheatedStrike","hexamod:RetreatToShadows","hexamod:PowerFromBeyond+1","hexamod:GhostShield","hexamod:FlameSwitch+1","hexamod:FlameSwitch","hexamod:FourthSeal","hexamod:FastForward","hexamod:UnleashSpirits","hexamod:PowerFromBeyond+1","expansioncontent:PolyBeam+1","hexamod:ShieldOfDarkness","hexamod:UnleashSpirits","hexamod:SpectralSpark+1","hexamod:NecessarySacrifice+1","hexamod:FirstSeal","hexamod:ShieldOfDarkness","hexamod:Hexaguard","hexamod:TurnItUp","CurseOfTheBell","hexamod:RecurringNightmare+1","hexamod:PowerFromBeyond","hexamod:Haunt+1","hexamod:SpectralSpark+1","hexamod:EmpoweredFlame","hexamod:Hexaguard+1","hexamod:RecurringNightmare+1","Regret","hexamod:ApocalypseNow","Secret Technique","hexamod:Again"],"relics":["hexamod:SpiritBrand","InkBottle","Unceasing Top","Membership Card","Bag of Marbles","Coffee Dripper","downfall:HeartBlessingGreen","Vajra","Du-Vu Doll","sneckomod:BabySnecko","hexamod:SoulConsumer","Juzu Bracelet","Guardian:BottledAnomaly","White Beast Statue","Calling Bell","Ancient Tea Set","Meat on the Bone","Gambling Chip","downfall:HeartBlessingRed","downfall:HeartBlessingBlue","Bottled Flame","Old Coin","DollysMirror","Lantern","Calipers","Blue Candle"],"acts_visited":["Exordium","TheCity","TheBeyond","TheEnding"],"potions_floor_usage":[43,47,49,50,56,56,56],"damage_taken":[{"damage":0.0,"enemies":"Cultist","floor":2.0,"turns":3.0},{"damage":2.0,"enemies":"2 Louse","floor":3.0,"turns":3.0},{"damage":0.0,"enemies":"Small Slimes","floor":4.0,"turns":4.0},{"damage":0.0,"enemies":"downfall:FleeingMerchant","floor":5.0,"turns":4.0},{"damage":0.0,"enemies":"3 Louse","floor":6.0,"turns":4.0},{"damage":1.0,"enemies":"Red Slaver","floor":9.0,"turns":4.0},{"damage":10.0,"enemies":"Large Slime","floor":10.0,"turns":6.0},{"damage":11.0,"enemies":"Gremlin Nob","floor":11.0,"turns":6.0},{"damage":5.0,"enemies":"downfall:FleeingMerchant","floor":14.0,"turns":4.0},{"damage":10.0,"enemies":"Exordium Wildlife","floor":15.0,"turns":3.0},{"damage":17.0,"enemies":"DF_ARCHETYPE_STREAMLINE","floor":16.0,"turns":8.0},{"damage":0.0,"enemies":"Shell Parasite","floor":19.0,"turns":6.0},{"damage":0.0,"enemies":"Chosen","floor":20.0,"turns":5.0},{"damage":14.0,"enemies":"Snecko","floor":21.0,"turns":5.0},{"damage":0.0,"enemies":"downfall:FleeingMerchant","floor":22.0,"turns":4.0},{"damage":0.0,"enemies":"Centurion and Healer","floor":27.0,"turns":3.0},{"damage":21.0,"enemies":"Gremlin Leader","floor":28.0,"turns":6.0},{"damage":3.0,"enemies":"downfall:FleeingMerchant","floor":30.0,"turns":4.0},{"damage":15.0,"enemies":"Slavers","floor":31.0,"turns":3.0},{"damage":0.0,"enemies":"Sentry and Sphere","floor":32.0,"turns":2.0},{"damage":6.0,"enemies":"WA_ARCHETYPE_CALM","floor":33.0,"turns":9.0},{"damage":0.0,"enemies":"Orb Walker","floor":36.0,"turns":3.0},{"damage":29.0,"enemies":"3 Darklings","floor":37.0,"turns":4.0},{"damage":6.0,"enemies":"4 Shapes","floor":39.0,"turns":4.0},{"damage":6,"enemies":"Jaw Worm Horde","floor":42,"turns":3},{"damage":6,"enemies":"2 Orb Walkers","floor":43,"turns":4},{"damage":3,"enemies":"3 Darklings","floor":46,"turns":3},{"damage":0,"enemies":"Giant Head","floor":47,"turns":5},{"damage":0,"enemies":"Sphere and 2 Shapes","floor":49,"turns":1},{"damage":12,"enemies":"IC_BLOCK_ARCHETYPE","floor":50,"turns":6},{"damage":0,"enemies":"downfall:CharBossMerchant","floor":52,"turns":3},{"damage":4,"enemies":"downfall:NeowBoss","floor":55,"turns":15},{"damage":28,"enemies":"downfall:NeowBossFinal","floor":56,"turns":9}],"seed_played":"-4982692641439408939","potions_obtained":[{"floor":3.0,"key":"BlessingOfTheForge"},{"floor":4.0,"key":"hexamod:InfernoChargePotion"},{"floor":10.0,"key":"SpeedPotion"},{"floor":10.0,"key":"hexamod:DoubleChargePotion"},{"floor":11.0,"key":"BlessingOfTheForge"},{"floor":13.0,"key":"Guardian:BlockOnCardUsePotion"},{"floor":19.0,"key":"Fruit Juice"},{"floor":19.0,"key":"Explosive Potion"},{"floor":20.0,"key":"SpeedPotion"},{"floor":21.0,"key":"Explosive Potion"},{"floor":22.0,"key":"Regen Potion"},{"floor":27.0,"key":"LiquidMemories"},{"floor":28.0,"key":"hexamod:EctoCoolerPotion"},{"floor":30.0,"key":"Slimebound:ThreeZeroPotion"},{"floor":32.0,"key":"sneckomod:MuddlingPotion"},{"floor":33.0,"key":"DuplicationPotion"},{"floor":36.0,"key":"CultistPotion"},{"floor":36.0,"key":"AttackPotion"},{"floor":37.0,"key":"hexamod:EctoCoolerPotion"},{"floor":43,"key":"Swift Potion"},{"floor":47,"key":"Dexterity Potion"},{"floor":49,"key":"hexamod:EctoCoolerPotion"},{"floor":52,"key":"SneckoOil"}],"is_trial":false,"path_per_floor":["R","M","M","M","$","M","T","?","M","M","E","?","?","$","M","B",null,"R","M","M","M","$","R","T","?","?","M","E","?","$","E","M","B",null,"R","M","M","?","M","R","T","M","?","$","R","M","E","?","M","B",null,"E","$","R","B","B",null],"character_chosen":"THE_SPIRIT","items_purchased":["hexamod:RetreatToShadows","Membership Card","expansioncontent:PolyBeam","Bag of Marbles","hexamod:ShieldOfDarkness","hexamod:SoulConsumer","Juzu Bracelet","hexamod:Hexaguard","Guardian:BottledAnomaly","hexamod:Haunt","DollysMirror","hexamod:EmpoweredFlame","Lantern","LiquidMemories","Secret Technique","hexamod:Again"],"campfire_rested":0,"item_purchase_floors":[5,14,14,14,14,30,30,30,30,44,44,44,44,53,53,53],"current_hp_per_floor":[70,70,68,68,68,68,68,68,67,57,46,46,46,41,31,14,61,61,61,66,52,52,52,52,52,52,52,53,53,50,39,43,48,74,74,81,63,63,57,67,67,72,77,77,77,81,92,92,92,84,90,92,92,92,92,68],"gold":28,"neow_bonus":"TEN_PERCENT_HP_BONUS","is_daily":false,"chose_seed":false,"campfire_upgraded":6,"win_rate":0.0,"timestamp":1612220349,"path_taken":["R","M","M","M","$","?","T","?","?","M","E","?","?","$","M","BOSS","R","M","M","M","?","R","T","?","?","M","E","?","$","E","M","BOSS","R","M","M","?","M","R","T","M","?","?","R","M","E","?","M","BOSS","E","$","R","BOSS","BOSS"],"items_purchased_type":["Card","Relic","Card","Relic","Card","Relic","Relic","Card","Relic","Card","Relic","Card","Relic","Potion","Card","Card"],"build_version":"2020-12-22","purchased_purges":5,"victory":true,"max_hp_per_floor":[77,77,77,77,77,77,77,77,77,77,77,77,77,77,77,77,77,77,77,82,82,82,82,82,82,82,82,82,82,82,82,82,82,82,82,82,82,82,82,92,92,92,92,92,92,92,92,92,92,92,92,92,92,92,92,92],"relic_stats":{"counters":[33,156],"Gambling Chip":[29],"Blue Candle":[9],"Juzu Bracelet":0,"obtain_stats":[{"Lantern":44,"Calipers":47,"Vajra":26,"downfall:HeartBlessingGreen":18,"Juzu Bracelet":30,"Ancient Tea Set":34,"Old Coin":43,"downfall:HeartBlessingBlue":40,"DollysMirror":44,"Gambling Chip":34,"Guardian:BottledAnomaly":30,"hexamod:SpiritBrand":0,"InkBottle":7,"downfall:HeartBlessingRed":35,"Blue Candle":52,"White Beast Statue":31,"Du-Vu Doll":28,"Calling Bell":34,"sneckomod:BabySnecko":29,"Bottled Flame":41,"Bag of Marbles":14,"Coffee Dripper":17,"Membership Card":14,"hexamod:SoulConsumer":30,"Unceasing Top":11,"Meat on the Bone":34},{"Lantern":26,"Calipers":28,"Vajra":15,"downfall:HeartBlessingGreen":11,"Juzu Bracelet":18,"Ancient Tea Set":21,"Old Coin":26,"downfall:HeartBlessingBlue":24,"DollysMirror":26,"Gambling Chip":21,"Guardian:BottledAnomaly":18,"hexamod:SpiritBrand":0,"InkBottle":5,"downfall:HeartBlessingRed":21,"Blue Candle":31,"White Beast Statue":19,"Du-Vu Doll":17,"Calling Bell":21,"sneckomod:BabySnecko":17,"Bottled Flame":24,"Bag of Marbles":9,"Coffee Dripper":11,"Membership Card":9,"hexamod:SoulConsumer":18,"Unceasing Top":8,"Meat on the Bone":21},{"Lantern":114,"Calipers":122,"Vajra":69,"downfall:HeartBlessingGreen":49,"Juzu Bracelet":82,"Ancient Tea Set":96,"Old Coin":114,"downfall:HeartBlessingBlue":107,"DollysMirror":114,"Gambling Chip":96,"Guardian:BottledAnomaly":82,"hexamod:SpiritBrand":0,"InkBottle":18,"downfall:HeartBlessingRed":96,"Blue Candle":132,"White Beast Statue":85,"Du-Vu Doll":78,"Calling Bell":96,"sneckomod:BabySnecko":78,"Bottled Flame":107,"Bag of Marbles":38,"Coffee Dripper":49,"Membership Card":38,"hexamod:SoulConsumer":82,"Unceasing Top":34,"Meat on the Bone":96}],"InkBottle":[77],"Unceasing Top":[10],"Meat on the Bone":0},"card_choices":[{"not_picked":["hexamod:FlamesFromBeyond","hexamod:SoulSteal"],"picked":"hexamod:PhantomCloak","floor":2.0},{"not_picked":["hexamod:SpectersWail","hexamod:Hexaguard"],"picked":"hexamod:GhostShield","floor":3.0},{"not_picked":["hexamod:PhantomFireball","hexamod:NightmareGuise"],"picked":"hexamod:EtherealExpedition","floor":4.0},{"not_picked":["hexamod:FlamesFromBeyond","hexamod:RadiantFlame"],"picked":"hexamod:SuperheatedStrike","floor":5.0},{"not_picked":["hexamod:AdvancingGuard","hexamod:SwordOfDarkness"],"picked":"hexamod:PowerFromBeyond","floor":6.0},{"not_picked":["hexamod:NightmareGuise","hexamod:ThirdSeal"],"picked":"hexamod:FourthSeal","floor":9.0},{"not_picked":["hexamod:DynamicBlow","hexamod:Toasty"],"picked":"hexamod:FastForward","floor":10.0},{"not_picked":["hexamod:RadiantFlame","hexamod:ShieldOfDarkness"],"picked":"hexamod:UnleashSpirits","floor":11.0},{"not_picked":["hexamod:SpectersWail","hexamod:ChargedBarrage"],"picked":"hexamod:PowerFromBeyond","floor":14.0},{"not_picked":["hexamod:HeatShield","hexamod:ThermalTransfer","hexamod:AdvancingGuard"],"picked":"SKIP","floor":15.0},{"not_picked":["hexamod:TimeWarp","hexamod:WildfireWeapon"],"picked":"hexamod:UnleashSpirits","floor":16.0},{"not_picked":["hexamod:ThermalTransfer+1","hexamod:NightmareGuise","hexamod:BurningTouch+1"],"picked":"SKIP","floor":19.0},{"not_picked":["hexamod:ThermalTransfer","hexamod:NightmareStrike+1"],"picked":"hexamod:SpectralSpark+1","floor":20.0},{"not_picked":["hexamod:GhostOfSpirePast","hexamod:Firestarter+1","hexamod:FastForward"],"picked":"SKIP","floor":21.0},{"not_picked":["hexamod:BacktrackSmack","hexamod:HauntingEcho"],"picked":"hexamod:NecessarySacrifice+1","floor":22.0},{"not_picked":["hexamod:DynamicBlow+1","hexamod:AdvancingGuard"],"picked":"hexamod:FirstSeal","floor":27.0},{"not_picked":["hexamod:CatchUp","hexamod:HeatCrush"],"picked":"hexamod:ShieldOfDarkness","floor":28.0},{"not_picked":["hexamod:ForkedFlame","hexamod:SecondSeal","hexamod:SpectersWail"],"picked":"SKIP","floor":30.0},{"not_picked":["hexamod:GhostLash+1","hexamod:HeatCrush+1","hexamod:SwordOfDarkness+1"],"picked":"SKIP","floor":31.0},{"not_picked":["hexamod:NightmareStrike","hexamod:GhostflameBarrier","hexamod:ThermalTransfer"],"picked":"SKIP","floor":32.0},{"not_picked":["hexamod:ApocalypticArmor","hexamod:TimeWarp"],"picked":"hexamod:TurnItUp","floor":33.0},{"not_picked":["hexamod:HeatCrush+1","hexamod:RadiantFlame","hexamod:SuperheatedStrike"],"picked":"SKIP","floor":36.0},{"not_picked":["hexamod:NightmareStrike+1","hexamod:Firestarter","hexamod:FlamesFromBeyond"],"picked":"SKIP","floor":37.0},{"not_picked":["hexamod:GhostLash","hexamod:ShieldOfDarkness","hexamod:FourthSeal"],"picked":"SKIP","floor":39.0},{"not_picked":["hexamod:NightmareGuise","hexamod:HeatShield"],"picked":"hexamod:RecurringNightmare","floor":42},{"not_picked":["hexamod:AdvancingGuard+1","hexamod:GhostShield+1"],"picked":"hexamod:PowerFromBeyond","floor":43},{"not_picked":["hexamod:FlamesFromBeyond+1","hexamod:HauntingEcho+1"],"picked":"hexamod:Hexaguard+1","floor":46},{"not_picked":["hexamod:RadiantFlame","hexamod:GhostOfSpirePast"],"picked":"hexamod:RecurringNightmare","floor":47},{"not_picked":["hexamod:FlamesFromBeyond+1","hexamod:Rewind","hexamod:ShieldOfDarkness"],"picked":"SKIP","floor":49},{"not_picked":["hexamod:HeatCrush","hexamod:InspiringFlames"],"picked":"hexamod:ApocalypseNow","floor":52}],"player_experience":707401,"relics_obtained":[{"floor":7.0,"key":"InkBottle"},{"floor":11.0,"key":"Unceasing Top"},{"floor":28.0,"key":"Du-Vu Doll"},{"floor":31.0,"key":"White Beast Statue"},{"floor":34.0,"key":"Ancient Tea Set"},{"floor":34.0,"key":"Meat on the Bone"},{"floor":34.0,"key":"Gambling Chip"},{"floor":41,"key":"Bottled Flame"},{"floor":43,"key":"Old Coin"},{"floor":47,"key":"Calipers"},{"floor":52,"key":"Blue Candle"}],"event_choices":[{"damage_healed":0.0,"max_hp_gain":0.0,"max_hp_loss":0.0,"gold_gain":0.0,"event_name":"Lab","player_choice":"Got Potions","floor":13.0,"gold_loss":0.0,"damage_taken":0.0},{"damage_healed":0,"gold_gain":0,"player_choice":"Fight","damage_taken":0,"max_hp_gain":0,"max_hp_loss":0,"event_name":"Mysterious Sphere","floor":43,"gold_loss":0}],"is_beta":false,"boss_relics":[{"not_picked":["hexamod:UnbrokenSoul","Velvet Choker"],"picked":"Coffee Dripper"},{"not_picked":["Sozu","sneckomod:SneckoTalon"],"picked":"Calling Bell"}],"items_purged_floors":[5,14,22,30,44],"is_endless":false,"potions_floor_spawned":[3,4,10,15,19,20,27,32,33,36,37,39,42,43,46,47,49,52],"ascension_level":8}}