{"host":"va54hb6vb0xjmjwj","time":1612198776,"event":{"mods":["BaseMod","Highlight Path","Minty Spire (QoL Compilation)","Replay The Spire","StSLib"],"gold_per_floor":[117,129,129,204,266,266,191,191,217,261,261,276,276,297,297,421,421,436,457,457,457,457,492,510,510,510,281,304,304,304,325,325,448,448,468,491,491,594,613,613,629,629,629,629,629,391,405,405,423,77,77,77],"floor_reached":53,"language":"ENG","playtime":3533,"items_purged":["Injury","Strike_R","Pain"],"score":725,"play_id":"5c39fd40-398c-4425-afb5-f9580eff69b9","local_time":"20210201115936","is_ascension_mode":false,"campfire_choices":[{"data":"ReplayTheSpireMod:Muscle Training","floor":6,"key":"SMITH"},{"data":"Disarm","floor":11,"key":"SMITH"},{"data":"Clothesline","floor":15,"key":"SMITH"},{"data":"Barricade","floor":25,"key":"SMITH"},{"floor":29,"key":"REST"},{"floor":32,"key":"REST"},{"data":"ReplayUltimateDefense","floor":40,"key":"SMITH"},{"data":"Limit Break","floor":42,"key":"SMITH"},{"data":"Apotheosis","floor":48,"key":"SMITH"},{"data":"Seeing Red","floor":51,"key":"SMITH"}],"circlet_count":0,"master_deck":["Strike_R","Strike_R","Strike_R","Strike_R","Defend_R","Defend_R+1","Defend_R+1","Bash","ReplayTheSpireMod:Muscle Training+1","Clothesline+1","Disarm+1","Flex","Cleave","Barricade+1","Heavy Blade+1","Combust","Necronomicurse","Ghostly","Ghostly","Ghostly","Ghostly","Ghostly","Spot Weakness","Spot Weakness","Dropkick","Dark Shackles","Ghostly Armor","ReplayTheSpireMod:LeadingStrike","Limit Break+1","Body Slam+1","Clothesline+1","Replay:Bootleg Shield Generator","Apotheosis+1","ReplayUltimateDefense+1","Injury","Intimidate+1","Seeing Red+1","Replay:Undeath\u0027s Touch+1","Inflame","Shrug It Off","Heavy Blade+1","Entrench+1","Evolve+1"],"relics":["Black Blood","NeowsBlessing","Golden Idol","Boot","Blood Vial","Torii","Necronomicon","Replay:Wax Seal","Replay:Bottled Flurry","Replay:Grab Bag","Cursed Key","Velvet Choker","SlaversCollar","Simple Rune","Sundial","BargainBundle","OrangePellets","King of Hearts"],"acts_visited":["Exordium","TheCity","TheBeyond"],"potions_floor_usage":[24,33,33,41,41,41,46,49],"damage_taken":[{"damage":0,"enemies":"Small Slimes","floor":1,"turns":1},{"damage":0,"enemies":"Jaw Worm","floor":2,"turns":1},{"damage":0,"enemies":"Gremlin Nob","floor":10,"turns":1},{"damage":8,"enemies":"2 Louse","floor":12,"turns":3},{"damage":7,"enemies":"Red Slaver","floor":14,"turns":3},{"damage":21,"enemies":"Hexaghost","floor":16,"turns":11},{"damage":24,"enemies":"Chosen","floor":18,"turns":5},{"damage":30,"enemies":"3 Byrds","floor":19,"turns":7},{"damage":38,"enemies":"Gremlin Leader","floor":23,"turns":7},{"damage":8,"enemies":"Shelled Parasite and Fungi","floor":24,"turns":6},{"damage":20,"enemies":"Chosen and Byrds","floor":28,"turns":8},{"damage":12,"enemies":"3 Cultists","floor":31,"turns":6},{"damage":13,"enemies":"Champ","floor":33,"turns":9},{"damage":22,"enemies":"3 Darklings","floor":35,"turns":8},{"damage":11,"enemies":"Orb Walker","floor":36,"turns":2},{"damage":15,"enemies":"Maw","floor":39,"turns":8},{"damage":30,"enemies":"3 Darklings","floor":41,"turns":8},{"damage":15,"enemies":"Sphere and 2 Shapes","floor":47,"turns":4},{"damage":0,"enemies":"Transient","floor":49,"turns":5},{"damage":13,"enemies":"Time Eater","floor":52,"turns":12}],"seed_played":"-3481501804159788583","potions_obtained":[{"floor":10,"key":"Venom Potion"},{"floor":12,"key":"Milkshake"},{"floor":19,"key":"Swift Potion"},{"floor":23,"key":"FairyPotion"},{"floor":24,"key":"FearPotion"},{"floor":31,"key":"CultistPotion"},{"floor":38,"key":"EntropicBrew"},{"floor":38,"key":"Energy Potion"},{"floor":47,"key":"EntropicBrew"}],"is_trial":false,"path_per_floor":["M","M","?","?","?","R","$","?","T","E","R","M","T","M","R","B",null,"M","M","?","?","?","E","M","R","T","$","M","R","?","M","R","B",null,"M","M","?","?","M","R","M","R","T","PTL","PTL","$","M","R","M","$","R","B",null],"character_chosen":"IRONCLAD","items_purchased":["Dropkick","Dark Shackles","BargainBundle","Fruit Juice","Inflame","Shrug It Off","OrangePellets","King of Hearts","Evolve+1"],"campfire_rested":2,"item_purchase_floors":[27,27,46,46,46,46,50,50,50],"current_hp_per_floor":[80,80,80,69,69,69,69,69,69,75,75,75,75,76,76,63,80,68,52,78,62,40,14,20,20,20,20,14,26,26,28,40,39,40,30,33,23,23,22,22,22,22,22,22,22,27,26,26,40,40,40,41],"gold":77,"neow_bonus":"THREE_ENEMY_KILL","is_daily":false,"chose_seed":false,"campfire_upgraded":8,"win_rate":0.0,"timestamp":1612198776,"path_taken":["M","M","?","?","?","R","$","?","T","E","R","M","?","M","R","BOSS","M","M","?","?","?","E","M","R","T","$","M","R","?","M","R","BOSS","M","?","?","?","M","R","M","R","T","PTL","PTL","$","M","R","M","$","R","BOSS"],"items_purchased_type":["Card","Card","Relic","Potion","Card","Card","Relic","Relic","Card"],"build_version":"2020-12-22","purchased_purges":3,"victory":true,"max_hp_per_floor":[80,80,80,80,80,80,80,80,80,80,80,80,80,80,80,80,80,80,80,80,80,40,40,40,40,40,40,40,40,40,40,40,40,40,40,40,40,40,40,40,40,40,40,40,40,45,45,45,45,45,45,45],"card_choices":[{"not_picked":["Clothesline","Headbutt"],"picked":"ReplayTheSpireMod:Muscle Training","floor":1},{"not_picked":["ReplayTheSpireMod:Strike From Hell","Sword Boomerang"],"picked":"Clothesline","floor":2},{"not_picked":["Defy Death","Feel No Pain"],"picked":"Disarm","floor":10},{"not_picked":["Pommel Strike","Clash"],"picked":"Flex","floor":12},{"not_picked":["Body Slam","Clash"],"picked":"Cleave","floor":14},{"not_picked":["Impervious","Demonic Infusion"],"picked":"Barricade","floor":16},{"not_picked":["Whirlwind","Sentinel"],"picked":"Heavy Blade","floor":18},{"not_picked":["ReplayTheSpireMod:Strike From Hell","Sword Boomerang"],"picked":"Combust","floor":19},{"not_picked":["Clothesline+1","Headbutt"],"picked":"Spot Weakness","floor":23},{"not_picked":["Headbutt+1","ReplayTheSpireMod:Strike From Hell"],"picked":"Spot Weakness","floor":24},{"not_picked":["Clash","Fiend Fire"],"picked":"Ghostly Armor","floor":28},{"not_picked":["Pommel Strike","Thunderclap"],"picked":"ReplayTheSpireMod:LeadingStrike","floor":31},{"not_picked":["Bludgeon","Replay:Many Hands"],"picked":"Limit Break","floor":33},{"not_picked":["Ghostly Armor+1","Uppercut"],"picked":"Body Slam+1","floor":35},{"not_picked":["Abandon","True Grit"],"picked":"Clothesline+1","floor":36},{"not_picked":["Flash of Steel","Midas Touch"],"picked":"Replay:Bootleg Shield Generator","floor":37},{"not_picked":["HandOfGreed","Enlightenment"],"picked":"Apotheosis","floor":37},{"not_picked":["Trip","Purity"],"picked":"ReplayUltimateDefense","floor":37},{"not_picked":["Twin Strike","Clash"],"picked":"Intimidate+1","floor":38},{"not_picked":["Perfected Strike+1","Hemokinesis"],"picked":"Seeing Red","floor":39},{"not_picked":["Twin Strike+1","Sever Soul"],"picked":"Replay:Undeath\u0027s Touch+1","floor":41},{"not_picked":["Sentinel","Corruption"],"picked":"Heavy Blade+1","floor":47},{"not_picked":["Combust+1","Disarm"],"picked":"Entrench+1","floor":49}],"player_experience":203040,"relics_obtained":[{"floor":9,"key":"Boot"},{"floor":10,"key":"Blood Vial"},{"floor":13,"key":"Torii"},{"floor":21,"key":"Necronomicon"},{"floor":23,"key":"Replay:Wax Seal"},{"floor":26,"key":"Replay:Bottled Flurry"},{"floor":38,"key":"Simple Rune"},{"floor":43,"key":"Sundial"}],"event_choices":[{"damage_healed":0,"gold_gain":0,"player_choice":"Take Wound","damage_taken":0,"relics_obtained":["Golden Idol"],"max_hp_gain":0,"max_hp_loss":0,"event_name":"Golden Idol","floor":3,"gold_loss":0,"cards_obtained":["Injury"]},{"damage_healed":0,"gold_gain":75,"player_choice":"Gather Gold","damage_taken":11,"max_hp_gain":0,"max_hp_loss":0,"event_name":"World of Goop","floor":4,"gold_loss":0},{"damage_healed":0,"gold_gain":62,"player_choice":"Gained Gold","damage_taken":0,"max_hp_gain":0,"max_hp_loss":0,"event_name":"Golden Wing","floor":5,"gold_loss":0},{"damage_healed":26,"gold_gain":0,"player_choice":"Heal","damage_taken":0,"max_hp_gain":0,"max_hp_loss":0,"event_name":"The Library","floor":20,"gold_loss":0},{"damage_healed":0,"gold_gain":0,"player_choice":"Obtained Book","damage_taken":16,"max_hp_gain":0,"max_hp_loss":0,"event_name":"Cursed Tome","floor":21,"gold_loss":0},{"damage_healed":0,"gold_gain":0,"player_choice":"Became a Ghost","damage_taken":0,"max_hp_gain":0,"max_hp_loss":40,"event_name":"Ghosts","floor":22,"gold_loss":0,"cards_obtained":["Ghostly","Ghostly","Ghostly","Ghostly","Ghostly"]},{"damage_healed":0,"gold_gain":0,"player_choice":"Upgraded","damage_taken":0,"max_hp_gain":0,"max_hp_loss":0,"event_name":"Upgrade Shrine","floor":30,"gold_loss":0,"cards_upgraded":["Heavy Blade"]},{"damage_healed":0,"gold_gain":0,"player_choice":"Memory 3","damage_taken":10,"max_hp_gain":0,"max_hp_loss":0,"event_name":"SensoryStone","floor":37,"gold_loss":0}],"is_beta":false,"boss_relics":[{"not_picked":["Philosopher\u0027s Stone","Painkiller Herb"],"picked":"Black Blood"},{"not_picked":["Tiny House","Busted Crown"],"picked":"Replay:Grab Bag"},{"not_picked":["Coffee Dripper","Fusion Hammer"],"picked":"Cursed Key"},{"not_picked":["Ooze Armor","ChewingGum"],"picked":"Velvet Choker"},{"not_picked":["SacredBark","Runic Cube"],"picked":"SlaversCollar"}],"items_purged_floors":[7,27,46],"is_endless":false,"potions_floor_spawned":[10,12,19,23,24,31,47],"ascension_level":0}}