{"host":"4eao2pkwlmv012cz","time":1612157016,"event":{"mods":["BaseMod","Colored Powertips","Minty Spire (QoL Compilation)","Permanent Neow","Quick Restart","Random Character Button","StSLib"],"gold_per_floor":[115,132,26,39,57,85,85,0,0,30,30,30,30,48,48,122,122,138,138,156,3,22,22,22],"floor_reached":23,"language":"ENG","playtime":926,"items_purged":[],"score":427,"play_id":"255b4c75-a098-47b0-a34c-1c7233158f9c","local_time":"20210201002336","is_ascension_mode":true,"campfire_choices":[{"data":"Biased Cognition","floor":7,"key":"SMITH"},{"data":"Echo Form","floor":11,"key":"SMITH"},{"floor":13,"key":"REST"},{"data":"Capacitor","floor":15,"key":"SMITH"}],"circlet_count":0,"master_deck":["AscendersBane","Strike_B","Strike_B","Strike_B","Strike_B","Defend_B","Defend_B","Defend_B","Defend_B","Zap","Dualcast","Injury","Core Surge","Chill","Ball Lightning","Gash","Cold Snap","Biased Cognition+1","Capacitor+1","Echo Form+1","Reinforced Body","Melter","Biased Cognition","Glacier","Undo","Darkness+1","Fusion+1","Meteor Strike","Compile Driver","Turbo+1"],"relics":["Mango","Prayer Wheel","Gambling Chip","Omamori","Calling Bell","Bronze Scales","Question Card","Pocketwatch","Nloth\u0027s Gift"],"acts_visited":["Exordium","TheCity"],"potions_floor_usage":[3,6,6,10,14,22],"damage_taken":[{"damage":8,"enemies":"2 Louse","floor":1,"turns":2},{"damage":3,"enemies":"Small Slimes","floor":2,"turns":3},{"damage":0,"enemies":"Cultist","floor":4,"turns":3},{"damage":5,"enemies":"Exordium Wildlife","floor":5,"turns":3},{"damage":24,"enemies":"Lagavulin","floor":6,"turns":6},{"damage":12,"enemies":"3 Sentries","floor":10,"turns":7},{"damage":0,"enemies":"3 Louse","floor":14,"turns":2},{"damage":37,"enemies":"The Guardian","floor":16,"turns":9},{"damage":21,"enemies":"Shell Parasite","floor":18,"turns":6},{"damage":15,"enemies":"Chosen","floor":20,"turns":6},{"damage":23,"enemies":"Shelled Parasite and Fungi","floor":22,"turns":6},{"damage":13,"enemies":"Slavers","floor":23,"turns":1}],"seed_played":"2448501183633373509","potions_obtained":[{"floor":4,"key":"Fire Potion"},{"floor":5,"key":"ColorlessPotion"},{"floor":6,"key":"AttackPotion"},{"floor":10,"key":"SneckoOil"},{"floor":20,"key":"EssenceOfSteel"}],"is_trial":false,"path_per_floor":["M","M","$","M","M","E","R","$","T","E","R","?","R","M","R","B",null,"M","?","M","$","M","E"],"character_chosen":"DEFECT","items_purchased":["Fruit Juice","Capacitor","Meteor Strike"],"campfire_rested":1,"item_purchase_floors":[3,8,21],"current_hp_per_floor":[56,53,58,58,53,43,43,43,43,31,31,13,40,40,40,3,68,47,47,32,32,9,0,0],"gold":22,"neow_bonus":"THREE_RARE_CARDS","is_daily":false,"chose_seed":false,"campfire_upgraded":3,"win_rate":0.0,"timestamp":1612157016,"path_taken":["M","M","$","M","M","E","R","$","T","E","R","?","R","M","R","BOSS","M","?","M","?","M","E"],"items_purchased_type":["Potion","Card","Card"],"build_version":"2020-12-22","purchased_purges":0,"victory":false,"max_hp_per_floor":[71,71,76,76,76,90,90,90,90,90,90,90,90,90,90,90,90,90,90,90,90,90,90,90],"card_choices":[{"not_picked":["Thunder Strike","Reboot"],"picked":"Core Surge","floor":0},{"not_picked":["Streamline","Compile Driver"],"picked":"Chill","floor":1},{"not_picked":["Chaos","Melter"],"picked":"Ball Lightning","floor":2},{"not_picked":["Heatsinks","Double Energy"],"picked":"Gash","floor":4},{"not_picked":["Chaos","Stack"],"picked":"Cold Snap","floor":5},{"not_picked":["Gash","Rebound"],"picked":"Biased Cognition","floor":6},{"not_picked":["Aggregate","Rebound"],"picked":"Echo Form","floor":10},{"not_picked":["Stack","Chaos"],"picked":"Reinforced Body","floor":14},{"not_picked":["Redo","Skim"],"picked":"Melter","floor":14},{"not_picked":["All For One","Thunder Strike"],"picked":"Biased Cognition","floor":16},{"not_picked":["Gash+1","Ball Lightning+1","Undo"],"picked":"Glacier","floor":18},{"not_picked":["Beam Cell+1","Steam Power","Sweeping Beam"],"picked":"Undo","floor":18},{"not_picked":["Undo","Coolheaded","Ball Lightning"],"picked":"Darkness+1","floor":20},{"not_picked":["FTL","Capacitor","Cold Snap"],"picked":"Fusion+1","floor":20},{"not_picked":["Stack","Recycle","Fusion"],"picked":"Compile Driver","floor":22},{"not_picked":["Sweeping Beam","Cold Snap","Steam"],"picked":"Turbo+1","floor":22}],"player_experience":2859420,"relics_obtained":[{"floor":6,"key":"Mango"},{"floor":9,"key":"Prayer Wheel"},{"floor":10,"key":"Gambling Chip"},{"floor":17,"key":"Bronze Scales"},{"floor":17,"key":"Question Card"},{"floor":17,"key":"Pocketwatch"}],"event_choices":[{"damage_healed":0,"gold_gain":0,"player_choice":"Success","damage_taken":18,"relics_obtained":["Omamori"],"max_hp_gain":0,"max_hp_loss":0,"event_name":"Scrap Ooze","floor":12,"gold_loss":0},{"damage_healed":0,"gold_gain":0,"player_choice":"Traded Relic","damage_taken":0,"relics_obtained":["Nloth\u0027s Gift"],"max_hp_gain":0,"max_hp_loss":0,"event_name":"N\u0027loth","floor":19,"relics_lost":["Cracked Core"],"gold_loss":0}],"is_beta":false,"boss_relics":[{"not_picked":["Runic Dome","Tiny House"],"picked":"Calling Bell"}],"items_purged_floors":[],"is_endless":false,"potions_floor_spawned":[4,5,6,10,20],"killed_by":"Slavers","ascension_level":20}}