{"host":"1c17lcvl7acx821p","time":1612214765,"event":{"mods":["AchievementEnabler","BaseMod","Colored Map","Minty Spire (QoL Compilation)","Quick Restart","Relic Sorter","StSLib"],"gold_per_floor":[113,113,132,132,150,191,191,224,224,268,268,268,288,309,309,408,408,428,428,58,58,81,114,138,162,162,202,221,244,244,244,244],"floor_reached":31,"language":"ENG","playtime":972,"items_purged":["Strike_R"],"score":589,"play_id":"8dd8c94e-5090-4210-b520-f9e4b3b201f7","local_time":"20210201232605","is_ascension_mode":true,"campfire_choices":[{"data":"Twin Strike","floor":7.0,"key":"SMITH"},{"data":"Feed","floor":12.0,"key":"SMITH"},{"floor":15.0,"key":"REST"}],"circlet_count":0,"master_deck":["AscendersBane","Strike_R","Strike_R","Strike_R","Strike_R","Defend_R","Defend_R","Defend_R","Bash","Headbutt","Power Through+1","Twin Strike+1","Shockwave+1","Feed+1","Double Tap","Sever Soul","Sword Boomerang","Offering","Feel No Pain","True Grit","Feel No Pain","Spot Weakness","True Grit","Sentinel","Sentinel","Evolve"],"relics":["Burning Blood","NeowsBlessing","Golden Idol","Mercury Hourglass","War Paint","Pantograph","Lantern","WarpedTongs","Fusion Hammer","Singing Bowl","Nunchaku","White Beast Statue","Red Skull","Enchiridion"],"acts_visited":["Exordium","TheCity"],"potions_floor_usage":[31],"damage_taken":[{"damage":0.0,"enemies":"Jaw Worm","floor":1.0,"turns":1.0},{"damage":0.0,"enemies":"Small Slimes","floor":3.0,"turns":1.0},{"damage":0.0,"enemies":"Cultist","floor":5.0,"turns":1.0},{"damage":0.0,"enemies":"Gremlin Nob","floor":6.0,"turns":3.0},{"damage":16.0,"enemies":"Lagavulin","floor":8.0,"turns":6.0},{"damage":8.0,"enemies":"Gremlin Nob","floor":10.0,"turns":4.0},{"damage":16.0,"enemies":"Blue Slaver","floor":13.0,"turns":5.0},{"damage":9.0,"enemies":"Large Slime","floor":14.0,"turns":4.0},{"damage":61.0,"enemies":"The Guardian","floor":16.0,"turns":10.0},{"damage":2.0,"enemies":"Spheric Guardian","floor":18.0,"turns":3.0},{"damage":6.0,"enemies":"3 Byrds","floor":22.0,"turns":4.0},{"damage":16.0,"enemies":"Gremlin Leader","floor":23.0,"turns":8.0},{"damage":11.0,"enemies":"Shelled Parasite and Fungi","floor":24.0,"turns":4.0},{"damage":29.0,"enemies":"Cultist and Chosen","floor":25.0,"turns":6.0},{"damage":38.0,"enemies":"Book of Stabbing","floor":27.0,"turns":7.0},{"damage":1.0,"enemies":"3 Cultists","floor":28.0,"turns":4.0},{"damage":6.0,"enemies":"Shelled Parasite and Fungi","floor":29.0,"turns":5.0},{"damage":8,"enemies":"Slavers","floor":31,"turns":1}],"seed_played":"-5071404312290489923","potions_obtained":[{"floor":5.0,"key":"AttackPotion"},{"floor":8.0,"key":"SpeedPotion"},{"floor":10.0,"key":"EssenceOfSteel"},{"floor":14.0,"key":"Ancient Potion"},{"floor":27.0,"key":"SteroidPotion"},{"floor":28.0,"key":"ColorlessPotion"},{"floor":29.0,"key":"Dexterity Potion"}],"is_trial":false,"path_per_floor":["M","?","M","?","M","E","R","E","T","E","?","R","M","M","R","B",null,"M","?","$","?","M","E","M","M","T","E","M","M","?","E"],"character_chosen":"IRONCLAD","items_purchased":["Singing Bowl","True Grit"],"campfire_rested":1,"item_purchase_floors":[20,20],"current_hp_per_floor":[74,68,68,61,67,68,68,58,58,56,56,56,50,47,68,21,62,66,66,66,66,72,62,61,42,42,14,25,29,8,0,0],"gold":244,"neow_bonus":"THREE_ENEMY_KILL","is_daily":false,"chose_seed":false,"campfire_upgraded":2,"win_rate":0.0,"timestamp":1612214765,"path_taken":["M","?","M","?","M","E","R","E","T","E","?","R","?","M","R","BOSS","M","?","$","?","?","E","M","M","T","E","M","M","?","E"],"items_purchased_type":["Relic","Card"],"build_version":"2020-12-22","purchased_purges":1,"victory":false,"max_hp_per_floor":[75,68,68,68,68,68,68,68,68,68,68,68,72,72,72,76,76,76,76,76,76,82,82,86,90,90,94,100,104,104,104,104],"card_choices":[{"not_picked":["Warcry","Sentinel"],"picked":"Headbutt","floor":1.0},{"not_picked":["Intimidate","Clash"],"picked":"Power Through","floor":3.0},{"not_picked":["Dual Wield","Iron Wave"],"picked":"Twin Strike","floor":5.0},{"not_picked":["Flex","Heavy Blade"],"picked":"Shockwave","floor":6.0},{"not_picked":["Dropkick","Perfected Strike"],"picked":"Feed","floor":8.0},{"not_picked":["Blood for Blood","Thunderclap"],"picked":"Double Tap","floor":10.0},{"not_picked":["Clothesline","Ghostly Armor"],"picked":"Sever Soul","floor":13.0},{"not_picked":["Clothesline","Cleave"],"picked":"Sword Boomerang","floor":14.0},{"not_picked":["Brutality","Corruption"],"picked":"Offering","floor":16.0},{"not_picked":["Infernal Blade","Perfected Strike"],"picked":"Feel No Pain","floor":18.0},{"not_picked":["Shrug It Off","Sword Boomerang","Iron Wave"],"picked":"Singing Bowl","floor":22.0},{"not_picked":["Fire Breathing","Sword Boomerang"],"picked":"Spot Weakness","floor":23.0},{"not_picked":["Twin Strike+1","Headbutt"],"picked":"True Grit","floor":24.0},{"not_picked":["Iron Wave","Armaments"],"picked":"Sentinel","floor":25.0},{"not_picked":["Warcry","True Grit"],"picked":"Sentinel","floor":27.0},{"not_picked":["Twin Strike","Cleave","Iron Wave"],"picked":"Singing Bowl","floor":28.0},{"not_picked":["Burning Pact","Blood for Blood"],"picked":"Evolve","floor":29.0}],"player_experience":268802,"relics_obtained":[{"floor":6.0,"key":"Mercury Hourglass"},{"floor":8.0,"key":"War Paint"},{"floor":9.0,"key":"Pantograph"},{"floor":10.0,"key":"Lantern"},{"floor":23.0,"key":"Nunchaku"},{"floor":26.0,"key":"White Beast Statue"},{"floor":27.0,"key":"Red Skull"},{"floor":30.0,"key":"Enchiridion"}],"event_choices":[{"damage_healed":0.0,"max_hp_gain":0.0,"max_hp_loss":7.0,"gold_gain":0.0,"event_name":"Golden Idol","player_choice":"Lose Max HP","floor":2.0,"gold_loss":0.0,"damage_taken":0.0,"relics_obtained":["Golden Idol"]},{"cards_removed":["Defend_R"],"damage_healed":0.0,"max_hp_gain":0.0,"max_hp_loss":0.0,"gold_gain":0.0,"event_name":"Golden Wing","player_choice":"Card Removal","floor":4.0,"gold_loss":0.0,"damage_taken":7.0},{"damage_healed":0.0,"max_hp_gain":0.0,"max_hp_loss":0.0,"gold_gain":0.0,"event_name":"Accursed Blacksmith","player_choice":"Rummage","floor":11.0,"gold_loss":0.0,"damage_taken":0.0,"relics_obtained":["WarpedTongs"],"cards_obtained":["Pain"]},{"cards_removed":["Pain"],"damage_healed":0.0,"max_hp_gain":0.0,"max_hp_loss":0.0,"gold_gain":0.0,"event_name":"Back to Basics","player_choice":"Elegance","floor":19.0,"gold_loss":0.0,"damage_taken":0.0},{"damage_healed":0.0,"max_hp_gain":0.0,"max_hp_loss":0.0,"gold_gain":0.0,"event_name":"Duplicator","player_choice":"Copied","floor":21.0,"gold_loss":0.0,"damage_taken":0.0,"cards_obtained":["Feel No Pain"]},{"damage_healed":0.0,"max_hp_gain":0.0,"max_hp_loss":0.0,"gold_gain":0.0,"event_name":"Cursed Tome","player_choice":"Obtained Book","floor":30.0,"gold_loss":0.0,"damage_taken":21.0}],"is_beta":false,"boss_relics":[{"not_picked":["Velvet Choker","Sozu"],"picked":"Fusion Hammer"}],"items_purged_floors":[20],"is_endless":false,"potions_floor_spawned":[5,8,10,14,24,25,27,28,29],"killed_by":"Slavers","ascension_level":15}}