{"host":"u9h06qdlnp3wgzsw","time":1612208194,"event":{"mods":["Act Like it!","BaseMod","Conspire","Curses Come First","Downfall","Hallownest","Hermit","Hubris","Minty Spire (QoL Compilation)","Quick Restart","Rare Cards Sparkle","Replay The Spire","Shop Mod","StSLib","The Disciple","The Hierophant","The Servant 0.9.4"],"gold_per_floor":[114,132,82,28,98,98,127,127,127,52,62,92,92,17,17,113,113,128,142,142,142,162,162,162],"floor_reached":23,"language":"ENG","playtime":1275,"items_purged":["Strike_G"],"score":246,"play_id":"70eff62d-cdfd-4119-9eeb-46e0ac7785f5","local_time":"20210201143634","is_ascension_mode":true,"campfire_choices":[{"floor":6,"key":"REST"},{"data":"Deadly Poison","floor":8,"key":"SMITH"},{"data":"Poison Darts","floor":15,"key":"SMITH"}],"circlet_count":0,"master_deck":["Strike_G","Strike_G","Strike_G","Defend_G","Defend_G","Defend_G","Defend_G","Defend_G","Survivor","Neutralize","Deadly Poison+1","Poison Darts+1","Concentrate","Noxious Fumes","Adrenaline","Venomology"],"relics":["Runic Pyramid","Blood Vial","Vajra","Happy Flower","hubris:PeanutButter","conspire:RoyalGoblet","Replay:Bottled Eggs"],"acts_visited":["Exordium","TheCity"],"potions_floor_usage":[12,16,16,22,23,23],"damage_taken":[{"damage":2,"enemies":"2 Louse","floor":1,"turns":3},{"damage":0,"enemies":"conspire:RoseBush","floor":2,"turns":4},{"damage":9,"enemies":"Lagavulin","floor":7,"turns":9},{"damage":0,"enemies":"Small Slimes","floor":11,"turns":4},{"damage":2,"enemies":"3 Sentries","floor":12,"turns":13},{"damage":14,"enemies":"Fading Forest","floor":16,"turns":11},{"damage":0,"enemies":"Spheric Guardian","floor":18,"turns":1},{"damage":6,"enemies":"Shell Parasite","floor":19,"turns":3},{"damage":1,"enemies":"Snake Plant","floor":22,"turns":4},{"damage":56,"enemies":"Gremlin Leader","floor":23,"turns":4}],"seed_played":"-7050009377358888550","potions_obtained":[{"floor":2,"key":"LiquidMemories"},{"floor":11,"key":"Energy Potion"},{"floor":12,"key":"Swift Potion"},{"floor":18,"key":"Elixir"},{"floor":19,"key":"BlessingOfTheForge"},{"floor":22,"key":"AttackPotion"}],"is_trial":false,"path_per_floor":["M","M","?","$","?","R","E","R","T","$","M","E","?","$","R","B",null,"M","M","?","?","M","E"],"character_chosen":"THE_SILENT","items_purchased":["Deadly Poison","Noxious Fumes"],"campfire_rested":1,"item_purchase_floors":[4,14],"current_hp_per_floor":[68,68,68,68,51,70,61,61,61,61,63,63,63,63,63,59,67,69,64,51,51,52,0,0],"gold":162,"neow_bonus":"BOSS_RELIC","is_daily":false,"chose_seed":false,"campfire_upgraded":2,"win_rate":0.0,"timestamp":1612208194,"path_taken":["M","M","?","$","?","R","E","R","T","$","M","E","?","$","R","BOSS","M","M","?","?","?","E"],"items_purchased_type":["Card","Card"],"build_version":"2020-12-22","purchased_purges":1,"victory":false,"max_hp_per_floor":[70,70,70,70,70,70,70,70,70,70,70,70,70,70,70,70,70,70,70,75,75,75,75,75],"card_choices":[{"not_picked":["Slice","Flying Knee","Dagger Throw"],"picked":"SKIP","floor":1},{"not_picked":["Calculated Gamble","Reflex","Acrobatics"],"picked":"SKIP","floor":2},{"not_picked":["Bane","Predator","Distraction"],"picked":"SKIP","floor":7},{"not_picked":["ReplayTheSpireMod:Scrap Shanks","hubris:SlightOfHand","Blade Dance"],"picked":"SKIP","floor":11},{"not_picked":["PiercingWail","Sucker Punch"],"picked":"Poison Darts","floor":12},{"not_picked":["Unload","After Image"],"picked":"Adrenaline","floor":16},{"not_picked":["Flying Knee","Reflex","Cloak And Dagger"],"picked":"SKIP","floor":18},{"not_picked":["Deflect","Sucker Punch+1","hubris:SlightOfHand+1"],"picked":"SKIP","floor":19},{"not_picked":["Leg Sweep","ReplayTheSpireMod:Exploit Weakness+1"],"picked":"Venomology","floor":22}],"player_experience":989141,"relics_obtained":[{"floor":5,"key":"Blood Vial"},{"floor":7,"key":"Vajra"},{"floor":9,"key":"Happy Flower"},{"floor":12,"key":"hubris:PeanutButter"}],"event_choices":[{"cards_removed":["Strike_G"],"damage_healed":0,"gold_gain":0,"player_choice":"Card Removal","damage_taken":0,"max_hp_gain":0,"max_hp_loss":0,"event_name":"The Cleric","floor":3,"gold_loss":50},{"damage_healed":0,"gold_gain":0,"player_choice":"Shed Blood","damage_taken":18,"max_hp_gain":5,"max_hp_loss":0,"event_name":"Forgotten Altar","floor":20,"gold_loss":0}],"is_beta":false,"boss_relics":[{"not_picked":["Philosopher\u0027s Stone","Kintsugi"],"picked":"conspire:RoyalGoblet"}],"items_purged_floors":[10],"is_endless":false,"potions_floor_spawned":[2,11,12,18,19,22],"killed_by":"Gremlin Leader","ascension_level":5}}