{"host":"ya94u95moedzeoqz","time":1612216959,"event":{"mods":["100% Spire Juice","2.2 Compatiblity","Abigail Mod","Act Like it!","Aspiration","Bartender","BaseMod","Better Altar","Better Match","Better Note","Better Sensory Stone","Better Skull","Better Third Choice","BetterRewards","Energized Spire","Evolution","GifTheSpireLib","KinomotoSakuraMod(????)","Minty Spire (QoL Compilation)","Permanent Neow","Railgun Mod","Reliquary","Replay The Spire","Spicy Shops","Spire Arcade","StSLib","The Alterego","The Forsaken","The Marked","The Senshi","TheSurvivalist","TheVelvet","Yuri Mod"],"gold_per_floor":[114,131,56,73,88,121,162,194,217,242,261,294,294,294,294,391,391,405,421,11,11,29,29,60,72,97,97,113,124,144,170,170,265,265,285,285,298,310,6,21,21,21],"floor_reached":41,"language":"ENG","playtime":10726,"items_purged":["ReplayTheSpireMod:Splinters"],"score":582,"play_id":"8ddce923-dfad-4ccb-9481-decf9aa08464","local_time":"20210201170239","is_ascension_mode":false,"campfire_choices":[{"floor":13.0,"key":"RECALL"},{"data":"survmod:SkillfulManeuver","floor":15.0,"key":"SMITH"},{"data":"survmod:VersatilePower","floor":23.0,"key":"SMITH"},{"floor":27.0,"key":"REST"},{"floor":32,"key":"REST"}],"circlet_count":0,"master_deck":["survmod:Strike","survmod:Strike","survmod:Strike","survmod:Strike+1","survmod:Defend+1","survmod:Defend","survmod:Defend","survmod:Defend","survmod:VersatileOffense","survmod:Sprint","survmod:GoForFace","survmod:SkillfulManeuver+1","survmod:SkillfulManeuver","survmod:AcidArrow","survmod:TwinShot","ReplayTheSpireMod:Brewmster+1","survmod:PiercingShot+1","survmod:MarkTrap","survmod:Hawkeye","survmod:ComplexMutation","survmod:FlashbangTrap","survmod:LeapingShot","survmod:FindCover","survmod:ConcussiveShot","survmod:VersatilePower+1","survmod:FlashbangShot+1","survmod:DuckAndFlare","survmod:FlareQuiver","survmod:DuckAndFlare","survmod:BearTrap","survmod:FlareBarrage+1","survmod:Detonation","survmod:FenceTrap","survmod:ExplosiveTrap+1","survmod:Marksmanship","survmod:AimForTheLiver+1","survmod:Camouflage","survmod:TrickShot+1","survmod:AcidTrap+1","survmod:SurpriseTrap","survmod:MutantEnergy"],"relics":["survmod:InnateMutation","EVO:Axolotl","survmod:SharpenedDagger","Unceasing Top","Thread and Needle","reliquary:PorcupineQuills","ReplayTheSpireMod:Lightbulb","Replay:Baseball","Ring of Misfortune","Ring of Searing","Black Star","reliquary:Bookmark","Cleaning_Rag","Darkstone Periapt","Potion Belt","Durian","Ancient Tea Set","ChewingGum","Replay:Multitool","Sling","Simple Rune"],"acts_visited":["Exordium","TheCity","TheBeyond"],"potions_floor_usage":[30,31,31,31,31,31,31,33,33,33,33,33,33,35,38,40,40,40],"damage_taken":[{"damage":0.0,"enemies":"Jaw Worm","floor":1.0,"turns":5.0},{"damage":0.0,"enemies":"Cultist","floor":2.0,"turns":4.0},{"damage":0.0,"enemies":"Small Slimes","floor":4.0,"turns":6.0},{"damage":1.0,"enemies":"Blue Slaver","floor":5.0,"turns":4.0},{"damage":2.0,"enemies":"Gremlin Nob","floor":6.0,"turns":3.0},{"damage":1.0,"enemies":"3 Sentries","floor":8.0,"turns":9.0},{"damage":0.0,"enemies":"Exordium Wildlife","floor":11.0,"turns":6.0},{"damage":0.0,"enemies":"Lagavulin","floor":12.0,"turns":8.0},{"damage":14.0,"enemies":"The Guardian","floor":16.0,"turns":7.0},{"damage":15.0,"enemies":"2 Thieves","floor":18.0,"turns":5.0},{"damage":0.0,"enemies":"3 Byrds","floor":19.0,"turns":6.0},{"damage":0.0,"enemies":"Centurion and Healer","floor":22.0,"turns":6.0},{"damage":18.0,"enemies":"Slavers","floor":24.0,"turns":7.0},{"damage":0.0,"enemies":"Snecko","floor":25.0,"turns":4.0},{"damage":0.0,"enemies":"Cultist and Chosen","floor":28.0,"turns":8.0},{"damage":13.0,"enemies":"Sentry and Sphere","floor":29.0,"turns":4.0},{"damage":19,"enemies":"3 Cultists","floor":30,"turns":4},{"damage":2,"enemies":"Replay:Snechameleon","floor":31,"turns":8},{"damage":18,"enemies":"Automaton","floor":33,"turns":9},{"damage":17,"enemies":"Orb Walker","floor":35,"turns":6},{"damage":3,"enemies":"3 Shapes","floor":37,"turns":5},{"damage":12,"enemies":"Maw","floor":38,"turns":7},{"damage":27,"enemies":"Sphere and 2 Shapes","floor":40,"turns":4},{"damage":14,"enemies":"Jaw Worm Horde","floor":41,"turns":2}],"seed_played":"-254300146213010178","potions_obtained":[{"floor":2.0,"key":"LiquidBronze"},{"floor":5.0,"key":"FearPotion"},{"floor":8.0,"key":"EntropicBrew"},{"floor":12.0,"key":"Fire Potion"},{"floor":16.0,"key":"AttackPotion"},{"floor":18.0,"key":"Languid Potion"},{"floor":19.0,"key":"AttackPotion"},{"floor":25.0,"key":"SteroidPotion"},{"floor":31,"key":"Energy Potion"},{"floor":33,"key":"Regen Potion"},{"floor":38,"key":"Strength Potion"},{"floor":40,"key":"SpeedPotion"}],"is_trial":false,"path_per_floor":["M","M","?","M","M","E","?","E","T","T","M","E","R","?","R","B",null,"M","M","$","?","M","R","E","M","T","R","M","M","M","E","R","B",null,"M","?","M","M","$","M","M"],"character_chosen":"THE_SURVIVOR","items_purchased":["survmod:SharpenedDagger","survmod:GoForFace","survmod:SkillfulManeuver","Fruit Juice","survmod:FlareQuiver","survmod:DuckAndFlare","reliquary:Bookmark","Sling","Simple Rune"],"campfire_rested":2,"item_purchase_floors":[0,0,0,0,20,20,20,39,39],"current_hp_per_floor":[55,55,55,55,54,52,52,51,51,51,51,51,51,51,51,37,55,40,40,40,40,40,40,22,22,22,38,38,25,6,9,27,9,60,43,43,40,33,33,6,0,0],"gold":21,"neow_bonus":"","is_daily":false,"chose_seed":false,"campfire_upgraded":2,"win_rate":0.0,"timestamp":1612216959,"path_taken":["M","M","?","M","M","E","?","E","T","?","M","E","R","?","R","BOSS","M","M","$","?","M","R","E","M","T","R","M","?","M","E","R","BOSS","M","?","?","M","$","M","M"],"items_purchased_type":["Relic","Card","Card","Potion","Card","Card","Relic","Relic","Relic"],"build_version":"2020-12-22","purchased_purges":1,"victory":false,"max_hp_per_floor":[55,55,55,55,55,55,55,55,55,55,55,55,55,55,55,55,55,55,55,55,55,55,55,55,55,55,55,55,55,55,60,60,60,60,60,60,60,60,60,60,60,60],"card_choices":[{"not_picked":["survmod:FenceTrap","survmod:NockAnArrow"],"picked":"survmod:AcidArrow","floor":1.0},{"not_picked":["survmod:NockAnArrow","survmod:FindCover"],"picked":"survmod:TwinShot","floor":2.0},{"not_picked":["Crow Ritual+1","Panache+1"],"picked":"ReplayTheSpireMod:Brewmster+1","floor":3.0},{"not_picked":["survmod:SkillfulManeuver+1","survmod:TacticalManeuver+1"],"picked":"survmod:PiercingShot+1","floor":3.0},{"not_picked":["survmod:AcidTrap","survmod:PersonalMark"],"picked":"survmod:MarkTrap","floor":4.0},{"not_picked":["survmod:FocusedFire","survmod:PinningSnipe"],"picked":"survmod:Hawkeye","floor":5.0},{"not_picked":["survmod:OverexertingShot","survmod:SwiftKick"],"picked":"survmod:ComplexMutation","floor":6.0},{"not_picked":["survmod:PenetratingShot","survmod:FenceTrap"],"picked":"survmod:FlashbangTrap","floor":7.0},{"not_picked":["survmod:FenceTrap","survmod:SimpleMutation"],"picked":"survmod:LeapingShot","floor":8.0},{"not_picked":["survmod:UnfortunateEscape","survmod:SkillfulManeuver"],"picked":"survmod:FindCover","floor":11.0},{"not_picked":["survmod:NockAnArrow","survmod:FenceTrap"],"picked":"survmod:ConcussiveShot","floor":12.0},{"not_picked":["survmod:MercifulShot","survmod:PerfectPosition"],"picked":"survmod:VersatilePower","floor":16.0},{"not_picked":["survmod:TwinShot","survmod:PinningSnipe+1"],"picked":"survmod:FlashbangShot+1","floor":18.0},{"not_picked":["survmod:SimpleMutation","survmod:FlashbangTrap"],"picked":"survmod:DuckAndFlare","floor":19.0},{"not_picked":["survmod:LongShot","survmod:FlareBarrage"],"picked":"survmod:BearTrap","floor":22.0},{"not_picked":["survmod:DuckAndFlare","survmod:TacticalManeuver"],"picked":"survmod:FlareBarrage+1","floor":24.0},{"not_picked":["survmod:Marksmanship+1","survmod:VersatileDefense"],"picked":"survmod:Detonation","floor":25.0},{"not_picked":["survmod:QuickDash","survmod:FlashbangTrap"],"picked":"survmod:FenceTrap","floor":28.0},{"not_picked":["survmod:RejectWeakness","survmod:AimForTheLiver"],"picked":"survmod:ExplosiveTrap+1","floor":29},{"not_picked":["survmod:PinningSnipe+1","survmod:ComplexMutation"],"picked":"survmod:Marksmanship","floor":30},{"not_picked":["survmod:AcidTrap","survmod:FindCover"],"picked":"survmod:AimForTheLiver+1","floor":31},{"not_picked":["survmod:Detonation","survmod:ConcussiveShot"],"picked":"survmod:Camouflage","floor":33},{"not_picked":["survmod:PenetratingShot+1","survmod:BearTrap"],"picked":"survmod:TrickShot+1","floor":35},{"not_picked":["survmod:ExplosiveTrap","survmod:MarkTrap+1"],"picked":"survmod:AcidTrap+1","floor":37},{"not_picked":["survmod:AimForTheLiver","survmod:FocusedFire"],"picked":"survmod:SurpriseTrap","floor":38},{"not_picked":["survmod:PinningSnipe+1","survmod:FenceTrap+1"],"picked":"survmod:MutantEnergy","floor":40}],"player_experience":517902,"relics_obtained":[{"floor":6.0,"key":"Unceasing Top"},{"floor":7.0,"key":"Thread and Needle"},{"floor":8.0,"key":"reliquary:PorcupineQuills"},{"floor":10.0,"key":"ReplayTheSpireMod:Lightbulb"},{"floor":12.0,"key":"Replay:Baseball"},{"floor":14.0,"key":"Ring of Misfortune"},{"floor":14.0,"key":"Ring of Searing"},{"floor":24.0,"key":"Cleaning_Rag"},{"floor":24.0,"key":"Darkstone Periapt"},{"floor":26.0,"key":"Potion Belt"},{"floor":31,"key":"Durian"},{"floor":31,"key":"Ancient Tea Set"}],"event_choices":[{"damage_healed":0.0,"max_hp_gain":0.0,"max_hp_loss":0.0,"gold_gain":0.0,"event_name":"betterMatch:BetterMatch","player_choice":"2","floor":3.0,"gold_loss":0.0,"damage_taken":0.0,"cards_obtained":["betterMatch:ColorlessRareCard","betterMatch:UncommonCard"]},{"damage_healed":0.0,"max_hp_gain":0.0,"max_hp_loss":0.0,"gold_gain":0.0,"event_name":"betterNote:BetterNote","player_choice":"Ignored","floor":21.0,"gold_loss":0.0,"damage_taken":0.0,"cards_obtained":["yuri:JumpScare"]},{"damage_healed":0,"gold_gain":0,"player_choice":"Gave Potion","damage_taken":0,"relics_obtained":["Replay:Multitool"],"max_hp_gain":0,"max_hp_loss":0,"event_name":"WeMeetAgain","floor":36,"gold_loss":0}],"is_beta":false,"boss_relics":[{"not_picked":["Sozu","Runic Pyramid"],"picked":"Black Star"},{"not_picked":["reliquary:KinkedSpring","Coffee Dripper"],"picked":"ChewingGum"}],"items_purged_floors":[20],"is_endless":false,"potions_floor_spawned":[2,5,8,12,16,18,19,25,31,33,38,40],"killed_by":"Jaw Worm Horde","ascension_level":0}}