{"host":"8d3fefv2347kqkpz","time":1612200258,"event":{"mods":["AchievementEnabler","Act Like it!","Aspiration","BaseMod","Better Vampires","Colored Map","Colored Powertips","Conspire","GifTheSpireLib","Highlight Path","Hubris","Mimic Mod","Minty Spire (QoL Compilation)","Quick Restart","Rare Cards Sparkle","Relic Stats","Replay The Spire","Spicy Shops","StSLib","The Jungle","Waifu the Spire"],"gold_per_floor":[111,111,111,111,134,172,196,196,235,249,265,284,284,308,308,308,308],"floor_reached":16,"language":"ZHS","playtime":438,"items_purged":[],"score":154,"play_id":"b34aa82f-2532-4128-8347-9f005214bdfb","local_time":"20210202012418","is_ascension_mode":false,"campfire_choices":[{"data":"Conserve Battery","floor":8,"key":"SMITH"},{"floor":13,"key":"REST"},{"floor":15,"key":"REST"}],"circlet_count":0,"master_deck":["conspire:GhostlyStrike","conspire:GhostlyStrike","conspire:GhostlyStrike","conspire:GhostlyDefend","conspire:GhostlyDefend","conspire:GhostlyDefend","conspire:GhostlyDefend","Zap","Dualcast","Conserve Battery+1","Panacea","Melter","Leap","Loop","ReplayTheSpireMod:GoodbyeWorld","Rebound","Rebound","Meteor Strike"],"relics":["Cracked Core","NeowsBlessing","Golden Idol","hubris:TenFootPole","Smiling Mask"],"acts_visited":["Exordium"],"potions_floor_usage":[16],"damage_taken":[{"damage":0,"enemies":"2 Louse","floor":1,"turns":1},{"damage":0,"enemies":"Small Slimes","floor":5,"turns":1},{"damage":0,"enemies":"3 Sentries","floor":6,"turns":1},{"damage":1,"enemies":"Cultist","floor":7,"turns":4},{"damage":1,"enemies":"conspire:2 RoseBushes","floor":9,"turns":5},{"damage":3,"enemies":"conspire:2 RoseBushes","floor":10,"turns":4},{"damage":32,"enemies":"Gremlin Gang","floor":11,"turns":7},{"damage":0,"enemies":"3 Louse","floor":12,"turns":3},{"damage":1,"enemies":"2 Fungi Beasts","floor":14,"turns":3},{"damage":66,"enemies":"Hexaghost","floor":16,"turns":9}],"seed_played":"4421151550778489148","potions_obtained":[{"floor":6,"key":"Dexterity Potion"},{"floor":10,"key":"SneckoOil"},{"floor":11,"key":"Adrenaline Potion"}],"is_trial":false,"path_per_floor":["M","?","?","?","M","E","M","R","MIM","M","M","M","R","M","R","B"],"character_chosen":"DEFECT","items_purchased":[],"campfire_rested":2,"item_purchase_floors":[],"current_hp_per_floor":[75,57,57,57,57,57,56,56,55,52,20,20,42,41,63,0,0],"gold":308,"neow_bonus":"THREE_ENEMY_KILL","is_daily":false,"chose_seed":false,"campfire_upgraded":1,"win_rate":0.0,"timestamp":1612200258,"path_taken":["M","?","?","?","?","E","M","R","MIM","?","M","M","R","M","R","BOSS"],"items_purchased_type":[],"build_version":"2020-12-22","purchased_purges":0,"victory":false,"max_hp_per_floor":[75,75,75,75,75,75,75,75,75,75,75,75,75,75,75,75,75],"relic_stats":{"counters":[10,37],"Golden Idol":41,"Smiling Mask":0,"obtain_stats":[{"NeowsBlessing":0,"Golden Idol":2,"hubris:TenFootPole":6,"Cracked Core":0,"Smiling Mask":9},{"NeowsBlessing":0,"Golden Idol":1,"hubris:TenFootPole":3,"Cracked Core":0,"Smiling Mask":5},{"NeowsBlessing":0,"Golden Idol":1,"hubris:TenFootPole":3,"Cracked Core":0,"Smiling Mask":12}]},"card_choices":[{"not_picked":["Barrage","hubris:PowerSurge"],"picked":"Conserve Battery","floor":1},{"not_picked":["ReplayTheSpireMod:System Scan","Go for the Eyes","Hologram"],"picked":"SKIP","floor":5},{"not_picked":["Coolheaded","Darkness"],"picked":"Melter","floor":6},{"not_picked":["Scrape","Coolheaded"],"picked":"Leap","floor":7},{"not_picked":["BasicCrystalCard","Sunder"],"picked":"Loop","floor":9},{"not_picked":["Beam Cell","Compile Driver"],"picked":"ReplayTheSpireMod:GoodbyeWorld","floor":10},{"not_picked":["Compile Driver","Sweeping Beam"],"picked":"Rebound","floor":11},{"not_picked":["Chill","Steam"],"picked":"Rebound","floor":12},{"not_picked":["Go for the Eyes","Gash"],"picked":"Meteor Strike","floor":14}],"player_experience":240355,"relics_obtained":[{"floor":6,"key":"hubris:TenFootPole"},{"floor":9,"key":"Smiling Mask"}],"event_choices":[{"damage_healed":0,"gold_gain":0,"player_choice":"Take Damage","damage_taken":18,"relics_obtained":["Golden Idol"],"max_hp_gain":0,"max_hp_loss":0,"event_name":"Golden Idol","floor":2,"gold_loss":0},{"damage_healed":0,"gold_gain":0,"player_choice":"Agree","damage_taken":0,"max_hp_gain":0,"max_hp_loss":0,"event_name":"conspire:LoneGhost","floor":3,"gold_loss":0},{"damage_healed":0,"gold_gain":0,"cards_transformed":["conspire:GhostlyStrike"],"player_choice":"Transformed","damage_taken":0,"max_hp_gain":0,"max_hp_loss":0,"event_name":"Transmorgrifier","floor":4,"gold_loss":0,"cards_obtained":["Panacea"]}],"is_beta":false,"boss_relics":[],"items_purged_floors":[],"is_endless":false,"potions_floor_spawned":[6,10,11,14],"killed_by":"Hexaghost","ascension_level":0}}