{"host":"czyddnh1ekzxzhp2","time":1612143359,"event":{"mods":["BaseMod","Better Third Choice","BetterRewards","Hermit","Minty Spire (QoL Compilation)","StSLib"],"gold_per_floor":[119,132,132,147,147,174,23,48,86,124,311,355,378,23,23,118,118,131,230,230,230,248,248,248],"floor_reached":23,"language":"ENG","playtime":10986,"items_purged":["hermit:Strike_Hermit","hermit:Defend_Hermit","hermit:Strike_Hermit"],"score":228,"play_id":"f4f8b669-e56a-4e02-9a8e-baadd23c5ebe","local_time":"20210131203559","is_ascension_mode":true,"campfire_choices":[{"floor":15,"key":"REST"}],"circlet_count":0,"master_deck":["hermit:Strike_Hermit+1","hermit:Strike_Hermit+1","hermit:Defend_Hermit+1","hermit:Defend_Hermit+1","hermit:Covet+1","hermit:Virtue","hermit:Enervate+1","hermit:Maintenance","hermit:EternalForm","hermit:CursedWeapon"],"relics":["hermit:Momento","Anchor","hermit:RyeStalk","Art of War","Lee\u0027s Waffle","MawBank","Whetstone","Calipers","Pen Nib","Shuriken","Empty Cage"],"acts_visited":["Exordium","TheCity"],"potions_floor_usage":[16,23,23],"damage_taken":[{"damage":1,"enemies":"Cultist","floor":1,"turns":3},{"damage":0,"enemies":"2 Louse","floor":2,"turns":2},{"damage":0,"enemies":"Jaw Worm","floor":4,"turns":2},{"damage":34,"enemies":"3 Sentries","floor":6,"turns":11},{"damage":38,"enemies":"Gremlin Nob","floor":8,"turns":6},{"damage":13,"enemies":"Lagavulin","floor":10,"turns":8},{"damage":2,"enemies":"3 Sentries","floor":12,"turns":7},{"damage":8,"enemies":"2 Fungi Beasts","floor":13,"turns":4},{"damage":8,"enemies":"Slime Boss","floor":16,"turns":9},{"damage":16,"enemies":"3 Byrds","floor":18,"turns":8},{"damage":2,"enemies":"Chosen","floor":22,"turns":3},{"damage":70,"enemies":"Book of Stabbing","floor":23,"turns":7}],"seed_played":"-4998216193204955293","potions_obtained":[{"floor":1,"key":"Strength Potion"},{"floor":2,"key":"ColorlessPotion"},{"floor":12,"key":"hermit:Tonic"},{"floor":16,"key":"hermit:Eclipse"}],"is_trial":false,"path_per_floor":["M","M","?","M","?","E","$","E","T","E","?","E","M","$","R","B",null,"M","?","?","?","M","E"],"character_chosen":"HERMIT","items_purchased":["Anchor","hermit:RyeStalk","Lee\u0027s Waffle","Shuriken"],"campfire_rested":1,"item_purchase_floors":[0,0,7,14],"current_hp_per_floor":[39,39,39,39,44,10,87,49,49,36,36,34,26,26,52,44,87,71,71,71,71,69,0,0],"gold":248,"neow_bonus":"","is_daily":false,"chose_seed":false,"campfire_upgraded":0,"win_rate":0.0,"timestamp":1612143359,"path_taken":["M","M","?","?","?","E","?","E","T","E","?","E","M","$","R","BOSS","M","?","?","?","?","E"],"items_purchased_type":["Relic","Relic","Relic","Relic"],"build_version":"2020-12-22","purchased_purges":3,"victory":false,"max_hp_per_floor":[75,75,75,75,80,80,87,87,87,87,87,87,87,87,87,87,87,87,87,87,87,87,87,87],"card_choices":[{"not_picked":["hermit:Snipe","hermit:Roulette"],"picked":"hermit:Virtue","floor":1},{"not_picked":["hermit:Dive","hermit:LowProfile"],"picked":"hermit:Enervate","floor":2},{"not_picked":["hermit:HighCaliber","hermit:Ricochet"],"picked":"hermit:Maintenance","floor":4},{"not_picked":["hermit:Roulette","hermit:Adapt"],"picked":"hermit:EternalForm","floor":6},{"not_picked":["hermit:SprayPray","hermit:CalledShot","hermit:Desperado"],"picked":"SKIP","floor":8},{"not_picked":["hermit:Misfire","hermit:FatalDesire","hermit:DeadMansHand"],"picked":"SKIP","floor":10},{"not_picked":["hermit:DeadMansHand","hermit:FullyLoaded"],"picked":"hermit:CursedWeapon","floor":12},{"not_picked":["hermit:Misfire","hermit:Manifest","hermit:HoleUp"],"picked":"SKIP","floor":13},{"not_picked":["hermit:WideOpen","hermit:Coalescence","hermit:HoleUp"],"picked":"SKIP","floor":18},{"not_picked":["hermit:Horror","hermit:TakeCover","hermit:WideOpen"],"picked":"SKIP","floor":22}],"player_experience":872020,"relics_obtained":[{"floor":6,"key":"Art of War"},{"floor":8,"key":"MawBank"},{"floor":9,"key":"Whetstone"},{"floor":10,"key":"Calipers"},{"floor":12,"key":"Pen Nib"}],"event_choices":[{"damage_healed":0,"gold_gain":0,"player_choice":"Forge","damage_taken":0,"max_hp_gain":0,"max_hp_loss":0,"event_name":"Accursed Blacksmith","floor":3,"gold_loss":0,"cards_upgraded":["hermit:Covet"]},{"damage_healed":0,"gold_gain":0,"player_choice":"Donut","damage_taken":0,"max_hp_gain":5,"max_hp_loss":0,"event_name":"Big Fish","floor":5,"gold_loss":0},{"damage_healed":0,"gold_gain":175,"player_choice":"AGREE","damage_taken":136,"max_hp_gain":0,"max_hp_loss":0,"event_name":"betterThird:BetterSerpent","floor":11,"gold_loss":0},{"damage_healed":0,"gold_gain":99,"player_choice":"Steal","damage_taken":0,"max_hp_gain":0,"max_hp_loss":0,"event_name":"betterThird:BetterNest","floor":19,"gold_loss":0},{"damage_healed":0,"gold_gain":0,"player_choice":"Simplicity","damage_taken":0,"max_hp_gain":0,"max_hp_loss":3,"event_name":"betterThird:BetterWriting","floor":20,"gold_loss":0},{"cards_removed":["Doubt"],"damage_healed":0,"gold_gain":0,"player_choice":"Purged","damage_taken":0,"max_hp_gain":0,"max_hp_loss":0,"event_name":"Purifier","floor":21,"gold_loss":0}],"is_beta":false,"boss_relics":[{"not_picked":["Cursed Key","Sozu"],"picked":"Empty Cage"}],"items_purged_floors":[0,0,14],"is_endless":false,"potions_floor_spawned":[1,2,12,16,22],"killed_by":"Book of Stabbing","ascension_level":1}}