{"host":"ueaeb6fe0hvwaqzf","time":1612193277,"event":{"mods":["2.2 Compatiblity","AchievementEnabler","Act Like it!","Aspiration","BaseMod","BetterRewards","Clawfect","Colored Map","Colored Powertips","Conspire","Defuse TimeMaze Blight","Downfall","Energized Spire","GifTheSpireLib","GungeonMod","Hallownest","Highlight Path","Hubris","Infinite Spire","Koishi","Marisa????????","Mimic Mod","Minty Spire (QoL Compilation)","Pale of the Ancients","Permanent Neow","Quick Restart","Random Character Button","Remilia??????","Replay The Spire","StSLib","Stuff the Spire","Td1madao Mod","The Bug Knight","The Disciple","The IronCluck","The Servant 0.9.4","slay the spire mod where everything is the same but ironclad has a cowboy hat"],"gold_per_floor":[99,116,134,167,183,183,183,183,215,225,242,45,45,74,89,193,193,93,107,127,140,156,207,207,207,207,207,222,222,222,62,82,184,184,184,196,196,206,116,116,116,129,162,162,47,47,47,47,60,60],"floor_reached":51,"language":"ENG","playtime":2950,"items_purged":["champ:Strike","champ:Defend"],"score":762,"play_id":"5d3ffbd7-7855-4a6d-80d0-e2c46bdc400e","local_time":"20210201152757","is_ascension_mode":false,"campfire_choices":[{"data":"champ:FlashCut","floor":8,"key":"SMITH"},{"data":"champ:BringItOn","floor":13,"key":"SMITH"},{"floor":18,"key":"DIG"},{"data":"champ:HoldFirm","floor":25,"key":"SMITH"},{"floor":27,"key":"REST"},{"data":"champ:StanceDance","floor":29,"key":"SMITH"},{"data":"champ:Strike","floor":35,"key":"PURGE"},{"data":"champ:UltimateStance","floor":40,"key":"SMITH"},{"data":"champ:AdrenalArmor","floor":44,"key":"SMITH"},{"data":"champ:GladiatorForm","floor":47,"key":"SMITH"}],"circlet_count":0,"master_deck":["champ:Strike+1","champ:Strike+1","champ:Defend","champ:Defend","champ:Defend","champ:Execute","champ:Taunt","champ:Backstep","champ:PreciseThrust+1","champ:RapidStrikes","champ:FlashCut+1","champ:SkillfulDodge","champ:ShieldWall","champ:GutPunch","champ:BringItOn+1","champ:IronFortress","champ:StanceDance+1","champ:Endure","champ:HoldFirm+1","champ:GutPunch+1","champ:AdrenalArmor+1","champ:Shatter","champ:BringItOn+1","champ:Circumvent+1","Delirium","champ:FlashCut+1","champ:UltimateStance+1","champ:TornadoPunch+1","champ:SteelEdge","champ:AdrenalArmor+1","champ:HeartStrike","champ:StanceDance+1","champ:AdrenalArmor+1","champ:BerserkersShout","champ:GladiatorForm+1","champ:FocusedBerserking+1"],"relics":["infinitespire:Cupcake","infinitespire:PuzzleCube","Mummified Hand","Whetstone","HandDrill","hubris:RunicObelisk","downfall:HeartBlessingGreen","ReplayTheSpireMod:Lightbulb","hubris:TinFlute","infinitespire:Bottled Soul","downfall:RedIOU","Ring of Hypnosis","ReplayTheSpireMod:Ring of Addiction","hubris:EmptyBottle","White Beast Statue","conspire:RunicOctahedron","HornCleat","Pear"],"acts_visited":["Exordium","TheCity","TheBeyond"],"potions_floor_usage":[16,16,33,33,33,36,36,38,38,39,39,42,42,43,43,50,50,50,50,50],"damage_taken":[{"damage":10,"enemies":"Jaw Worm","floor":2,"turns":4},{"damage":21,"enemies":"Small Slimes","floor":3,"turns":4},{"damage":22,"enemies":"conspire:MimicChest","floor":4,"turns":5},{"damage":10,"enemies":"2 Louse","floor":5,"turns":2},{"damage":20,"enemies":"3 Sentries","floor":9,"turns":7},{"damage":10,"enemies":"Exordium Wildlife","floor":10,"turns":3},{"damage":15,"enemies":"Exordium Thugs","floor":11,"turns":4},{"damage":20,"enemies":"downfall:FleeingMerchant","floor":12,"turns":4},{"damage":0,"enemies":"Replay:BlueRogue","floor":14,"turns":4},{"damage":10,"enemies":"Large Slime","floor":15,"turns":5},{"damage":45,"enemies":"DF_ARCHETYPE_STREAMLINE","floor":16,"turns":9},{"damage":18,"enemies":"3 Byrds","floor":19,"turns":6},{"damage":5,"enemies":"Shell Parasite","floor":20,"turns":3},{"damage":22,"enemies":"Centurion and Healer","floor":21,"turns":5},{"damage":30,"enemies":"Sentry and Sphere","floor":22,"turns":5},{"damage":7,"enemies":"Shelled Parasite and Fungi","floor":28,"turns":4},{"damage":25,"enemies":"downfall:FleeingMerchant","floor":31,"turns":4},{"damage":10,"enemies":"Snake Plant","floor":32,"turns":2},{"damage":25,"enemies":"SI_MIRROR_ARCHETYPE","floor":33,"turns":11},{"damage":0,"enemies":"Orb Walker","floor":36,"turns":2},{"damage":25,"enemies":"3 Darklings","floor":38,"turns":6},{"damage":10,"enemies":"downfall:FleeingMerchant","floor":39,"turns":4},{"damage":32,"enemies":"Transient","floor":42,"turns":5},{"damage":50,"enemies":"R_Hoarder","floor":43,"turns":8},{"damage":45,"enemies":"downfall:FleeingMerchant","floor":45,"turns":4},{"damage":32,"enemies":"4 Shapes","floor":49,"turns":6},{"damage":107,"enemies":"WA_ARCHETYPE_DIVINITY","floor":50,"turns":7}],"seed_played":"3495972496760561586","potions_obtained":[{"floor":3,"key":"FearPotion"},{"floor":9,"key":"BlessingOfTheForge"},{"floor":11,"key":"SkillPotion"},{"floor":20,"key":"SpeedPotion"},{"floor":21,"key":"champ:CounterPotion"},{"floor":28,"key":"PowerPotion"},{"floor":31,"key":"DemoMod:LeadSkinPotion"},{"floor":33,"key":"Toxic Potion"},{"floor":36,"key":"AttackPotion"},{"floor":38,"key":"Swift Potion"},{"floor":39,"key":"GamblersBrew"},{"floor":42,"key":"champ:TechniquePotion"},{"floor":43,"key":"conspire:TimeTravelPotion"},{"floor":45,"key":"PowerPotion"}],"is_trial":false,"path_per_floor":["R_BF","M","M","?","M","?","T","R","E","M","M","$","R","E","M","B",null,"R_BF","M","M","M","M","?","T","R","?","R","M","R","?","$","M","B",null,"R_BF","M","?","M","$","R","T","M","E","R","$","?","R","?","M","B",null],"character_chosen":"THE_CHAMP","items_purchased":["HandDrill","champ:IronFortress","champ:UltimateStance"],"campfire_rested":1,"item_purchase_floors":[12,12,31],"current_hp_per_floor":[95,95,94,92,92,92,92,92,92,92,87,87,87,87,87,67,95,95,87,87,85,85,47,47,47,47,75,68,68,68,68,68,63,95,95,95,95,95,95,95,95,93,103,103,103,103,103,103,96,39],"gold":60,"neow_bonus":"BOSS_RELIC","is_daily":false,"chose_seed":false,"campfire_upgraded":7,"win_rate":0.0,"timestamp":1612193277,"path_taken":["R_BF","M","M","?","M","?","T","R","E","M","M","?","R","E","M","BOSS","R_BF","M","M","M","M","?","T","R","?","R","M","R","?","$","M","BOSS","R_BF","M","?","M","?","R","T","M","E","R","$","?","R","?","M","BOSS"],"items_purchased_type":["Relic","Card","Card"],"build_version":"2020-12-22","purchased_purges":2,"victory":true,"max_hp_per_floor":[95,95,95,95,95,95,95,95,95,95,95,95,95,95,95,95,95,95,95,95,95,95,95,95,95,95,95,95,95,95,95,95,95,95,95,95,95,95,95,95,95,95,105,105,105,105,103,103,103,101],"card_choices":[{"not_picked":["champ:EnGarde","champ:Duel"],"picked":"champ:Backstep","floor":2},{"not_picked":["champ:BladeFlurry","champ:CrownThrow"],"picked":"champ:PreciseThrust","floor":3},{"not_picked":["champ:BladeFlurry","champ:BringItOn"],"picked":"champ:RapidStrikes","floor":4},{"not_picked":["champ:CheapShot","champ:Endure"],"picked":"champ:FlashCut","floor":5},{"not_picked":["champ:CrookedStrike","champ:BringItOn"],"picked":"champ:SkillfulDodge","floor":9},{"not_picked":["champ:BringItOn","champ:EnGarde"],"picked":"champ:ShieldWall","floor":10},{"not_picked":["champ:Backstep","champ:GladiatorStyle"],"picked":"champ:GutPunch","floor":11},{"not_picked":["champ:BerserkersShout","champ:RecklessLeap"],"picked":"champ:BringItOn","floor":12},{"not_picked":["champ:Parry","champ:VampiricStrike"],"picked":"champ:StanceDance","floor":14},{"not_picked":["champ:HeartStrike","champ:PerfectedStrike"],"picked":"champ:Endure","floor":15},{"not_picked":["champ:Devastate","champ:Improvising"],"picked":"champ:HoldFirm","floor":16},{"not_picked":["champ:BladeFlurry","champ:CalledShot","champ:HeartStrike+1"],"picked":"SKIP","floor":19},{"not_picked":["champ:CrownThrow","champ:BladeFlurry"],"picked":"champ:GutPunch+1","floor":20},{"not_picked":["champ:EnGarde","champ:FalseCounter"],"picked":"champ:AdrenalArmor+1","floor":21},{"not_picked":["champ:Circumvent","champ:Haymaker"],"picked":"champ:Shatter","floor":22},{"not_picked":["champ:EndlessRage","champ:DefensiveShout"],"picked":"champ:BringItOn+1","floor":23},{"not_picked":["champ:HeartStrike","champ:BerserkersShout"],"picked":"champ:Circumvent+1","floor":28},{"not_picked":["champ:StanceDance","champ:CrownThrow+1"],"picked":"champ:FlashCut+1","floor":31},{"not_picked":["champ:Circumvent","champ:FanOfKnives"],"picked":"champ:TornadoPunch+1","floor":32},{"not_picked":["champ:SwordThrow","champ:DancingMaster"],"picked":"champ:SteelEdge","floor":33},{"not_picked":["champ:GutPunch","champ:TornadoPunch"],"picked":"champ:AdrenalArmor+1","floor":36},{"not_picked":["champ:StanceDance","champ:BladeFlurry"],"picked":"champ:HeartStrike","floor":38},{"not_picked":["champ:Backstep+1","champ:PreciseThrust+1"],"picked":"champ:StanceDance+1","floor":39},{"not_picked":["champ:DefensiveShout","champ:BladeFlurry+1"],"picked":"champ:AdrenalArmor","floor":42},{"not_picked":["champ:Backstep+1","champ:StanceDance"],"picked":"champ:BerserkersShout","floor":43},{"not_picked":["champ:CheapShot","champ:FlashCut+1"],"picked":"champ:GladiatorForm","floor":45},{"not_picked":["champ:PreciseThrust+1","champ:TornadoPunch"],"picked":"champ:FocusedBerserking+1","floor":49}],"player_experience":243900,"relics_obtained":[{"floor":4,"key":"infinitespire:PuzzleCube"},{"floor":7,"key":"Mummified Hand"},{"floor":9,"key":"Whetstone"},{"floor":14,"key":"DemoMod:WhiteGuonStone"},{"floor":18,"key":"ReplayTheSpireMod:Lightbulb"},{"floor":23,"key":"hubris:TinFlute"},{"floor":24,"key":"infinitespire:Bottled Soul"},{"floor":30,"key":"Ring of Hypnosis"},{"floor":30,"key":"ReplayTheSpireMod:Ring of Addiction"},{"floor":30,"key":"hubris:EmptyBottle"},{"floor":30,"key":"White Beast Statue"},{"floor":41,"key":"HornCleat"},{"floor":43,"key":"Pear"}],"event_choices":[{"damage_healed":0,"gold_gain":0,"player_choice":"Donut","damage_taken":0,"max_hp_gain":5,"max_hp_loss":0,"event_name":"Big Fish","floor":1,"gold_loss":0}],"is_beta":false,"boss_relics":[{"not_picked":["hubris:BlackHole","hubris:TerracottaHorce"],"picked":"hubris:RunicObelisk"},{"not_picked":["Fusion Hammer","aspiration:FutureDiary"],"picked":"conspire:RunicOctahedron"}],"items_purged_floors":[39,45],"is_endless":false,"potions_floor_spawned":[3,9,11,14,20,21,22,28,31,32,33,36,38,39,42,43,45,49],"ascension_level":0}}