{"host":"7sni158j623xchr2","time":1612205368,"event":{"mods":["BaseMod","Colored Map","Highlight Path","Minty Spire (QoL Compilation)","Permanent Neow","Potion Indicator Mod","Rare Cards Sparkle","Relic Sorter","Relic Stats","StSLib","everything is the same but u backflip on backflip"],"gold_per_floor":[118,135,152,102,27,57,57,92,118,145,145,157,157,218,218,314,314,329,229,229,248,15,45,45,78,78,97,97,97,117,133,133,133,133],"floor_reached":33,"language":"ENG","playtime":858,"items_purged":["Strike_B","Strike_B","Defend_B"],"score":333,"play_id":"6a204898-3fbe-4059-a2db-be762895fd56","local_time":"20210201124928","is_ascension_mode":true,"campfire_choices":[{"data":"Sunder","floor":7,"key":"SMITH"},{"data":"Zap","floor":11,"key":"SMITH"},{"data":"Genetic Algorithm","floor":13,"key":"SMITH"},{"data":"Dualcast","floor":15,"key":"SMITH"},{"floor":29,"key":"REST"},{"floor":32,"key":"REST"}],"circlet_count":0,"master_deck":["Defend_B","Defend_B","Zap+1","Dualcast+1","Sweeping Beam","Sunder+1","Genetic Algorithm+1","Glacier","Ball Lightning","Storm","Core Surge","Core Surge","Compile Driver+1","Auto Shields","BootSequence","Doom and Gloom","Defragment","White Noise","FTL+1","Fusion","Turbo"],"relics":["Cracked Core","Bag of Marbles","Dream Catcher","Centennial Puzzle","Akabeko","Omamori","SacredBark","Potion Belt","Letter Opener","Singing Bowl"],"acts_visited":["Exordium","TheCity"],"potions_floor_usage":[6,6,8,10,10,14,33,33,33],"damage_taken":[{"damage":1,"enemies":"Cultist","floor":1,"turns":4},{"damage":7,"enemies":"Jaw Worm","floor":2,"turns":3},{"damage":12,"enemies":"Small Slimes","floor":3,"turns":2},{"damage":22,"enemies":"3 Sentries","floor":6,"turns":5},{"damage":4,"enemies":"Gremlin Nob","floor":8,"turns":3},{"damage":6,"enemies":"Lagavulin","floor":10,"turns":6},{"damage":0,"enemies":"3 Louse","floor":12,"turns":2},{"damage":6,"enemies":"Lagavulin Event","floor":14,"turns":4},{"damage":2,"enemies":"Slime Boss","floor":16,"turns":7},{"damage":7,"enemies":"Chosen","floor":18,"turns":3},{"damage":4,"enemies":"Shell Parasite","floor":21,"turns":2},{"damage":21,"enemies":"Gremlin Leader","floor":23,"turns":7},{"damage":6,"enemies":"Book of Stabbing","floor":25,"turns":6},{"damage":11,"enemies":"Shelled Parasite and Fungi","floor":27,"turns":4},{"damage":0,"enemies":"Centurion and Healer","floor":30,"turns":6},{"damage":13,"enemies":"Chosen and Byrds","floor":31,"turns":4},{"damage":76,"enemies":"Collector","floor":33,"turns":7}],"seed_played":"-5753907496759892218","potions_obtained":[{"floor":0,"key":"Ancient Potion"},{"floor":0,"key":"SneckoOil"},{"floor":0,"key":"BlessingOfTheForge"},{"floor":3,"key":"FearPotion"},{"floor":6,"key":"Regen Potion"},{"floor":8,"key":"BlessingOfTheForge"},{"floor":12,"key":"BlessingOfTheForge"},{"floor":18,"key":"Explosive Potion"},{"floor":30,"key":"LiquidMemories"},{"floor":31,"key":"DuplicationPotion"}],"is_trial":false,"path_per_floor":["M","M","M","?","$","E","R","E","T","E","R","M","R","?","R","B",null,"M","$","?","M","$","E","$","E","T","M","?","R","M","M","R","B"],"character_chosen":"DEFECT","items_purchased":["Defragment","White Noise"],"campfire_rested":2,"item_purchase_floors":[22,22],"current_hp_per_floor":[74,67,55,55,55,33,33,29,29,38,38,38,38,32,32,30,75,68,68,68,64,64,43,43,37,37,28,14,40,42,31,57,0,0],"gold":133,"neow_bonus":"THREE_SMALL_POTIONS","is_daily":false,"chose_seed":false,"campfire_upgraded":4,"win_rate":0.0,"timestamp":1612205368,"path_taken":["M","M","?","?","$","E","R","E","T","E","R","M","R","?","R","BOSS","M","$","?","M","$","E","$","E","T","M","?","R","M","M","R","BOSS"],"items_purchased_type":["Card","Card"],"build_version":"2020-12-22","purchased_purges":3,"victory":false,"max_hp_per_floor":[75,75,75,75,75,75,75,75,75,75,75,75,75,75,75,75,75,75,75,75,75,75,75,75,75,75,77,82,84,86,88,88,88,88],"relic_stats":{"Dream Catcher":2,"Centennial Puzzle":[30],"Singing Bowl":8,"counters":[17,75],"Letter Opener":[60],"obtain_stats":[{"Potion Belt":23,"Dream Catcher":8,"Centennial Puzzle":9,"Singing Bowl":26,"SacredBark":17,"Bag of Marbles":6,"Omamori":14,"Letter Opener":25,"Cracked Core":0,"Akabeko":10},{"Potion Belt":12,"Dream Catcher":5,"Centennial Puzzle":5,"Singing Bowl":13,"SacredBark":9,"Bag of Marbles":4,"Omamori":7,"Letter Opener":13,"Cracked Core":0,"Akabeko":6},{"Potion Belt":48,"Dream Catcher":17,"Centennial Puzzle":17,"Singing Bowl":54,"SacredBark":36,"Bag of Marbles":14,"Omamori":25,"Letter Opener":54,"Cracked Core":0,"Akabeko":23}]},"card_choices":[{"not_picked":["Gash","Streamline"],"picked":"Sweeping Beam","floor":1},{"not_picked":["Stack","Rainbow"],"picked":"Sunder","floor":2},{"not_picked":["Capacitor","Coolheaded"],"picked":"Genetic Algorithm","floor":3},{"not_picked":["Beam Cell","Turbo","Undo"],"picked":"SKIP","floor":6},{"not_picked":["Fission","Reboot"],"picked":"Glacier","floor":8},{"not_picked":["Reprogram","Hologram"],"picked":"Ball Lightning","floor":10},{"not_picked":["Heatsinks","Steam"],"picked":"Storm","floor":12},{"not_picked":["Turbo","Blizzard"],"picked":"Core Surge","floor":14},{"not_picked":["Thunder Strike","Multi-Cast"],"picked":"Core Surge","floor":16},{"not_picked":["Leap","Beam Cell"],"picked":"Compile Driver+1","floor":18},{"not_picked":["Lockon+1","Go for the Eyes"],"picked":"Doom and Gloom","floor":21},{"not_picked":["Darkness","Sunder"],"picked":"FTL+1","floor":23},{"not_picked":["Meteor Strike","Skim+1"],"picked":"Fusion","floor":25},{"not_picked":["Stack","Turbo","Steam+1"],"picked":"Singing Bowl","floor":27},{"not_picked":["Gash+1","Streamline","Turbo"],"picked":"Singing Bowl","floor":29},{"not_picked":["Stack+1","Sweeping Beam","Blizzard"],"picked":"Singing Bowl","floor":30},{"not_picked":["Compile Driver","Stack","Turbo"],"picked":"Singing Bowl","floor":31},{"not_picked":["Chaos+1","Self Repair"],"picked":"Turbo","floor":32}],"player_experience":1738031,"relics_obtained":[{"floor":6,"key":"Bag of Marbles"},{"floor":8,"key":"Dream Catcher"},{"floor":9,"key":"Centennial Puzzle"},{"floor":10,"key":"Akabeko"},{"floor":23,"key":"Potion Belt"},{"floor":25,"key":"Letter Opener"},{"floor":26,"key":"Singing Bowl"}],"event_choices":[{"cards_removed":["Strike_B"],"damage_healed":0,"gold_gain":0,"player_choice":"Card Removal","damage_taken":0,"max_hp_gain":0,"max_hp_loss":0,"event_name":"The Cleric","floor":4,"gold_loss":50},{"damage_healed":0,"gold_gain":0,"player_choice":"Searched \u00272\u0027 times","damage_taken":0,"relics_obtained":["Omamori"],"max_hp_gain":0,"max_hp_loss":0,"event_name":"Dead Adventurer","floor":14,"gold_loss":0},{"damage_healed":0,"gold_gain":0,"cards_transformed":["Strike_B","Defend_B"],"player_choice":"Became Test Subject","damage_taken":0,"max_hp_gain":0,"max_hp_loss":0,"event_name":"Drug Dealer","floor":20,"gold_loss":0,"cards_obtained":["Auto Shields","BootSequence"]},{"damage_healed":0,"gold_gain":0,"player_choice":"Shed Blood","damage_taken":19,"max_hp_gain":5,"max_hp_loss":0,"event_name":"Forgotten Altar","floor":28,"gold_loss":0}],"is_beta":false,"boss_relics":[{"not_picked":["Runic Dome","Runic Pyramid"],"picked":"SacredBark"}],"items_purged_floors":[5,19,22],"is_endless":false,"potions_floor_spawned":[3,6,8,12,18,30,31],"killed_by":"Collector","ascension_level":2}}