{"host":"wuernuywc9gl215o","time":1612164333,"event":{"mods":["AchievementEnabler","BaseMod","Block Reminder","Key Reminder","Minty Spire (QoL Compilation)","Permanent Neow","Potion Indicator Mod","Quick Restart","Relic Stats"],"gold_per_floor":[113,126,137,137,150,150,176,194,267,10,10,10],"floor_reached":11,"language":"ENG","playtime":661,"items_purged":[],"score":150,"play_id":"0cac50d4-fe0e-4503-a34a-9b4fa05c1c40","local_time":"20210201072533","is_ascension_mode":true,"campfire_choices":[{"data":"Bash","floor":6.0,"key":"SMITH"}],"circlet_count":0,"master_deck":["AscendersBane","Strike_R","Strike_R","Strike_R","Strike_R","Strike_R","Defend_R","Defend_R","Defend_R","Defend_R","Bash+1","Shrug It Off","Pommel Strike","Cleave","Blood for Blood","Havoc","Clothesline","Shrug It Off","Immolate","Dark Shackles"],"relics":["Black Star","Omamori","Prayer Wheel","Singing Bowl"],"acts_visited":["Exordium"],"potions_floor_usage":[],"damage_taken":[{"damage":4.0,"enemies":"2 Louse","floor":1.0,"turns":5.0},{"damage":9.0,"enemies":"Cultist","floor":2.0,"turns":4.0},{"damage":9.0,"enemies":"Jaw Worm","floor":3.0,"turns":5.0},{"damage":9.0,"enemies":"Blue Slaver","floor":5.0,"turns":6.0},{"damage":57.0,"enemies":"Lagavulin","floor":7.0,"turns":7.0},{"damage":2,"enemies":"Red Slaver","floor":8,"turns":4},{"damage":14,"enemies":"Gremlin Nob","floor":11,"turns":3}],"seed_played":"-6338572327772460747","potions_obtained":[{"floor":5.0,"key":"Ancient Potion"}],"is_trial":false,"path_per_floor":["M","M","M","?","M","R","E","M","T","$","E"],"character_chosen":"IRONCLAD","items_purchased":["Immolate","Dark Shackles"],"campfire_rested":0,"item_purchase_floors":[10,10],"current_hp_per_floor":[64,55,46,75,66,66,9,7,7,7,0,0],"gold":10,"neow_bonus":"BOSS_RELIC","is_daily":false,"chose_seed":false,"campfire_upgraded":1,"win_rate":0.0,"timestamp":1612164333,"path_taken":["M","M","M","?","M","R","E","M","T","$","E"],"items_purchased_type":["Card","Card"],"build_version":"2020-12-22","purchased_purges":0,"victory":false,"max_hp_per_floor":[75,75,75,75,75,75,75,75,75,75,75,75],"relic_stats":{"Singing Bowl":0,"counters":[7,34],"Prayer Wheel":1,"Black Star":1,"obtain_stats":[{"Singing Bowl":9,"Prayer Wheel":7,"Black Star":0,"Omamori":7,"Burning Blood":0},{"Singing Bowl":6,"Prayer Wheel":5,"Black Star":0,"Omamori":5,"Burning Blood":0},{"Singing Bowl":31,"Prayer Wheel":27,"Black Star":0,"Omamori":27,"Burning Blood":0}]},"card_choices":[{"not_picked":["Pommel Strike","Thunderclap"],"picked":"Shrug It Off","floor":1.0},{"not_picked":["True Grit","Rage"],"picked":"Pommel Strike","floor":2.0},{"not_picked":["True Grit","Clothesline"],"picked":"Cleave","floor":3.0},{"not_picked":["Shrug It Off","Dark Embrace"],"picked":"Blood for Blood","floor":5.0},{"not_picked":["Heavy Blade","Sword Boomerang"],"picked":"Havoc","floor":7.0},{"not_picked":["Uppercut","Limit Break"],"picked":"Clothesline","floor":8},{"not_picked":["Inflame","Carnage"],"picked":"Shrug It Off","floor":8}],"player_experience":734959,"relics_obtained":[{"floor":7.0,"key":"Omamori"},{"floor":7.0,"key":"Prayer Wheel"},{"floor":9,"key":"Singing Bowl"}],"event_choices":[{"damage_healed":29.0,"max_hp_gain":0.0,"max_hp_loss":0.0,"gold_gain":0.0,"event_name":"Wheel of Change","player_choice":"Full Heal","floor":4.0,"gold_loss":0.0,"damage_taken":0.0}],"is_beta":false,"boss_relics":[],"items_purged_floors":[],"is_endless":false,"potions_floor_spawned":[5],"killed_by":"Gremlin Nob","ascension_level":20}}