{"host":"u1ja96cwu1wu8jpx","time":1612219266,"event":{"mods":["BaseMod","Better Match","Colored Map","Minty Spire (QoL Compilation)","Permanent Neow","StSLib"],"gold_per_floor":[113,129,141,153,74,104,104,138,162,176,202,214,253,265,277,385,397,423,435,447,469,167,167,199,211,238,238,238],"floor_reached":27,"language":"ENG","playtime":2685,"items_purged":["Decay"],"score":274,"play_id":"452a7fc7-99e0-45b2-afad-bff30ad7fd73","local_time":"20210201174106","is_ascension_mode":true,"campfire_choices":[{"floor":7,"key":"REST"},{"floor":12,"key":"REST"},{"floor":15,"key":"REST"},{"data":"Footwork","floor":23,"key":"SMITH"}],"circlet_count":0,"master_deck":["Strike_G","Strike_G","Strike_G","Strike_G","Strike_G","Defend_G","Defend_G","Defend_G","Defend_G","Defend_G","Survivor","Neutralize","Venomology","Noxious Fumes","Noxious Fumes","Corpse Explosion","Leg Sweep","Crippling Poison","Footwork+1","Deadly Poison"],"relics":["Ring of the Snake","Bronze Scales","MawBank","Pantograph","SacredBark","Nloth\u0027s Gift","Membership Card","Matryoshka","Snake Skull","Oddly Smooth Stone","Potion Belt"],"acts_visited":["Exordium","TheCity"],"potions_floor_usage":[2,3,4,6,8,11,11,13,13,13,16,18,21,21,24,27],"damage_taken":[{"damage":8,"enemies":"Cultist","floor":1,"turns":5},{"damage":0,"enemies":"Small Slimes","floor":2,"turns":7},{"damage":1,"enemies":"Jaw Worm","floor":3,"turns":6},{"damage":1,"enemies":"Exordium Wildlife","floor":4,"turns":5},{"damage":25,"enemies":"Lagavulin","floor":6,"turns":6},{"damage":19,"enemies":"3 Sentries","floor":8,"turns":4},{"damage":2,"enemies":"Blue Slaver","floor":10,"turns":4},{"damage":10,"enemies":"Lagavulin","floor":11,"turns":7},{"damage":30,"enemies":"Gremlin Nob","floor":13,"turns":5},{"damage":34,"enemies":"Slime Boss","floor":16,"turns":11},{"damage":6,"enemies":"3 Byrds","floor":18,"turns":3},{"damage":10,"enemies":"Spheric Guardian","floor":21,"turns":6},{"damage":28,"enemies":"Slavers","floor":24,"turns":3},{"damage":11,"enemies":"Snecko","floor":25,"turns":5},{"damage":4,"enemies":"Cultist and Chosen","floor":27,"turns":3}],"seed_played":"-8374737467488856848","potions_obtained":[{"floor":2,"key":"Dexterity Potion"},{"floor":10,"key":"Weak Potion"},{"floor":11,"key":"BlessingOfTheForge"},{"floor":18,"key":"Weak Potion"},{"floor":21,"key":"DuplicationPotion"}],"is_trial":false,"path_per_floor":["M","M","M","M","$","E","R","E","T","M","E","R","E","?","R","B",null,"M","?","?","M","$","R","E","M","T","M"],"character_chosen":"THE_SILENT","items_purchased":["Corpse Explosion","Membership Card","Matryoshka"],"campfire_rested":3,"item_purchase_floors":[5,22,22],"current_hp_per_floor":[62,62,61,60,60,35,56,37,37,35,25,46,16,16,37,28,70,64,51,51,41,41,41,13,2,2,0,0],"gold":238,"neow_bonus":"THREE_RARE_CARDS","is_daily":false,"chose_seed":false,"campfire_upgraded":1,"win_rate":0.0,"timestamp":1612219266,"path_taken":["M","M","?","M","$","E","R","E","T","M","E","R","E","?","R","BOSS","M","?","?","?","$","R","E","M","T","M"],"items_purchased_type":["Card","Relic","Relic"],"build_version":"2020-12-22","purchased_purges":1,"victory":false,"max_hp_per_floor":[70,70,70,70,70,70,70,70,70,70,70,70,70,70,70,70,70,70,75,75,75,75,75,75,75,75,75,75],"card_choices":[{"not_picked":["Burst","A Thousand Cuts"],"picked":"Venomology","floor":0},{"not_picked":["Prepared","Slice","Flying Knee"],"picked":"SKIP","floor":1},{"not_picked":["Backstab","Tactician","Dagger Spray"],"picked":"SKIP","floor":2},{"not_picked":["Cloak And Dagger","Acrobatics"],"picked":"Noxious Fumes","floor":3},{"not_picked":["Blade Dance","Bouncing Flask"],"picked":"Noxious Fumes","floor":4},{"not_picked":["Backflip","Dagger Throw"],"picked":"Leg Sweep","floor":6},{"not_picked":["Sucker Punch","Quick Slash","Endless Agony"],"picked":"SKIP","floor":8},{"not_picked":["Predator","Deflect"],"picked":"Crippling Poison","floor":10},{"not_picked":["Riddle With Holes","Burst"],"picked":"Footwork","floor":11},{"not_picked":["Slice","Dodge and Roll","Bane"],"picked":"SKIP","floor":13},{"not_picked":["Bane","Flying Knee","Blade Dance+1"],"picked":"SKIP","floor":18},{"not_picked":["Infinite Blades","Backflip+1","Quick Slash+1"],"picked":"SKIP","floor":21},{"not_picked":["Doppelganger","Quick Slash","Endless Agony"],"picked":"SKIP","floor":24},{"not_picked":["Flying Knee","Endless Agony"],"picked":"Deadly Poison","floor":25}],"player_experience":440071,"relics_obtained":[{"floor":6,"key":"Girya"},{"floor":8,"key":"Bronze Scales"},{"floor":11,"key":"MawBank"},{"floor":13,"key":"Pantograph"},{"floor":24,"key":"Snake Skull"},{"floor":26,"key":"Oddly Smooth Stone"},{"floor":26,"key":"Potion Belt"}],"event_choices":[{"damage_healed":0,"gold_gain":0,"player_choice":"Searched \u00271\u0027 times","damage_taken":0,"max_hp_gain":0,"max_hp_loss":0,"event_name":"Dead Adventurer","floor":14,"gold_loss":0},{"damage_healed":0,"gold_gain":0,"player_choice":"Shed Blood","damage_taken":18,"max_hp_gain":5,"max_hp_loss":0,"event_name":"Forgotten Altar","floor":19,"gold_loss":0},{"damage_healed":0,"gold_gain":0,"player_choice":"Traded Relic","damage_taken":0,"relics_obtained":["Nloth\u0027s Gift"],"max_hp_gain":0,"max_hp_loss":0,"event_name":"N\u0027loth","floor":20,"relics_lost":["Girya"],"gold_loss":0}],"is_beta":false,"boss_relics":[{"not_picked":["Astrolabe","Snecko Eye"],"picked":"SacredBark"}],"items_purged_floors":[22],"is_endless":false,"potions_floor_spawned":[2,10,11,18,21],"killed_by":"Cultist and Chosen","ascension_level":1}}