{"host":"350rh84kbmtekt58","time":1612172205,"event":{"mods":["AchievementEnabler","Act Like it!","BaseMod","Better Synergies","Block Reminder","CapriCore","Challenge The Spire","Colored Map","Colored Powertips","Communication Mod","Downfall","Energized Spire","Friendly Minions","GifTheSpireLib","Highlight Path","Minty Spire (QoL Compilation)","Quick Restart","Replay The Spire","Shop Mod","StSLib","The Animator","The Disciple","The Immortal","The Marked","The Runesmith","The Servant 0.9.4","The Wild Card","Transform Curses","yUi"],"gold_per_floor":[112,124,124,124,135,135,135,135,135,163,183,183,183,208,208,208,208],"floor_reached":16,"language":"ENG","playtime":953,"items_purged":[],"score":113,"play_id":"09030b5b-768c-4ade-8de5-f007a1da955f","local_time":"20210201033645","is_ascension_mode":true,"campfire_choices":[{"data":"Exchange","floor":6,"key":"SMITH"},{"data":"KidneyShot","floor":8,"key":"SMITH"},{"floor":13,"key":"REST"},{"floor":15,"key":"REST"}],"circlet_count":0,"master_deck":["Strike_S","Strike_S","Strike_S","Defend_S","Defend_S","Defend_S","Defend_S","KidneyShot+1","Exchange+1","ShatteredReality","Rearm","Spin","ShatteredReality","Starlight","Revamp+1","Sabotage"],"relics":["Uniform","NeowsBlessing","Bottled Lightning","ReplayTheSpireMod:TigerMarble","ReplayTheSpireMod:Shallot"],"acts_visited":["Exordium"],"potions_floor_usage":[10,14,16],"damage_taken":[{"damage":0,"enemies":"Cultist","floor":1,"turns":1},{"damage":0,"enemies":"Jaw Worm","floor":2,"turns":1},{"damage":0,"enemies":"2 Louse","floor":5,"turns":1},{"damage":31,"enemies":"Lagavulin","floor":10,"turns":7},{"damage":11,"enemies":"Exordium Thugs","floor":11,"turns":4},{"damage":41,"enemies":"3 Sentries","floor":14,"turns":9},{"damage":13,"enemies":"Slime Boss","floor":16,"turns":7}],"seed_played":"2567396019523980171","potions_obtained":[{"floor":1,"key":"PowerPotion"},{"floor":11,"key":"Languid Potion"},{"floor":14,"key":"Toxic Potion"}],"is_trial":false,"path_per_floor":["M","M","$","?","M","R","$","R","T","E","M","?","R","E","R","B"],"character_chosen":"THE_SERVANT","items_purchased":[],"campfire_rested":2,"item_purchase_floors":[],"current_hp_per_floor":[65,65,65,65,65,65,65,65,65,34,23,23,42,6,25,12,12],"gold":208,"neow_bonus":"THREE_ENEMY_KILL","is_daily":false,"chose_seed":false,"campfire_upgraded":2,"win_rate":0.0,"timestamp":1612172205,"path_taken":["M","M","$","?","M","R","?","R","T","E","?","?","R","E","R","BOSS"],"items_purchased_type":[],"build_version":"2020-12-22","purchased_purges":0,"victory":false,"max_hp_per_floor":[65,65,65,65,65,65,65,65,65,65,65,65,65,65,65,65,65],"card_choices":[{"not_picked":["FanOfKnives","Manipulate"],"picked":"ShatteredReality","floor":1},{"not_picked":["Unruled","Moondial"],"picked":"Rearm","floor":2},{"not_picked":["Revamp","Contraction"],"picked":"ShatteredReality","floor":5},{"not_picked":["WasteNot","Solidify"],"picked":"Starlight","floor":10},{"not_picked":["Spin","BottledTime"],"picked":"Revamp","floor":11},{"not_picked":["FastForward","Starlight"],"picked":"Sabotage","floor":14}],"player_experience":223472,"relics_obtained":[{"floor":9,"key":"Bottled Lightning"},{"floor":10,"key":"ReplayTheSpireMod:TigerMarble"},{"floor":14,"key":"ReplayTheSpireMod:Shallot"}],"event_choices":[{"damage_healed":0,"gold_gain":0,"cards_transformed":["Strike_S"],"player_choice":"Transformed","damage_taken":0,"max_hp_gain":0,"max_hp_loss":0,"event_name":"Transmorgrifier","floor":4,"gold_loss":0,"cards_obtained":["Spin"]},{"damage_healed":0,"gold_gain":0,"player_choice":"Upgraded","damage_taken":0,"max_hp_gain":0,"max_hp_loss":0,"event_name":"Upgrade Shrine","floor":12,"gold_loss":0,"cards_upgraded":["Revamp"]}],"is_beta":false,"boss_relics":[],"items_purged_floors":[],"is_endless":false,"potions_floor_spawned":[1,11,14],"killed_by":"Slime Boss","ascension_level":1}}