{"host":"w7o06k3e8uel8euj","time":1612172884,"event":{"mods":["AchievementEnabler","BaseMod","Colored Powertips","Custom Start","DeckTracker","Keyboard Shortcuts","Minty Spire (QoL Compilation)","Quick Restart","Relic Stats","StSLib","SuperFastMode","everything is the same but u backflip on backflip"],"gold_per_floor":[115,135,60,60,22,55,55,85,133,147,147,175,185,203,203,203,203],"floor_reached":16,"language":"KOR","playtime":283,"items_purged":["Defend_P"],"score":261,"play_id":"382a0e8d-303b-402f-87b5-11fe7d750228","local_time":"20210201184804","is_ascension_mode":true,"campfire_choices":[{"data":"Eruption","floor":7,"key":"SMITH"},{"data":"Devotion","floor":11,"key":"SMITH"},{"floor":15,"key":"REST"}],"circlet_count":0,"master_deck":["AscendersBane","Strike_P","Strike_P","Strike_P","Defend_P","Defend_P","Eruption+1","Vigilance","Devotion+1","InnerPeace","Prostrate","Tantrum"],"relics":["PureWater","NeowsBlessing","Membership Card","Bag of Marbles","Art of War","Ancient Tea Set","Pen Nib"],"acts_visited":["Exordium"],"potions_floor_usage":[16],"damage_taken":[{"damage":0,"enemies":"Cultist","floor":1,"turns":1},{"damage":0,"enemies":"2 Louse","floor":2,"turns":1},{"damage":0,"enemies":"Lagavulin","floor":6,"turns":1},{"damage":18,"enemies":"Gremlin Nob","floor":8,"turns":4},{"damage":7,"enemies":"Jaw Worm","floor":10,"turns":4},{"damage":27,"enemies":"Lagavulin","floor":12,"turns":6},{"damage":0,"enemies":"Red Slaver","floor":13,"turns":4},{"damage":6,"enemies":"Lots of Slimes","floor":14,"turns":4},{"damage":43,"enemies":"The Guardian","floor":16,"turns":9}],"seed_played":"242776441231573435","potions_obtained":[{"floor":2,"key":"SteroidPotion"},{"floor":8,"key":"Strength Potion"}],"is_trial":false,"path_per_floor":["M","M","?","?","$","E","R","E","T","M","R","E","M","M","R","B"],"character_chosen":"WATCHER","items_purchased":["Membership Card"],"campfire_rested":1,"item_purchase_floors":[5],"current_hp_per_floor":[61,61,61,61,61,61,61,43,43,36,36,9,9,3,23,0,0],"gold":203,"neow_bonus":"THREE_ENEMY_KILL","is_daily":false,"chose_seed":false,"campfire_upgraded":2,"win_rate":0.0,"timestamp":1612172884,"path_taken":["M","M","?","?","?","E","R","E","T","M","R","E","M","?","R","BOSS"],"items_purchased_type":["Relic"],"build_version":"2020-12-22","purchased_purges":1,"victory":false,"max_hp_per_floor":[68,68,68,68,68,68,68,68,68,68,68,68,68,68,68,68,68],"relic_stats":{"counters":[9,34],"Pen Nib":[2],"Art of War":[9],"obtain_stats":[{"NeowsBlessing":0,"Pen Nib":12,"Bag of Marbles":6,"Art of War":8,"Membership Card":5,"PureWater":0,"Ancient Tea Set":9},{"NeowsBlessing":0,"Pen Nib":6,"Bag of Marbles":3,"Art of War":4,"Membership Card":2,"PureWater":0,"Ancient Tea Set":4},{"NeowsBlessing":0,"Pen Nib":17,"Bag of Marbles":3,"Art of War":7,"Membership Card":2,"PureWater":0,"Ancient Tea Set":7}]},"card_choices":[{"not_picked":["BowlingBash","Sanctity","Consecrate"],"picked":"SKIP","floor":1},{"not_picked":["FlyingSleeves","SashWhip","Study"],"picked":"SKIP","floor":2},{"not_picked":["Fasting2","PathToVictory","Meditate"],"picked":"SKIP","floor":6},{"not_picked":["SandsOfTime","ClearTheMind"],"picked":"InnerPeace","floor":8},{"not_picked":["EmptyBody","FollowUp","CutThroughFate"],"picked":"SKIP","floor":10},{"not_picked":["Evaluate","WaveOfTheHand"],"picked":"Prostrate","floor":12},{"not_picked":["SashWhip","Worship"],"picked":"Tantrum","floor":13},{"not_picked":["Protect","ConjureBlade","Pray"],"picked":"SKIP","floor":14}],"player_experience":521331,"relics_obtained":[{"floor":6,"key":"Bag of Marbles"},{"floor":8,"key":"Art of War"},{"floor":9,"key":"Ancient Tea Set"},{"floor":12,"key":"Pen Nib"}],"event_choices":[{"cards_removed":["Defend_P"],"damage_healed":0,"gold_gain":0,"player_choice":"Card Removal","damage_taken":0,"max_hp_gain":0,"max_hp_loss":0,"event_name":"The Cleric","floor":3,"gold_loss":75},{"damage_healed":0,"gold_gain":0,"cards_transformed":["Strike_P"],"player_choice":"Change","damage_taken":0,"max_hp_gain":0,"max_hp_loss":0,"event_name":"Living Wall","floor":4,"gold_loss":0,"cards_obtained":["Devotion"]}],"is_beta":false,"boss_relics":[],"items_purged_floors":[5],"is_endless":false,"potions_floor_spawned":[2,8,12],"killed_by":"The Guardian","ascension_level":16}}