{"host":"jfbo3eu2ui08ej1u","time":1612163456,"event":{"mods":["2.2 Compatiblity","AchievementEnabler","Act Like it!","Aspiration","BaseMod","Better Altar","Better Match","Better Note","Better Sensory Stone","Better Skull","Better Third Choice","Block Reminder","Colored Map","Colored Powertips","Conspire","DeckTracker","Displayed Cursed Tome","Energized Spire","Fox Events","GifTheSpireLib","Hubris","Infinite Spire","Marked Mod","Minty Spire (QoL Compilation)","Pale of the Ancients","Poor People Problems","Quick Restart","Relic Filter","Reliquary","Reorder Act Four","Replay The Spire","Shop Mod","Spicy Shops","Spire Arcade","StSLib","Stuff the Spire","The Blue Laboratory","The Disciple","The Forsaken","The Hierophant","The Marked","Uncapped","Unceasing Turn Reminder","Wandering Minibosses"],"gold_per_floor":[109,119,119,138,157,191,191,216,263,263,295,312,312,312],"floor_reached":13,"language":"ENG","playtime":392,"items_purged":[],"score":210,"play_id":"9588b15a-d055-4f07-ab7e-5b46f77457ba","local_time":"20210201021056","is_ascension_mode":true,"campfire_choices":[{"floor":7.0,"key":"REST"},{"floor":10.0,"key":"REST"}],"circlet_count":0,"master_deck":["AscendersBane","Strike_R","Strike_R","Strike_R","Strike_R","Strike_R","Defend_R","Defend_R","Defend_R","Defend_R","Bash","Armaments","Dropkick","ReplayTheSpireMod:Stacked","Inflame","Thunderclap","Sword Boomerang","ReplayTheSpireMod:Limb From Limb"],"relics":["Burning Blood","hubris:Potato","aspiration:ChemicalBlood","Strawberry","Question Card"],"acts_visited":["Exordium"],"potions_floor_usage":[13],"damage_taken":[{"damage":15.0,"enemies":"Small Slimes","floor":1.0,"turns":3.0},{"damage":5.0,"enemies":"Cultist","floor":2.0,"turns":5.0},{"damage":9.0,"enemies":"Jaw Worm","floor":4.0,"turns":4.0},{"damage":28.0,"enemies":"Exordium Thugs","floor":5.0,"turns":5.0},{"damage":34.0,"enemies":"Gremlin Nob","floor":6.0,"turns":4.0},{"damage":40.0,"enemies":"3 Sentries","floor":8.0,"turns":11.0},{"damage":30.0,"enemies":"Lagavulin","floor":11.0,"turns":9.0},{"damage":1.0,"enemies":"Looter","floor":12.0,"turns":4.0},{"damage":8,"enemies":"Gremlin Nob","floor":13,"turns":3}],"seed_played":"-4097765556036614222","potions_obtained":[{"floor":1.0,"key":"blueLaboratory:FruitPunch"},{"floor":4.0,"key":"CultistPotion"},{"floor":5.0,"key":"PowerPotion"},{"floor":11.0,"key":"Elixir"}],"is_trial":false,"path_per_floor":["M","M","?","M","M","E","R","E","T","R","E","M","E"],"character_chosen":"IRONCLAD","items_purchased":[],"campfire_rested":2,"item_purchase_floors":[],"current_hp_per_floor":[66,67,71,68,48,20,45,11,18,45,21,26,18,18],"gold":312,"neow_bonus":"TEN_PERCENT_HP_BONUS","is_daily":false,"chose_seed":false,"campfire_upgraded":0,"win_rate":0.0,"timestamp":1612163456,"path_taken":["M","M","?","M","M","E","R","E","T","R","E","M","E"],"items_purchased_type":[],"build_version":"2020-12-22","purchased_purges":0,"victory":false,"max_hp_per_floor":[82,82,82,82,84,84,84,84,91,91,91,91,91,91],"card_choices":[{"not_picked":["Twin Strike","Sever Soul"],"picked":"Armaments","floor":1.0},{"not_picked":["Run Through","Replay:Undeath\u0027s Touch","Clash"],"picked":"SKIP","floor":2.0},{"not_picked":["Wild Strike","Clash"],"picked":"Dropkick","floor":4.0},{"not_picked":["Sword Boomerang","Heavy Blade"],"picked":"ReplayTheSpireMod:Stacked","floor":5.0},{"not_picked":["Body Slam","Combust"],"picked":"Inflame","floor":6.0},{"not_picked":["Combust","Fire Breathing"],"picked":"Thunderclap","floor":8.0},{"not_picked":["StuffTheSpire:RockThrow","infinitespire:OneForAll"],"picked":"Sword Boomerang","floor":11.0},{"not_picked":["Cleave","Second Wind","Headbutt"],"picked":"ReplayTheSpireMod:Limb From Limb","floor":12.0}],"player_experience":1268011,"relics_obtained":[{"floor":6.0,"key":"hubris:Potato"},{"floor":8.0,"key":"aspiration:ChemicalBlood"},{"floor":9.0,"key":"Strawberry"},{"floor":11.0,"key":"Question Card"}],"event_choices":[],"is_beta":false,"boss_relics":[],"items_purged_floors":[],"is_endless":false,"potions_floor_spawned":[1,4,5,11],"killed_by":"Gremlin Nob","ascension_level":20}}