{"host":"684z1xpuwaoqmmh1","time":1612198342,"event":{"mods":["A Magickal Journey","BaseMod","Dio Mod","Downfall","Hermit","Jorbs\u0027s Wanderer Trilogy","Marisa????????","Minty Spire (QoL Compilation)","Robot Space Explorer","Shade Mod","StSLib","The Elementalist","The Hayseed","The Hierophant","The Marked","The Mystic","The Runesmith","The Saiyan","The Vixen","TheFirefly"],"gold_per_floor":[110,110,122,139,151,151,479,479,479,479,490,39,39,55,55,55,55],"floor_reached":16,"language":"ENG","playtime":947,"items_purged":["TheVixenMod:Strike_TheVixen"],"score":102,"play_id":"195b688d-f6ce-4994-b272-cb0187a11c55","local_time":"20210201185222","is_ascension_mode":false,"campfire_choices":[{"data":"TheVixenMod:TailWhip","floor":6.0,"key":"SMITH"},{"floor":8,"key":"REST"},{"data":"TheVixenMod:SunnyDay","floor":10,"key":"SMITH"},{"data":"TheVixenMod:Analytic","floor":15,"key":"SMITH"}],"circlet_count":0,"master_deck":["TheVixenMod:Strike_TheVixen","TheVixenMod:Strike_TheVixen","TheVixenMod:Strike_TheVixen","TheVixenMod:Defend_TheVixen","TheVixenMod:Defend_TheVixen","TheVixenMod:Defend_TheVixen","TheVixenMod:Defend_TheVixen","TheVixenMod:SunnyDay+1","TheVixenMod:Ember","TheVixenMod:TailWhip+1","TheVixenMod:Psybeam","TheVixenMod:Magician","TheVixenMod:FlameCharge","TheVixenMod:CADC","TheVixenMod:Hypnosis","TheVixenMod:HeatWave+1","TheVixenMod:Incinerate","TheVixenMod:Analytic+1","TheVixenMod:Blaze"],"relics":["TheVixenMod:BurningStick","Old Coin","Turnip","champ:Barbells","Art of War"],"acts_visited":["Exordium"],"potions_floor_usage":[7],"damage_taken":[{"damage":0.0,"enemies":"2 Louse","floor":1.0,"turns":3.0},{"damage":0.0,"enemies":"Cultist","floor":3.0,"turns":2.0},{"damage":0.0,"enemies":"Jaw Worm","floor":4.0,"turns":2.0},{"damage":8.0,"enemies":"Looter","floor":5.0,"turns":4.0},{"damage":32,"enemies":"3 Sentries","floor":7,"turns":15},{"damage":0,"enemies":"3 Louse","floor":11,"turns":4},{"damage":7,"enemies":"2 Fungi Beasts","floor":14,"turns":4},{"damage":44,"enemies":"Hexaghost","floor":16,"turns":12}],"seed_played":"6252911382979679325","potions_obtained":[{"floor":5.0,"key":"SkillPotion"}],"is_trial":false,"path_per_floor":["M","?","M","M","M","R","E","R","T","R","M","$","?","M","R","B"],"character_chosen":"THE_VIXEN","items_purchased":["champ:Barbells","TheVixenMod:Analytic","Art of War"],"campfire_rested":1,"item_purchase_floors":[12,12,12],"current_hp_per_floor":[70,70,70,70,62,62,30,51,51,51,51,51,51,44,44,0,0],"gold":55,"neow_bonus":"THREE_CARDS","is_daily":false,"chose_seed":false,"campfire_upgraded":3,"win_rate":0.0,"timestamp":1612198342,"path_taken":["M","?","M","?","M","R","E","R","T","R","M","$","?","M","R","BOSS"],"items_purchased_type":["Relic","Card","Relic"],"build_version":"2020-12-22","purchased_purges":1,"victory":false,"max_hp_per_floor":[70,70,70,70,70,70,70,70,70,70,70,70,70,70,70,70,70],"card_choices":[{"not_picked":["TheVixenMod:FlareBlitz","TheVixenMod:Extrasensory"],"picked":"TheVixenMod:TailWhip","floor":0.0},{"not_picked":["TheVixenMod:FlareBlitz","TheVixenMod:Overheat"],"picked":"TheVixenMod:Psybeam","floor":1.0},{"not_picked":["TheVixenMod:Flamethrower","TheVixenMod:Psybeam"],"picked":"TheVixenMod:FlameCharge","floor":3.0},{"not_picked":["TheVixenMod:Confusion","TheVixenMod:HeatWave"],"picked":"TheVixenMod:CADC","floor":4.0},{"not_picked":["TheVixenMod:FireFang","TheVixenMod:Extrasensory"],"picked":"TheVixenMod:Hypnosis","floor":5.0},{"not_picked":["TheVixenMod:Psybeam","TheVixenMod:Facade"],"picked":"TheVixenMod:HeatWave","floor":7},{"not_picked":["TheVixenMod:Hypnosis","TheVixenMod:PsychUp"],"picked":"TheVixenMod:Incinerate","floor":11},{"not_picked":["TheVixenMod:Extrasensory","TheVixenMod:ConfuseRay"],"picked":"TheVixenMod:Blaze","floor":14}],"player_experience":2936063,"relics_obtained":[{"floor":7,"key":"Old Coin"},{"floor":9,"key":"Turnip"}],"event_choices":[{"damage_healed":0.0,"max_hp_gain":0.0,"max_hp_loss":0.0,"gold_gain":0.0,"event_name":"Match and Keep!","player_choice":"1 cards matched","floor":2.0,"gold_loss":0.0,"damage_taken":0.0,"cards_obtained":["TheVixenMod:Magician"]},{"damage_healed":0,"gold_gain":0,"player_choice":"Leave","damage_taken":0,"max_hp_gain":0,"max_hp_loss":0,"event_name":"The Cleric","floor":13,"gold_loss":0}],"is_beta":false,"boss_relics":[],"items_purged_floors":[12],"is_endless":false,"potions_floor_spawned":[5],"killed_by":"Hexaghost","ascension_level":0}}