{"host":"a3wpq7kyokchzawk","time":1612198401,"event":{"mods":["BaseMod","Colored Map","Highlight Path","Minty Spire (QoL Compilation)","Permanent Neow","Potion Indicator Mod","Relic Stats","Weighted Paths"],"gold_per_floor":[116,40,40,60,73,108,108,126,173,48,62,76,102,27,27,27,27],"floor_reached":16,"language":"ENG","playtime":1636,"items_purged":[],"score":218,"play_id":"816ecbf2-51be-4c50-a21a-99fb0e28fba6","local_time":"20210201145321","is_ascension_mode":true,"campfire_choices":[{"data":"Sweeping Beam","floor":7.0,"key":"SMITH"},{"floor":15,"key":"REST"}],"circlet_count":0,"master_deck":["AscendersBane","Strike_B","Strike_B","Defend_B","Defend_B+1","Defend_B+1","Zap","Dualcast","Doom and Gloom","Heatsinks","Sweeping Beam+1","Core Surge","Leap","Rebound","Steam","Sunder","Defragment","Glacier","Steam","Loop","Conserve Battery"],"relics":["Cracked Core","Question Card","MealTicket","Anchor"],"acts_visited":["Exordium"],"potions_floor_usage":[12,16],"damage_taken":[{"damage":1.0,"enemies":"Cultist","floor":1.0,"turns":4.0},{"damage":8.0,"enemies":"Small Slimes","floor":4.0,"turns":3.0},{"damage":0.0,"enemies":"2 Louse","floor":5.0,"turns":2.0},{"damage":16.0,"enemies":"Gremlin Nob","floor":6.0,"turns":4.0},{"damage":12.0,"enemies":"Red Slaver","floor":8.0,"turns":3.0},{"damage":0.0,"enemies":"Large Slime","floor":11.0,"turns":6.0},{"damage":8,"enemies":"Gremlin Gang","floor":12,"turns":2},{"damage":10,"enemies":"3 Sentries","floor":13,"turns":5},{"damage":36,"enemies":"The Guardian","floor":16,"turns":2}],"seed_played":"-8637400320166032201","potions_obtained":[{"floor":5.0,"key":"PotionOfCapacity"},{"floor":8.0,"key":"BlessingOfTheForge"},{"floor":12,"key":"Strength Potion"}],"is_trial":false,"path_per_floor":["M","$","?","M","M","E","R","M","T","$","M","M","E","?","R","B"],"character_chosen":"DEFECT","items_purchased":["Core Surge","Defragment","Glacier"],"campfire_rested":1,"item_purchase_floors":[2,10,10],"current_hp_per_floor":[63,63,44,36,36,20,20,8,8,23,23,15,5,5,24,0,0],"gold":27,"neow_bonus":"TRANSFORM_TWO_CARDS","is_daily":false,"chose_seed":false,"campfire_upgraded":1,"win_rate":0.0,"timestamp":1612198401,"path_taken":["M","?","?","M","M","E","R","M","T","$","M","M","E","?","R","BOSS"],"items_purchased_type":["Card","Card","Card"],"build_version":"2020-12-22","purchased_purges":0,"victory":false,"max_hp_per_floor":[64,64,64,64,64,64,64,64,64,64,64,64,64,64,64,64,64],"relic_stats":{"counters":[9,31],"MealTicket":15,"Question Card":4,"obtain_stats":[{"Anchor":13,"MealTicket":9,"Cracked Core":0,"Question Card":6},{"Anchor":8,"MealTicket":5,"Cracked Core":0,"Question Card":4},{"Anchor":29,"MealTicket":16,"Cracked Core":0,"Question Card":13}]},"card_choices":[{"not_picked":["Cold Snap","Steam"],"picked":"Sweeping Beam","floor":1.0},{"not_picked":["Ball Lightning","Rip and Tear"],"picked":"Leap","floor":4.0},{"not_picked":["Sweeping Beam","Beam Cell"],"picked":"Rebound","floor":5.0},{"not_picked":["Beam Cell","Skim"],"picked":"Steam","floor":6.0},{"not_picked":["Cold Snap","Coolheaded","Compile Driver"],"picked":"Sunder","floor":8.0},{"not_picked":["Gash","Meteor Strike","Redo"],"picked":"Steam","floor":11.0},{"not_picked":["Chaos","Stack","Streamline"],"picked":"Loop","floor":12},{"not_picked":["Scrape","FTL","Reinforced Body"],"picked":"Conserve Battery","floor":13}],"player_experience":2520565,"relics_obtained":[{"floor":6.0,"key":"Question Card"},{"floor":9.0,"key":"MealTicket"},{"floor":13,"key":"Anchor"}],"event_choices":[{"damage_healed":0.0,"max_hp_gain":0.0,"max_hp_loss":0.0,"gold_gain":0.0,"event_name":"Shining Light","player_choice":"Entered Light","floor":3.0,"gold_loss":0.0,"damage_taken":19.0,"cards_upgraded":["Defend_B","Defend_B"]},{"cards_removed":["Strike_B"],"damage_healed":0,"gold_gain":0,"player_choice":"Card Removal","damage_taken":0,"max_hp_gain":0,"max_hp_loss":0,"event_name":"The Cleric","floor":14,"gold_loss":75}],"is_beta":false,"boss_relics":[],"items_purged_floors":[],"is_endless":false,"potions_floor_spawned":[5,8,12],"killed_by":"The Guardian","ascension_level":19}}