{"host":"gnfs9pc52tj5b2xa","time":1612144564,"event":{"mods":["BaseMod","Minty Spire (QoL Compilation)","Relic Sorter","Relic Stats","Slay the Relics Exporter","ojb\u0027s Better Paths Mod","ojb\u0027s Info Mod"],"gold_per_floor":[116,116,41,53,65,100,114,140,440,440,440,460,480,491,491,569,569,569,579,504,504,514,514,514],"floor_reached":23,"language":"ENG","playtime":1181,"items_purged":["Defend_P"],"score":506,"play_id":"dd42a4ab-04ee-45f2-86d4-348857fba10a","local_time":"20210131175604","is_ascension_mode":true,"campfire_choices":[{"floor":10,"key":"REST"},{"data":"SignatureMove","floor":15,"key":"SMITH"}],"circlet_count":0,"master_deck":["AscendersBane","Strike_P","Strike_P","Strike_P","Eruption","Vigilance","CurseOfTheBell","ReachHeaven","Swivel","Prostrate","Adaptation+1","Wallop","Adaptation+1","Prostrate","Sanctity","SignatureMove+1","Devotion+1","Meditate"],"relics":["Calling Bell","Damaru","Frozen Egg 2","Bird Faced Urn","The Courier","Pantograph","Old Coin","Odd Mushroom","Empty Cage"],"acts_visited":["Exordium","TheCity"],"potions_floor_usage":[6,8,14,18],"damage_taken":[{"damage":2,"enemies":"Jaw Worm","floor":1,"turns":6},{"damage":11,"enemies":"2 Louse","floor":4,"turns":3},{"damage":4,"enemies":"Small Slimes","floor":5,"turns":2},{"damage":18,"enemies":"Lagavulin","floor":6,"turns":6},{"damage":6,"enemies":"Exordium Wildlife","floor":7,"turns":5},{"damage":20,"enemies":"Gremlin Nob","floor":8,"turns":4},{"damage":3,"enemies":"Blue Slaver","floor":12,"turns":4},{"damage":21,"enemies":"The Mushroom Lair","floor":13,"turns":5},{"damage":8,"enemies":"Large Slime","floor":14,"turns":6},{"damage":0,"enemies":"Slime Boss","floor":16,"turns":5},{"damage":0,"enemies":"Chosen","floor":18,"turns":3},{"damage":6,"enemies":"Spheric Guardian","floor":19,"turns":4},{"damage":31,"enemies":"Snake Plant","floor":22,"turns":5},{"damage":42,"enemies":"Slavers","floor":23,"turns":2}],"seed_played":"-9024545081956868181","potions_obtained":[{"floor":4,"key":"ColorlessPotion"},{"floor":5,"key":"StancePotion"},{"floor":8,"key":"LiquidMemories"},{"floor":12,"key":"SmokeBomb"}],"is_trial":false,"path_per_floor":["M","?","$","M","M","E","M","E","T","R","?","M","?","M","R","B",null,"M","M","?","?","M","E"],"character_chosen":"WATCHER","items_purchased":[],"campfire_rested":1,"item_purchase_floors":[],"current_hp_per_floor":[59,59,59,48,44,28,24,8,8,28,28,27,10,6,6,35,60,64,62,62,62,37,0,0],"gold":514,"neow_bonus":"BOSS_RELIC","is_daily":false,"chose_seed":false,"campfire_upgraded":1,"win_rate":0.0,"timestamp":1612144564,"path_taken":["M","?","?","M","M","E","M","E","T","R","?","?","?","M","R","BOSS","M","M","?","?","M","E"],"items_purchased_type":[],"build_version":"2020-12-22","purchased_purges":1,"victory":false,"max_hp_per_floor":[68,68,68,68,68,68,68,68,68,68,68,68,68,68,68,68,68,68,68,68,68,68,68,68],"relic_stats":{"counters":[14,60],"Bird Faced Urn":[38],"Pantograph":25,"obtain_stats":[{"Calling Bell":0,"Bird Faced Urn":0,"Pantograph":8,"Damaru":0,"The Courier":6,"PureWater":0,"Frozen Egg 2":0,"Odd Mushroom":13,"Empty Cage":17,"Old Coin":9},{"Calling Bell":0,"Bird Faced Urn":0,"Pantograph":6,"Damaru":0,"The Courier":4,"PureWater":0,"Frozen Egg 2":0,"Odd Mushroom":8,"Empty Cage":10,"Old Coin":6},{"Calling Bell":0,"Bird Faced Urn":0,"Pantograph":26,"Damaru":0,"The Courier":17,"PureWater":0,"Frozen Egg 2":0,"Odd Mushroom":35,"Empty Cage":46,"Old Coin":26}]},"card_choices":[{"not_picked":["PathToVictory","Protect"],"picked":"ReachHeaven","floor":1},{"not_picked":["SashWhip","Crescendo"],"picked":"Prostrate","floor":4},{"not_picked":["BowlingBash","Fasting2+1"],"picked":"Adaptation+1","floor":5},{"not_picked":["ThirdEye","Blasphemy"],"picked":"Wallop","floor":6},{"not_picked":["FollowUp","BowlingBash"],"picked":"Adaptation+1","floor":7},{"not_picked":["WindmillStrike","Weave"],"picked":"Prostrate","floor":8},{"not_picked":["WindmillStrike","JustLucky"],"picked":"Sanctity","floor":12},{"not_picked":["Halt","Consecrate"],"picked":"SignatureMove","floor":14},{"not_picked":["Establishment+1","Brilliance"],"picked":"Devotion+1","floor":16},{"not_picked":["Halt","SignatureMove","FlyingSleeves"],"picked":"SKIP","floor":19},{"not_picked":["Nirvana+1","Vengeance"],"picked":"Meditate","floor":22}],"player_experience":1250916,"relics_obtained":[{"floor":0,"key":"Damaru"},{"floor":0,"key":"Frozen Egg 2"},{"floor":0,"key":"Bird Faced Urn"},{"floor":6,"key":"The Courier"},{"floor":8,"key":"Pantograph"},{"floor":9,"key":"Old Coin"},{"floor":13,"key":"Odd Mushroom"}],"event_choices":[{"damage_healed":0,"gold_gain":0,"cards_transformed":["Defend_P"],"player_choice":"Change","damage_taken":0,"max_hp_gain":0,"max_hp_loss":0,"event_name":"Living Wall","floor":2,"gold_loss":0,"cards_obtained":["Swivel"]},{"damage_healed":0,"gold_gain":0,"player_choice":"Ignored","damage_taken":0,"max_hp_gain":0,"max_hp_loss":0,"event_name":"Liars Game","floor":11,"gold_loss":0},{"damage_healed":0,"gold_gain":0,"player_choice":"Fought Mushrooms","damage_taken":0,"max_hp_gain":0,"max_hp_loss":0,"event_name":"Mushrooms","floor":13,"gold_loss":0},{"cards_removed":["Strike_P"],"damage_healed":0,"gold_gain":0,"player_choice":"Gave Gold","damage_taken":0,"max_hp_gain":0,"max_hp_loss":0,"event_name":"Beggar","floor":20,"gold_loss":75},{"damage_healed":0,"gold_gain":0,"player_choice":"Ignored","damage_taken":0,"max_hp_gain":0,"max_hp_loss":0,"event_name":"Vampires","floor":21,"gold_loss":0}],"is_beta":false,"boss_relics":[{"not_picked":["SacredBark","Snecko Eye"],"picked":"Empty Cage"}],"items_purged_floors":[3],"is_endless":false,"potions_floor_spawned":[4,5,8,12],"killed_by":"Slavers","ascension_level":20}}