{"host":"qm4rv4rkpk76sbxu","time":1612179169,"event":{"mods":["BaseMod","Bestiary","Block Reminder","DeckTracker","Filter the Spire","Keyboard Shortcuts","Minty Spire (QoL Compilation)","MonsterHotkey","Quick Restart","Random Character Button","Relic Stats","Slay-I","StSLib","Unceasing Turn Reminder","ojb\u0027s Better Paths Mod","ojb\u0027s Info Mod"],"gold_per_floor":[116,116,14,27,27,59,59,85,85,85,97,22,22,32,32,131,131,151,151,162,175,175,205,216,250,332,332,342,34,34,48,48,48,48],"floor_reached":33,"language":"ENG","playtime":1847,"items_purged":["Pain"],"score":384,"play_id":"ce332d8a-9632-43c5-ad6f-9c60b0ee92b0","local_time":"20210201123249","is_ascension_mode":true,"campfire_choices":[{"data":"Sunder","floor":7.0,"key":"SMITH"},{"data":"Genetic Algorithm","floor":13.0,"key":"SMITH"},{"data":"Defragment","floor":15.0,"key":"SMITH"},{"floor":30.0,"key":"REST"},{"data":"Heatsinks","floor":32,"key":"SMITH"}],"circlet_count":0,"master_deck":["Strike_B","Strike_B","Strike_B","Defend_B","Defend_B","Defend_B","Defend_B","Zap","Dualcast","Sunder+1","Ball Lightning","Defragment+1","Genetic Algorithm+1","BootSequence","Electrodynamics","Sweeping Beam+1","Defragment+1","Reinforced Body","Heatsinks+1","Biased Cognition","Shame","Compile Driver+1","Core Surge","Coolheaded","Go for the Eyes"],"relics":["Cracked Core","NeowsBlessing","Blue Candle","HornCleat","Bottled Flame","Question Card","WarpedTongs","Cursed Key","Enchiridion","Akabeko","Darkstone Periapt","Kunai"],"acts_visited":["Exordium","TheCity"],"potions_floor_usage":[33,33,33],"damage_taken":[{"damage":0.0,"enemies":"2 Louse","floor":1.0,"turns":1.0},{"damage":0.0,"enemies":"Cultist","floor":4.0,"turns":1.0},{"damage":0.0,"enemies":"Gremlin Nob","floor":6.0,"turns":1.0},{"damage":11.0,"enemies":"Lagavulin","floor":8.0,"turns":4.0},{"damage":1.0,"enemies":"Jaw Worm","floor":11.0,"turns":3.0},{"damage":0.0,"enemies":"2 Fungi Beasts","floor":14.0,"turns":2.0},{"damage":12.0,"enemies":"Hexaghost","floor":16.0,"turns":6.0},{"damage":0.0,"enemies":"2 Thieves","floor":18.0,"turns":3.0},{"damage":15.0,"enemies":"3 Byrds","floor":20.0,"turns":3.0},{"damage":0.0,"enemies":"Snake Plant","floor":21.0,"turns":2.0},{"damage":28.0,"enemies":"Gremlin Leader","floor":23.0,"turns":5.0},{"damage":4.0,"enemies":"Centurion and Healer","floor":24.0,"turns":3.0},{"damage":15.0,"enemies":"Slavers","floor":25.0,"turns":2.0},{"damage":11.0,"enemies":"Shelled Parasite and Fungi","floor":28.0,"turns":5.0},{"damage":1,"enemies":"Sentry and Sphere","floor":31,"turns":3},{"damage":50,"enemies":"Automaton","floor":33,"turns":6}],"seed_played":"-4170807721694098429","potions_obtained":[{"floor":1.0,"key":"EssenceOfSteel"},{"floor":11.0,"key":"Fruit Juice"},{"floor":23.0,"key":"LiquidBronze"},{"floor":25.0,"key":"Regen Potion"},{"floor":28.0,"key":"EssenceOfSteel"},{"floor":31,"key":"FearPotion"}],"is_trial":false,"path_per_floor":["M","?","$","M","?","E","R","E","T","?","M","$","R","M","R","B",null,"M","?","M","M","?","E","M","E","T","?","M","$","R","M","R","B"],"character_chosen":"DEFECT","items_purchased":["Ball Lightning","AttackPotion","Core Surge","Coolheaded","AttackPotion","AttackPotion"],"campfire_rested":1,"item_purchase_floors":[3,3,29,29,29,29],"current_hp_per_floor":[75,75,75,75,50,50,50,39,39,39,38,38,38,38,38,26,75,75,75,60,60,44,16,12,2,8,8,11,11,36,35,35,0,0],"gold":48,"neow_bonus":"THREE_ENEMY_KILL","is_daily":false,"chose_seed":false,"campfire_upgraded":4,"win_rate":0.0,"timestamp":1612179169,"path_taken":["M","?","?","M","?","E","R","E","T","?","M","$","R","?","R","BOSS","M","?","M","?","?","E","M","E","T","?","?","?","R","M","R","BOSS"],"items_purchased_type":["Card","Potion","Card","Card","Potion","Potion"],"build_version":"2020-12-22","purchased_purges":1,"victory":false,"max_hp_per_floor":[75,75,75,75,75,75,75,75,75,75,75,75,75,75,75,75,75,75,75,75,75,75,75,75,80,86,86,86,86,86,86,86,86,86],"relic_stats":{"Darkstone Periapt":6,"counters":[16,50],"Blue Candle":[4],"Kunai":[5],"Question Card":11,"Cursed Key":1,"obtain_stats":[{"Darkstone Periapt":25,"Bottled Flame":8,"HornCleat":6,"NeowsBlessing":0,"Blue Candle":5,"Enchiridion":22,"Kunai":26,"Cracked Core":0,"Question Card":9,"Cursed Key":17,"Akabeko":23,"WarpedTongs":10},{"Darkstone Periapt":13,"Bottled Flame":4,"HornCleat":3,"NeowsBlessing":0,"Blue Candle":2,"Enchiridion":10,"Kunai":13,"Cracked Core":0,"Question Card":4,"Cursed Key":7,"Akabeko":11,"WarpedTongs":4},{"Darkstone Periapt":36,"Bottled Flame":7,"HornCleat":3,"NeowsBlessing":0,"Blue Candle":2,"Enchiridion":26,"Kunai":36,"Cracked Core":0,"Question Card":7,"Cursed Key":18,"Akabeko":31,"WarpedTongs":7}],"WarpedTongs":[43]},"card_choices":[{"not_picked":["Gash","Stack"],"picked":"Sunder","floor":1.0},{"not_picked":["Skim","Double Energy","Coolheaded"],"picked":"SKIP","floor":4.0},{"not_picked":["Rip and Tear","Coolheaded"],"picked":"Defragment","floor":6.0},{"not_picked":["Static Discharge","BootSequence"],"picked":"Genetic Algorithm","floor":8.0},{"not_picked":["Turbo","Barrage","Ball Lightning"],"picked":"BootSequence","floor":11.0},{"not_picked":["Heatsinks","Rebound","Coolheaded","Barrage"],"picked":"SKIP","floor":14.0},{"not_picked":["Rainbow","Multi-Cast","Thunder Strike"],"picked":"Electrodynamics","floor":16.0},{"not_picked":["Beam Cell","Rebound+1","BootSequence"],"picked":"Sweeping Beam+1","floor":18.0},{"not_picked":["Streamline","Leap+1","Doom and Gloom"],"picked":"Reinforced Body","floor":20.0},{"not_picked":["Redo","White Noise","Leap+1","Streamline+1"],"picked":"SKIP","floor":21.0},{"not_picked":["Barrage","Redo","Aggregate","Leap"],"picked":"SKIP","floor":23.0},{"not_picked":["Rebound","Barrage","Darkness"],"picked":"Heatsinks","floor":24.0},{"not_picked":["Tempest","Rainbow","Skim"],"picked":"Biased Cognition","floor":25.0},{"not_picked":["Tempest","Sunder+1","Rebound"],"picked":"Compile Driver+1","floor":28.0},{"not_picked":["Streamline","Conserve Battery","Loop"],"picked":"Go for the Eyes","floor":31}],"player_experience":1475006,"relics_obtained":[{"floor":6.0,"key":"HornCleat"},{"floor":8.0,"key":"Bottled Flame"},{"floor":9.0,"key":"Question Card"},{"floor":22.0,"key":"Enchiridion"},{"floor":23.0,"key":"Akabeko"},{"floor":25.0,"key":"Darkstone Periapt"},{"floor":26.0,"key":"Kunai"}],"event_choices":[{"cards_removed":["Strike_B"],"damage_healed":0.0,"max_hp_gain":0.0,"max_hp_loss":0.0,"gold_gain":0.0,"event_name":"Bonfire Elementals","player_choice":"Offered Basic","floor":2.0,"gold_loss":0.0,"damage_taken":0.0},{"damage_healed":0.0,"max_hp_gain":0.0,"max_hp_loss":0.0,"gold_gain":0.0,"event_name":"Scrap Ooze","player_choice":"Success","floor":5.0,"gold_loss":0.0,"damage_taken":25.0,"relics_obtained":["Blue Candle"]},{"damage_healed":0.0,"max_hp_gain":0.0,"max_hp_loss":0.0,"gold_gain":0.0,"event_name":"Accursed Blacksmith","player_choice":"Rummage","floor":10.0,"gold_loss":0.0,"damage_taken":0.0,"relics_obtained":["WarpedTongs"],"cards_obtained":["Pain"]},{"damage_healed":0.0,"max_hp_gain":0.0,"max_hp_loss":0.0,"gold_gain":0.0,"event_name":"Duplicator","player_choice":"Copied","floor":19.0,"gold_loss":0.0,"damage_taken":0.0,"cards_obtained":["Defragment"]},{"damage_healed":0.0,"max_hp_gain":0.0,"max_hp_loss":0.0,"gold_gain":0.0,"event_name":"Cursed Tome","player_choice":"Obtained Book","floor":22.0,"gold_loss":0.0,"damage_taken":16.0},{"damage_healed":0.0,"max_hp_gain":0.0,"max_hp_loss":0.0,"gold_gain":0.0,"event_name":"N\u0027loth","player_choice":"Ignored","floor":27.0,"gold_loss":0.0,"damage_taken":0.0}],"is_beta":false,"boss_relics":[{"not_picked":["Tiny House","Nuclear Battery"],"picked":"Cursed Key"}],"items_purged_floors":[12],"is_endless":false,"potions_floor_spawned":[1,11,23,25,28,31],"killed_by":"Automaton","ascension_level":4}}