{"host":"6h0diz2ap0m56grs","time":1612161877,"event":{"mods":["2.2 Compatiblity","BaseMod","Colored Map","Marisa????????","Minty Spire (QoL Compilation)","Quick Restart","Replay The Spire","Shop Mod","StSLib","The Servant 0.9.4"],"gold_per_floor":[119,129,129,129,54,88,120,154,178,190,233,271,283,320,332,439,451,482,494,552,564,361,389,422,455,507,507,507],"floor_reached":27,"language":"ENG","playtime":1065,"items_purged":["Storm+1"],"score":484,"play_id":"430a41b8-a0cd-45f4-9ba7-7eb4de99858b","local_time":"20210201004437","daily_mods":["SealedDeck","Heirloom","Time Dilation","Flight"],"is_ascension_mode":true,"campfire_choices":[{"data":"BasicCrystalCard","floor":10,"key":"SMITH"},{"data":"BasicCrystalCard","floor":13,"key":"SMITH"},{"data":"Consume","floor":15,"key":"SMITH"}],"circlet_count":0,"master_deck":["BasicCrystalCard","Compile Driver","Barrage","Cold Snap","Leap","Ball Lightning","BasicCrystalCard+1","BasicCrystalCard+1","Consume+1","Cold Snap","Glacier","Chill","Mirror Shield+1","Echo Form","Conserve Battery+1","Coolheaded","Biased Cognition","Pot Of Greed+1","Pot Of Greed+1"],"relics":["Cracked Core","replay:Trail_Library","Bag of Preparation","Bronze Scales","Replay:Antivirus Software","MawBank","Bottled Lightning","Letter Opener","Chameleon Ring","Runic Dome","Tiny Chest","War Paint","MerchantsRug","Singing Bowl","Toxic Egg 2","Bag of Marbles","Grinning Jar"],"acts_visited":["Exordium","TheCity"],"potions_floor_usage":[],"damage_taken":[{"damage":0,"enemies":"2 Louse","floor":1,"turns":2},{"damage":1,"enemies":"Small Slimes","floor":2,"turns":2},{"damage":6,"enemies":"Gremlin Nob","floor":6,"turns":4},{"damage":8,"enemies":"3 Sentries","floor":7,"turns":7},{"damage":3,"enemies":"Gremlin Nob","floor":8,"turns":3},{"damage":0,"enemies":"3 Sentries","floor":11,"turns":6},{"damage":0,"enemies":"Lagavulin","floor":12,"turns":5},{"damage":0,"enemies":"3 Sentries","floor":14,"turns":6},{"damage":0,"enemies":"Hexaghost","floor":16,"turns":8},{"damage":0,"enemies":"Spheric Guardian","floor":18,"turns":4},{"damage":2,"enemies":"Gremlin Leader","floor":23,"turns":6},{"damage":0,"enemies":"Slavers","floor":24,"turns":4},{"damage":3,"enemies":"Gremlin Leader","floor":25,"turns":6},{"damage":0,"enemies":"Book of Stabbing","floor":27,"turns":4}],"seed_played":"5362428610580393311","potions_obtained":[{"floor":7,"key":"DistilledChaos"},{"floor":8,"key":"Strength Potion"},{"floor":14,"key":"Swift Potion"}],"is_trial":true,"path_per_floor":["M","M","?","?","$","E","E","E","T","R","E","E","R","E","R","B",null,"M","?","T","?","$","E","E","E","T","E"],"character_chosen":"DEFECT","items_purchased":["War Paint","MerchantsRug"],"campfire_rested":0,"item_purchase_floors":[22,22],"current_hp_per_floor":[75,74,74,74,74,68,60,57,57,57,57,57,57,57,57,57,75,75,75,75,75,75,73,75,74,74,74,74],"gold":507,"neow_bonus":"","is_daily":false,"chose_seed":false,"campfire_upgraded":3,"win_rate":0.0,"timestamp":1612161877,"path_taken":["M","M","?","?","$","E","E","E","T","R","E","E","R","E","R","BOSS","M","?","?","?","$","E","E","E","T","E"],"items_purchased_type":["Relic","Relic"],"build_version":"2020-12-22","purchased_purges":1,"victory":false,"max_hp_per_floor":[75,75,75,75,75,75,75,75,75,75,75,75,75,75,75,75,75,75,75,75,75,75,75,77,79,79,79,79],"card_choices":[{"not_picked":["Redo","Rebound"],"picked":"Cold Snap","floor":1},{"not_picked":["Sunder","Rebound","Double Energy"],"picked":"SKIP","floor":2},{"not_picked":["Storm","Barrage","Recycle"],"picked":"SKIP","floor":6},{"not_picked":["Meteor Strike","Steam","FTL"],"picked":"SKIP","floor":7},{"not_picked":["Stack","Compile Driver"],"picked":"Glacier","floor":8},{"not_picked":["BasicCrystalCard","Panic Button","Compile Driver"],"picked":"SKIP","floor":11},{"not_picked":["Capacitor","Coolheaded"],"picked":"Mirror Shield","floor":12},{"not_picked":["FTL","Loop","Gash"],"picked":"SKIP","floor":14},{"not_picked":["ReplayTheSpireMod:Omega Cannon","ReplayTheSpireMod:Fabricate Wheel"],"picked":"Echo Form","floor":16},{"not_picked":["FIFO Queue","ReplayTheSpireMod:Repulse","Gash"],"picked":"SKIP","floor":18},{"not_picked":["Rebound","Steam+1"],"picked":"Biased Cognition","floor":23},{"not_picked":["Go for the Eyes+1","Compile Driver","Hologram+1"],"picked":"Singing Bowl","floor":24},{"not_picked":["Barrage","Panic Button+1","Streamline"],"picked":"Singing Bowl","floor":25}],"player_experience":240735,"relics_obtained":[{"floor":6,"key":"Bag of Preparation"},{"floor":7,"key":"Bronze Scales"},{"floor":8,"key":"Replay:Antivirus Software"},{"floor":9,"key":"MawBank"},{"floor":11,"key":"Bottled Lightning"},{"floor":12,"key":"Letter Opener"},{"floor":14,"key":"Chameleon Ring"},{"floor":20,"key":"Tiny Chest"},{"floor":23,"key":"Singing Bowl"},{"floor":24,"key":"Toxic Egg 2"},{"floor":25,"key":"Bag of Marbles"},{"floor":26,"key":"Grinning Jar"}],"event_choices":[{"damage_healed":0,"gold_gain":0,"player_choice":"Ignored","damage_taken":0,"max_hp_gain":0,"max_hp_loss":0,"event_name":"Ghosts","floor":19,"gold_loss":0},{"damage_healed":0,"gold_gain":0,"player_choice":"Read","damage_taken":0,"max_hp_gain":0,"max_hp_loss":0,"event_name":"The Library","floor":21,"gold_loss":0,"cards_obtained":["Coolheaded"]}],"is_beta":false,"boss_relics":[{"not_picked":["Snecko Eye","Kintsugi"],"picked":"Runic Dome"}],"items_purged_floors":[5],"is_endless":false,"potions_floor_spawned":[7,8,14,16,24,25],"killed_by":"Book of Stabbing","ascension_level":1}}