{"host":"8dhn6p16jorj0i1s","time":1612218766,"event":{"mods":["AchievementEnabler","BaseMod","Colored Map","DeckTracker","Highlight Path","Minty Spire (QoL Compilation)","Permanent Neow","Quick Restart"],"gold_per_floor":[112,112,62,62,62,62,82,117,141,151,162,162,180,197,197,197,197],"floor_reached":16,"language":"ENG","playtime":967,"items_purged":[],"score":143,"play_id":"b4b0e1cd-5d3b-46b2-ad18-77d234ae23dd","local_time":"20210201233246","is_ascension_mode":true,"campfire_choices":[{"data":"Immolate","floor":6.0,"key":"SMITH"},{"data":"Brutality","floor":12.0,"key":"SMITH"},{"data":"Combust","floor":15.0,"key":"SMITH"}],"circlet_count":0,"master_deck":["Strike_R","Defend_R","Defend_R","Defend_R","Defend_R","Bash+1","Brutality+1","Exhume","Combust+1","Immolate+1","Heavy Blade"],"relics":["Burning Blood","HornCleat","Orichalcum"],"acts_visited":["Exordium"],"potions_floor_usage":[16,16],"damage_taken":[{"damage":16.0,"enemies":"Small Slimes","floor":1.0,"turns":4.0},{"damage":8.0,"enemies":"Jaw Worm","floor":7.0,"turns":2.0},{"damage":29.0,"enemies":"Lagavulin","floor":8.0,"turns":4.0},{"damage":3.0,"enemies":"Cultist","floor":10.0,"turns":3.0},{"damage":0.0,"enemies":"Gremlin Gang","floor":11.0,"turns":1.0},{"damage":7.0,"enemies":"Exordium Wildlife","floor":13.0,"turns":2.0},{"damage":2.0,"enemies":"Exordium Thugs","floor":14.0,"turns":2.0},{"damage":49,"enemies":"The Guardian","floor":16,"turns":9}],"seed_played":"-1015905781055207540","potions_obtained":[{"floor":11.0,"key":"Block Potion"},{"floor":13.0,"key":"BloodPotion"},{"floor":14.0,"key":"DistilledChaos"}],"is_trial":false,"path_per_floor":["M","?","?","$","?","R","M","E","T","M","M","R","M","M","R","B"],"character_chosen":"IRONCLAD","items_purchased":[],"campfire_rested":0,"item_purchase_floors":[],"current_hp_per_floor":[62,62,62,62,62,62,60,37,37,40,46,46,45,49,49,0,0],"gold":197,"neow_bonus":"TRANSFORM_TWO_CARDS","is_daily":false,"chose_seed":false,"campfire_upgraded":3,"win_rate":0.0,"timestamp":1612218766,"path_taken":["M","?","?","$","?","R","?","E","T","M","?","R","M","M","R","BOSS"],"items_purchased_type":[],"build_version":"2020-12-22","purchased_purges":0,"victory":false,"max_hp_per_floor":[72,72,72,72,72,72,72,72,72,72,72,72,72,72,72,72,72],"card_choices":[{"not_picked":["Havoc","Dropkick"],"picked":"Combust","floor":1.0},{"not_picked":["Clothesline","Havoc","Battle Trance"],"picked":"SKIP","floor":7.0},{"not_picked":["Bloodletting","Reckless Charge","Clothesline"],"picked":"SKIP","floor":8.0},{"not_picked":["Anger","Shrug It Off","Iron Wave"],"picked":"SKIP","floor":10.0},{"not_picked":["Twin Strike","Iron Wave","Inflame"],"picked":"SKIP","floor":11.0},{"not_picked":["Perfected Strike","Havoc"],"picked":"Heavy Blade","floor":13.0},{"not_picked":["Flex","Anger","Pommel Strike"],"picked":"SKIP","floor":14.0}],"player_experience":520083,"relics_obtained":[{"floor":8.0,"key":"HornCleat"},{"floor":9.0,"key":"Orichalcum"}],"event_choices":[{"damage_healed":0.0,"max_hp_gain":0.0,"max_hp_loss":0.0,"gold_gain":0.0,"cards_transformed":["Strike_R"],"event_name":"Living Wall","player_choice":"Change","floor":2.0,"gold_loss":0.0,"damage_taken":0.0,"cards_obtained":["Immolate"]},{"cards_removed":["Strike_R"],"damage_healed":0.0,"max_hp_gain":0.0,"max_hp_loss":0.0,"gold_gain":0.0,"event_name":"The Cleric","player_choice":"Card Removal","floor":3.0,"gold_loss":50.0,"damage_taken":0.0},{"damage_healed":0.0,"max_hp_gain":0.0,"max_hp_loss":0.0,"gold_gain":0.0,"event_name":"Accursed Blacksmith","player_choice":"Forge","floor":5.0,"gold_loss":0.0,"damage_taken":0.0,"cards_upgraded":["Bash"]}],"is_beta":false,"boss_relics":[],"items_purged_floors":[],"is_endless":false,"potions_floor_spawned":[11,13,14],"killed_by":"The Guardian","ascension_level":8}}