{"host":"nlbr7nnijupf3yfg","time":1612137795,"event":{"mods":["AchievementEnabler","BaseMod","Colored Powertips","DeckTracker","Hubris","Minty Spire (QoL Compilation)","Replay The Spire","StSLib","SuperFastMode"],"gold_per_floor":[110,122,181,232,407,438,438,452,475,508,519,519,594,594,594,696,696,714,734,767,361,361,361,51,67,94,107,107,107],"floor_reached":28,"language":"ENG","playtime":535,"items_purged":["Doubt"],"score":283,"play_id":"7e6b1d4f-08ee-4bc0-862e-25b3461110de","local_time":"20210131190315","is_ascension_mode":true,"campfire_choices":[{"floor":7,"key":"REST"},{"floor":12,"key":"REST"}],"circlet_count":0,"master_deck":["Strike_R","Strike_R+1","Strike_R","Strike_R","Defend_R","Defend_R","Defend_R","Defend_R","Bash","Infernal Blade","Uppercut","Infernal Blade","Pommel Strike","Flex","Flex","Juggernaut","Feed","Inflame","Cleave+1","Decay","Power Through+1","Iron Wave","Armaments+1","Fire Breathing+1"],"relics":["Burning Blood","Blue Doll","Bottled Flame","Happy Flower","Red Skull","hubris:HollowSoul","Red Mask","hubris:SlimyHat","hubris:TinFlute","Replay:Wax Seal"],"acts_visited":["Exordium","TheCity"],"potions_floor_usage":[10,16,20,21,27,27,27,28],"damage_taken":[{"damage":6,"enemies":"2 Louse","floor":1,"turns":3},{"damage":8,"enemies":"Jaw Worm","floor":2,"turns":7},{"damage":16,"enemies":"Replay:BlueRogue","floor":6,"turns":8},{"damage":7,"enemies":"Small Slimes","floor":8,"turns":3},{"damage":39,"enemies":"Lagavulin","floor":10,"turns":6},{"damage":4,"enemies":"Looter","floor":11,"turns":3},{"damage":64,"enemies":"Hexaghost","floor":16,"turns":9},{"damage":31,"enemies":"2 Thieves","floor":18,"turns":3},{"damage":40,"enemies":"Shell Parasite","floor":19,"turns":5},{"damage":0,"enemies":"Masked Bandits","floor":20,"turns":2},{"damage":18,"enemies":"Cultist and Chosen","floor":25,"turns":5},{"damage":5,"enemies":"Shelled Parasite and Fungi","floor":27,"turns":4},{"damage":21,"enemies":"Centurion and Healer","floor":28,"turns":2}],"seed_played":"7916772250188768147","potions_obtained":[{"floor":1,"key":"Block Potion"},{"floor":4,"key":"ElixirPotion"},{"floor":10,"key":"DistilledChaos"},{"floor":16,"key":"Strength Potion"},{"floor":20,"key":"Swift Potion"},{"floor":25,"key":"Block Potion"},{"floor":27,"key":"PowerPotion"}],"is_trial":false,"path_per_floor":["M","M","?","?","?","E","R","M","T","E","M","R","?","?","R","B",null,"M","M","?","$","?","?","$","M","T","M","M"],"character_chosen":"IRONCLAD","items_purchased":["Fruit Juice","DuplicationPotion","hubris:SlimyHat","hubris:TinFlute","Power Through+1","Iron Wave"],"campfire_rested":2,"item_purchase_floors":[21,21,21,24,24,24],"current_hp_per_floor":[80,78,78,46,46,36,60,59,59,26,28,52,41,80,80,22,66,44,10,16,21,21,21,21,12,12,13,0,0],"gold":107,"neow_bonus":"RANDOM_EVENT","is_daily":false,"chose_seed":false,"campfire_upgraded":0,"win_rate":0.0,"timestamp":1612137795,"path_taken":["M","M","?","?","?","E","R","M","T","E","M","R","?","?","R","BOSS","M","?","?","$","?","?","$","?","T","M","M"],"items_purchased_type":["Potion","Potion","Relic","Relic","Card","Card"],"build_version":"2020-12-22","purchased_purges":1,"victory":false,"max_hp_per_floor":[80,80,80,80,80,80,80,80,80,80,80,80,80,80,80,80,80,83,83,83,88,88,88,88,91,91,91,91,91],"card_choices":[{"not_picked":["Replay:Undeath\u0027s Touch","Run Through"],"picked":"Infernal Blade","floor":1},{"not_picked":["Fire Breathing","Massacre"],"picked":"Uppercut","floor":2},{"not_picked":["Twin Strike","Abandon"],"picked":"Infernal Blade","floor":4},{"not_picked":["Shrug It Off","hubris:CleavingFinish"],"picked":"Pommel Strike","floor":6},{"not_picked":["Dark Embrace","hubris:CleavingFinish","Power Through"],"picked":"SKIP","floor":8},{"not_picked":["Shrug It Off","Run Through"],"picked":"Flex","floor":10},{"not_picked":["Battle Trance","Thunderclap"],"picked":"Flex","floor":11},{"not_picked":["Offering","Replay:Many Hands"],"picked":"Feed","floor":16},{"not_picked":["Combust+1","Heavy Blade"],"picked":"Inflame","floor":18},{"not_picked":["hubris:CleavingFinish","Bloodletting","Anger"],"picked":"SKIP","floor":19},{"not_picked":["Abandon","Rampage+1"],"picked":"Cleave+1","floor":20},{"not_picked":["Clash","Twin Strike"],"picked":"Armaments+1","floor":25},{"not_picked":["Replay:Many Hands","Anger"],"picked":"Fire Breathing+1","floor":27}],"player_experience":39248,"relics_obtained":[{"floor":4,"key":"Blue Doll"},{"floor":6,"key":"Bottled Flame"},{"floor":9,"key":"Happy Flower"},{"floor":10,"key":"Red Skull"},{"floor":20,"key":"Red Mask"},{"floor":26,"key":"Replay:Wax Seal"}],"event_choices":[{"damage_healed":0,"gold_gain":59,"player_choice":"Gained Gold","damage_taken":0,"max_hp_gain":0,"max_hp_loss":0,"event_name":"Golden Wing","floor":3,"gold_loss":0},{"damage_healed":0,"gold_gain":175,"player_choice":"AGREE","damage_taken":0,"max_hp_gain":0,"max_hp_loss":0,"event_name":"Liars Game","floor":5,"gold_loss":0,"cards_obtained":["Doubt"]},{"damage_healed":0,"gold_gain":75,"player_choice":"Gather Gold","damage_taken":11,"max_hp_gain":0,"max_hp_loss":0,"event_name":"World of Goop","floor":13,"gold_loss":0},{"damage_healed":39,"gold_gain":0,"player_choice":"Full Heal","damage_taken":0,"max_hp_gain":0,"max_hp_loss":0,"event_name":"Wheel of Change","floor":14,"gold_loss":0},{"damage_healed":0,"gold_gain":0,"player_choice":"Fought Bandits","damage_taken":0,"max_hp_gain":0,"max_hp_loss":0,"event_name":"Masked Bandits","floor":20,"gold_loss":0},{"damage_healed":0,"gold_gain":0,"player_choice":"Smashed Altar","damage_taken":0,"max_hp_gain":0,"max_hp_loss":0,"event_name":"Forgotten Altar","floor":22,"gold_loss":0,"cards_obtained":["Decay"]},{"damage_healed":0,"gold_gain":0,"player_choice":"Bought 0 Potions","damage_taken":0,"max_hp_gain":0,"max_hp_loss":0,"event_name":"The Woman in Blue","floor":23,"gold_loss":0}],"is_beta":false,"boss_relics":[{"not_picked":["Philosopher\u0027s Stone","Runic Pyramid"],"picked":"hubris:HollowSoul"}],"items_purged_floors":[21],"is_endless":false,"potions_floor_spawned":[1,10,16,20,25,27],"killed_by":"Centurion and Healer","ascension_level":5}}