{"host":"yq2wmfr0u0wuvxc0","time":1612211822,"event":{"mods":["Act Like it!","Aspiration","BaseMod","Colored Powertips","Curses Come First","Downfall","Friendly Minions","Gensokyo","Hubris","Infinite Spire","Marisa????????","Minty Spire (QoL Compilation)","Pale of the Ancients","Quick Restart","Rare Cards Sparkle","Remilia??????","Shop Mod","Smile Girya","Spicy Shops","StSLib","The Jungle","The Servant 0.9.4","Wide Potions"],"gold_per_floor":[99,99,99,99,99,99,99,99,133,5,15,0,0,13,23,128,128,28,41,52,52,152,152,202,39,71,71,82,95,188,201,212,316,316,116,130,142,142,142,142,142,161,180,213,224,99,114,130,149,149,149,178,23,23,23,23],"floor_reached":57,"language":"ZHS","playtime":3328,"items_purged":["Slimebound:Strike_Slimebound","Slimebound:Strike_Slimebound","Slimebound:Defend_Slimebound"],"score":1390,"play_id":"36b5c291-f9c6-4ac3-ae36-52f1ac47b537","local_time":"20210201123702","is_ascension_mode":true,"campfire_choices":[{"data":"Slimebound:Split","floor":1.0,"key":"SMITH"},{"data":"Slimebound:LeadByExample","floor":13.0,"key":"SMITH"},{"data":"Slimebound:Overexert","floor":18.0,"key":"SMITH"},{"floor":23.0,"key":"RECALL"},{"data":"Slimebound:OneTwoCombo","floor":35.0,"key":"SMITH"},{"data":"Slimebound:MassRepurpose","floor":40.0,"key":"SMITH"},{"data":"Slimebound:LevelUp","floor":54.0,"key":"SMITH"}],"circlet_count":0,"master_deck":["Slimebound:Defend_Slimebound","Slimebound:Defend_Slimebound","Slimebound:Split+1","Slimebound:CorrosiveSpit","Slimebound:LeadByExample","Slimebound:ForwardTackle","Slimebound:SplitMire","Slimebound:SplitMire","Slimebound:LeadByExample+1","Slimebound:SplitLeeching","Slimebound:SplitBruiser","Slimebound:GoopSpray","Slimebound:OneTwoCombo+1","Slimebound:Overexert+1","EarthLightRay","Slimebound:LevelUp+1","DarkMatter+1","Slimebound:SlimeBarrage+1","Slimebound:SplitLeeching+1","MagicAbsorber+1","OortCloud","Slimebound:MassRepurpose+1","Slimebound:LevelUp+1","MagicAbsorber","GravityBeat","Parasite","Slimebound:SplitLeeching","Slimebound:SplitBruiser","Slimebound:SlimeTap","Slimebound:Repurpose+1"],"relics":["Slimebound:AbsorbEndCombat","downfall:HeartsMalice","hubris:Towel","infinitespire:WardingShard","Ancient Tea Set","aspiration:MarisaSkillbook","downfall:HeartBlessingGreen","Incense Burner","Singing Bowl","aspiration:ChemicalBlood","Matryoshka","infinitespire:Beetle Shell","SlaversCollar","downfall:HeartBlessingRed","downfall:HeartBlessingBlue","infinitespire:ShieldingShard","White Beast Statue","PreservedInsect","hubris:MysteriousPyramids","hubris:EmptyBottle"],"acts_visited":["Exordium","TheCity","TheBeyond","TheEnding"],"potions_floor_usage":[56,56,56,56,56,56,56,56],"damage_taken":[{"damage":0.0,"enemies":"2 Louse","floor":2.0,"turns":1.0},{"damage":0.0,"enemies":"Small Slimes","floor":3.0,"turns":1.0},{"damage":0.0,"enemies":"Jaw Worm","floor":8.0,"turns":1.0},{"damage":26.0,"enemies":"Lagavulin","floor":9.0,"turns":5.0},{"damage":3.0,"enemies":"downfall:FleeingMerchant","floor":10.0,"turns":4.0},{"damage":0.0,"enemies":"Large Slime","floor":11.0,"turns":4.0},{"damage":0.0,"enemies":"downfall:FleeingMerchant","floor":12.0,"turns":4.0},{"damage":0.0,"enemies":"2 Fungi Beasts","floor":14.0,"turns":3.0},{"damage":8.0,"enemies":"Exordium Thugs","floor":15.0,"turns":3.0},{"damage":58.0,"enemies":"WA_ARCHETYPE_RETAIN","floor":16.0,"turns":8.0},{"damage":0.0,"enemies":"Chosen","floor":19.0,"turns":3.0},{"damage":8.0,"enemies":"Shell Parasite","floor":20.0,"turns":3.0},{"damage":19.0,"enemies":"Colosseum Nobs","floor":22.0,"turns":4.0},{"damage":9.0,"enemies":"downfall:FleeingMerchant","floor":25.0,"turns":4.0},{"damage":29.0,"enemies":"Book of Stabbing","floor":26.0,"turns":5.0},{"damage":0.0,"enemies":"3 Cultists","floor":28.0,"turns":5.0},{"damage":12.0,"enemies":"Cultist and Chosen","floor":29.0,"turns":4.0},{"damage":12.0,"enemies":"downfall:FleeingMerchant","floor":30.0,"turns":4.0},{"damage":0.0,"enemies":"Shelled Parasite and Fungi","floor":31.0,"turns":3.0},{"damage":15.0,"enemies":"Centurion and Healer","floor":32.0,"turns":5.0},{"damage":30.0,"enemies":"IC_MUSHROOM_ARCHETYPE","floor":33.0,"turns":9.0},{"damage":15.0,"enemies":"3 Darklings","floor":36.0,"turns":5.0},{"damage":6.0,"enemies":"3 Shapes","floor":37.0,"turns":5.0},{"damage":0.0,"enemies":"3 Darklings","floor":42.0,"turns":4.0},{"damage":0.0,"enemies":"Transient","floor":43.0,"turns":5.0},{"damage":4.0,"enemies":"Nemesis","floor":44.0,"turns":5.0},{"damage":3.0,"enemies":"Spire Growth","floor":45.0,"turns":4.0},{"damage":6.0,"enemies":"4 Shapes","floor":47.0,"turns":3.0},{"damage":0.0,"enemies":"Sphere and 2 Shapes","floor":48.0,"turns":4.0},{"damage":1.0,"enemies":"Writhing Mass","floor":49.0,"turns":4.0},{"damage":12.0,"enemies":"DF_ARCHETYPE_ORBS","floor":50.0,"turns":5.0},{"damage":17.0,"enemies":"downfall:CharBossMerchant","floor":52.0,"turns":5.0},{"damage":7.0,"enemies":"downfall:NeowBoss","floor":55.0,"turns":12.0},{"damage":48,"enemies":"downfall:NeowBossFinal","floor":56,"turns":8}],"seed_played":"2575425601873523073","potions_obtained":[{"floor":11.0,"key":"Guardian:BlockOnCardUsePotion"},{"floor":20.0,"key":"Fire Potion"},{"floor":26.0,"key":"Energy Potion"},{"floor":33.0,"key":"EntropicBrew"},{"floor":36.0,"key":"Weak Potion"},{"floor":37.0,"key":"Swift Potion"},{"floor":42.0,"key":"bronze:BurnAndBuffPotion"},{"floor":45.0,"key":"Ancient Potion"},{"floor":47.0,"key":"Regen Potion"},{"floor":48.0,"key":"FearPotion"},{"floor":49.0,"key":"bronze:BurnAndBuffPotion"},{"floor":52.0,"key":"AttackPotion"}],"is_trial":false,"path_per_floor":["R","M","M","?","?","?","T","M","E","$","M","$","R","M","M","B",null,"R","M","M","?","?","R","T","$","E","?","M","M","$","M","M","B",null,"R","M","M","?","?","R","T","M","M","E","M","$","M","M","M","B",null,"E","$","R","B","B",null],"character_chosen":"SLIMEBOUND","items_purchased":["Slimebound:LeadByExample","Slimebound:SplitLeeching","aspiration:ChemicalBlood","infinitespire:Beetle Shell","OortCloud","hubris:EmptyBottle"],"campfire_rested":0,"item_purchase_floors":[10,10,25,30,30,53],"current_hp_per_floor":[65,65,65,65,65,65,65,65,47,48,52,54,54,60,56,6,65,65,65,61,50,43,43,43,48,29,29,39,33,27,37,34,16,76,86,79,73,73,73,73,73,85,90,90,92,92,86,88,95,85,96,81,81,81,86,96],"gold":23,"neow_bonus":"THREE_ENEMY_KILL","is_daily":false,"chose_seed":false,"campfire_upgraded":6,"win_rate":0.0,"timestamp":1612211822,"path_taken":["R","M","M","?","?","?","T","M","E","$","?","$","R","M","M","BOSS","R","M","M","?","?","R","T","$","E","?","M","M","$","M","M","BOSS","R","M","M","?","?","R","T","?","M","E","M","$","M","M","M","BOSS","E","$","R","BOSS","BOSS"],"items_purchased_type":["Card","Card","Relic","Relic","Card","Relic"],"build_version":"2020-12-22","purchased_purges":3,"victory":true,"max_hp_per_floor":[65,65,65,65,65,65,65,65,65,65,65,65,65,65,65,65,65,65,65,65,70,70,70,70,72,72,72,72,72,72,74,76,76,76,86,88,88,88,88,88,88,90,90,90,92,92,92,94,96,96,96,98,98,98,98,98],"card_choices":[{"not_picked":["Slimebound:ForwardTackle","Slimebound:Nibble"],"picked":"Slimebound:LeadByExample","floor":2.0},{"not_picked":["Slimebound:RainOfGoop","Slimebound:LivingWall"],"picked":"Slimebound:ForwardTackle","floor":3.0},{"not_picked":["Slimebound:SlimeSpikes","Slimebound:Prepare"],"picked":"Slimebound:SplitMire","floor":8.0},{"not_picked":["Slimebound:GoopTackle","Slimebound:Equalize","Slimebound:SlimeSpikes"],"picked":"SKIP","floor":9.0},{"not_picked":["Slimebound:Schlurp","Slimebound:Prepare","Slimebound:LeechEnergy"],"picked":"SKIP","floor":10.0},{"not_picked":["Slimebound:Recollect","Slimebound:RainOfGoop"],"picked":"Slimebound:SplitBruiser","floor":11.0},{"not_picked":["Slimebound:SlimeSpikes","Slimebound:GoopTackle"],"picked":"Slimebound:GoopSpray","floor":12.0},{"not_picked":["Slimebound:LeechingTouch","Slimebound:Prepare"],"picked":"Slimebound:OneTwoCombo","floor":14.0},{"not_picked":["Slimebound:SplitLeeching","Slimebound:Nibble","Slimebound:Grow"],"picked":"SKIP","floor":15.0},{"not_picked":["Slimebound:CheckThePlaybook","Slimebound:PrepareCrush"],"picked":"Slimebound:Overexert","floor":16.0},{"not_picked":["Slimebound:LeechEnergy","FairyDestructionRay","Slimebound:RejuvenatingLick","DoubleSpark"],"picked":"SKIP","floor":19.0},{"not_picked":["Slimebound:SpikyOuterGoop","SporeBomb+1","StarBarrage"],"picked":"EarthLightRay","floor":20.0},{"not_picked":["Robbery+1","Slimebound:Chomp+1","AsteroidBelt+1"],"picked":"Slimebound:LevelUp","floor":22.0},{"not_picked":["Slimebound:SplitAcid","Slimebound:PrepareCrush","Singularity","GrandCross"],"picked":"Singing Bowl","floor":25.0},{"not_picked":["MilkyWay","PowerUp","DeepEcoloBomb+1"],"picked":"DarkMatter+1","floor":26.0},{"not_picked":["Slimebound:Prepare","MachineGunSpark+1","Slimebound:ItLooksTasty"],"picked":"Slimebound:SlimeBarrage+1","floor":28.0},{"not_picked":["ShootingEcho+1","DarkMatter","Slimebound:Prepare"],"picked":"Slimebound:SplitLeeching+1","floor":29.0},{"not_picked":["Slimebound:SlimeBrawl","Slimebound:GoopSpray","DarkSpark"],"picked":"MagicAbsorber+1","floor":30.0},{"not_picked":["GravityBeat","LuminesStrike","Slimebound:Prepare","PowerUp"],"picked":"Singing Bowl","floor":31.0},{"not_picked":["Slimebound:BestDefense","Slimebound:SplitAcid","ShootTheMoon+1","Slimebound:Schlurp"],"picked":"Singing Bowl","floor":32.0},{"not_picked":["Slimebound:RallyTheTroops","Slimebound:DouseInSlime","MaximisePower"],"picked":"Slimebound:MassRepurpose","floor":33.0},{"not_picked":["Robbery","Slimebound:ComboTackle","Slimebound:PressTheAttack","6A+1"],"picked":"Singing Bowl","floor":36.0},{"not_picked":["EventHorizon+1","UnstableBomb+1","OrrerysSun"],"picked":"Slimebound:LevelUp+1","floor":37.0},{"not_picked":["DC+1","WitchOfGreed","GalacticHalo","ChargeUpSpray+1"],"picked":"Singing Bowl","floor":42.0},{"not_picked":["Slimebound:FinishingTackle","Slimebound:DivideAndConquer","Slimebound:LeechEnergy"],"picked":"Slimebound:SplitBruiser","floor":43.0},{"not_picked":["GrandCross+1","6A","Slimebound:Prepare"],"picked":"Slimebound:SlimeTap","floor":44.0},{"not_picked":["MilkyWay","6A","EnergyRecoil","Slimebound:GrowthPunch+1"],"picked":"Singing Bowl","floor":45.0},{"not_picked":["Slimebound:FinishingTackle","Slimebound:Prepare+1","Slimebound:PressTheAttack"],"picked":"Slimebound:Repurpose+1","floor":47.0},{"not_picked":["GrandCross+1","Slimebound:SlimeBarrage","Slimebound:Replication","LuminesStrike+1"],"picked":"Singing Bowl","floor":48.0},{"not_picked":["OneTimeOff","AsteroidBelt+1","DoubleSpark","WitchOfGreed"],"picked":"Singing Bowl","floor":49.0},{"not_picked":["LuminesStrike+1","Slimebound:GoopTackle","GravityBeat+1","DragonMeteor"],"picked":"Singing Bowl","floor":52.0}],"player_experience":300598,"relics_obtained":[{"floor":7.0,"key":"infinitespire:WardingShard"},{"floor":9.0,"key":"Ancient Tea Set"},{"floor":22.0,"key":"Incense Burner"},{"floor":22.0,"key":"Singing Bowl"},{"floor":26.0,"key":"Matryoshka"},{"floor":41.0,"key":"infinitespire:ShieldingShard"},{"floor":41.0,"key":"White Beast Statue"},{"floor":44.0,"key":"PreservedInsect"},{"floor":52.0,"key":"hubris:MysteriousPyramids"}],"event_choices":[],"is_beta":false,"boss_relics":[{"not_picked":["aspiration:DefectSkillbook","hubris:Stopwatch"],"picked":"aspiration:MarisaSkillbook"},{"not_picked":["Sozu","Snecko Eye"],"picked":"SlaversCollar"}],"items_purged_floors":[25,30,46],"is_endless":false,"potions_floor_spawned":[11,15,20,26,29,33,37,42,43,44,45,47,48,49,52],"ascension_level":3}}