{"host":"upxylo0gv9lknfjc","time":1612148784,"event":{"mods":["2.2 Compatiblity","BaseMod","Colored Map","Downfall","GungeonMod","Hermit","Lobotomy","Minty Spire (QoL Compilation)","StSLib","The Bug Knight","The Cursed","The Dragon Tamer","The Gatherer","The Hierophant","The Jungle","The Poker Player","The Runesmith"],"gold_per_floor":[99,117,137,156,166,200,224,209,659,459,124,124,124,148,158,158,158],"floor_reached":16,"language":"ENG","playtime":1270,"items_purged":["downfall:Icky"],"score":125,"play_id":"ec60bc74-f830-43ff-bfff-293d42af8889","local_time":"20210201120624","is_ascension_mode":false,"campfire_choices":[{"floor":1,"key":"RECALL"},{"data":"bronze:Boost","floor":10,"key":"SMITH"},{"data":"bronze:Goto","floor":12,"key":"SMITH"}],"circlet_count":0,"master_deck":["bronze:Strike","bronze:Strike","bronze:Strike","bronze:Strike","bronze:Defend","bronze:Defend","bronze:Defend","bronze:Defend","bronze:Replicate","bronze:Goto+1","bronze:Boost+1","bronze:DelayedSlice","bronze:OilSpill","bronze:GetLatest","bronze:Shield","downfall:Icky","bronze:ChildClass","bronze:Break","bronze:Iterate"],"relics":["bronze:BronzeCore","Tiny Chest","downfall:HeartBlessingRed","downfall:HeartBlessingBlue","Darkstone Periapt","Vajra"],"acts_visited":["Exordium"],"potions_floor_usage":[16],"damage_taken":[{"damage":1,"enemies":"Cultist","floor":2,"turns":3},{"damage":0,"enemies":"2 Louse","floor":3,"turns":3},{"damage":0,"enemies":"Small Slimes","floor":4,"turns":2},{"damage":11,"enemies":"3 Louse","floor":5,"turns":2},{"damage":47,"enemies":"Lagavulin","floor":6,"turns":7},{"damage":0,"enemies":"downfall:FleeingMerchant","floor":8,"turns":4},{"damage":0,"enemies":"downfall:FleeingMerchant","floor":11,"turns":4},{"damage":0,"enemies":"Red Slaver","floor":15,"turns":2},{"damage":30,"enemies":"SI_SHIV_ARCHETYPE","floor":16,"turns":5}],"seed_played":"-7753169539458812270","potions_obtained":[{"floor":3,"key":"sneckomod:MuddlingPotion"},{"floor":4,"key":"Block Potion"}],"is_trial":false,"path_per_floor":["R","M","M","M","M","E","T","$","?","R","$","R","?","T","M","B"],"character_chosen":"THE_AUTOMATON","items_purchased":["Darkstone Periapt"],"campfire_rested":0,"item_purchase_floors":[11],"current_hp_per_floor":[77,76,76,76,65,18,18,18,18,28,28,28,28,28,28,0,0,0],"gold":158,"neow_bonus":"TEN_PERCENT_HP_BONUS","is_daily":false,"chose_seed":false,"campfire_upgraded":2,"win_rate":0.0,"timestamp":1612148784,"path_taken":["R","M","M","M","M","E","T","?","?","R","$","R","?","?","M","BOSS"],"items_purchased_type":["Relic"],"build_version":"2020-12-22","purchased_purges":1,"victory":false,"max_hp_per_floor":[77,77,77,77,77,77,77,77,77,87,87,87,87,87,87,87,87,87],"card_choices":[{"not_picked":["bronze:WildBeam","bronze:NullPointer"],"picked":"bronze:Boost","floor":2},{"not_picked":["bronze:CutThrough","bronze:ClassDefault"],"picked":"bronze:DelayedSlice","floor":3},{"not_picked":["bronze:Fortify","bronze:BronzeOrb","bronze:DelayedSlice"],"picked":"SKIP","floor":4},{"not_picked":["bronze:Flail","bronze:DelayedSlice"],"picked":"bronze:OilSpill","floor":5},{"not_picked":["bronze:BugBarrage","bronze:NullPointer"],"picked":"bronze:GetLatest","floor":6},{"not_picked":["bronze:GetLatest","bronze:OilSpill"],"picked":"bronze:Shield","floor":8},{"not_picked":["bronze:Turbo","bronze:WhirlingStrike"],"picked":"bronze:ChildClass","floor":11},{"not_picked":["bronze:NullPointer","bronze:Branch"],"picked":"bronze:Iterate","floor":15}],"player_experience":1142582,"relics_obtained":[{"floor":6,"key":"Tiny Chest"},{"floor":14,"key":"Vajra"}],"event_choices":[],"is_beta":false,"boss_relics":[],"items_purged_floors":[11],"is_endless":false,"potions_floor_spawned":[3,4],"killed_by":"SI_SHIV_ARCHETYPE","ascension_level":0}}