{"host":"6gnv7me3tk2udb7q","time":1612216133,"event":{"mods":["BaseMod","Bestiary","Colored Map","Minty Spire (QoL Compilation)"],"gold_per_floor":[109,34,34,44,44,44,79,79,79,4,4,33,49,66,66,169,169,183,183,201,201,126,126,159,9,9,9,9,9,9,35,35,130,130,145,156,173,190,208,245,272,272,281,323,332,332,332,376,376,376,376,376,65,108,108],"floor_reached":56,"language":"ENG","playtime":3379,"items_purged":["Defend_G","Normality"],"score":2381,"play_id":"2b6f52fa-9bc2-4de7-bbaa-275aa109f4f9","local_time":"20210201164853","is_ascension_mode":true,"campfire_choices":[{"data":"Neutralize","floor":6.0,"key":"SMITH"},{"data":"Malaise","floor":8.0,"key":"SMITH"},{"data":"Blade Dance","floor":11.0,"key":"SMITH"},{"data":"Distraction","floor":15.0,"key":"SMITH"},{"data":"PiercingWail","floor":23.0,"key":"SMITH"},{"data":"Night Terror","floor":27.0,"key":"SMITH"},{"data":"Ghostly","floor":32.0,"key":"SMITH"},{"data":"Ghostly","floor":42.0,"key":"SMITH"},{"floor":49.0,"key":"RECALL"},{"floor":52,"key":"REST"}],"circlet_count":0,"master_deck":["AscendersBane","Defend_G+1","Defend_G+1","Survivor+1","Neutralize+1","PiercingWail+1","Malaise+1","Blade Dance+1","Slice+1","Quick Slash+1","Distraction+1","Well Laid Plans+1","Wraith Form v2+1","Escape Plan+1","Bite+1","Bite+1","Bite+1","Bite+1","Bite+1","Ghostly+1","Ghostly+1","Ghostly+1","Ghostly+1","Ghostly+1","Night Terror+1","Clumsy","Decay","Terror+1","Storm of Steel+1","Prepared+1","Choke+1","Caltrops+1","Corpse Explosion+1","Well Laid Plans+1","Distraction+1","Mayhem+1","A Thousand Cuts+1","Phantasmal Killer","Accuracy+1","Blade Dance","Well Laid Plans+1"],"relics":["Ring of the Snake","NeowsBlessing","TungstenRod","Frozen Egg 2","Molten Egg 2","Meat on the Bone","Shuriken","Cursed Key","Akabeko","Chemical X","PreservedInsect","Letter Opener","Gambling Chip","Empty Cage","CeramicFish","Blue Candle","Mark of the Bloom","Bronze Scales","Tough Bandages"],"acts_visited":["Exordium","TheCity","TheBeyond","TheEnding"],"potions_floor_usage":[],"damage_taken":[{"damage":0.0,"enemies":"Cultist","floor":1.0,"turns":1.0},{"damage":0.0,"enemies":"Jaw Worm","floor":4.0,"turns":1.0},{"damage":0.0,"enemies":"3 Sentries","floor":7.0,"turns":1.0},{"damage":19.0,"enemies":"Gremlin Nob","floor":12.0,"turns":5.0},{"damage":1.0,"enemies":"Small Slimes","floor":13.0,"turns":2.0},{"damage":1.0,"enemies":"Blue Slaver","floor":14.0,"turns":4.0},{"damage":0.0,"enemies":"Hexaghost","floor":16.0,"turns":5.0},{"damage":1.0,"enemies":"Shell Parasite","floor":18.0,"turns":6.0},{"damage":9.0,"enemies":"2 Thieves","floor":20.0,"turns":4.0},{"damage":0.0,"enemies":"Gremlin Leader","floor":24.0,"turns":10.0},{"damage":0.0,"enemies":"Book of Stabbing","floor":31.0,"turns":6.0},{"damage":0.0,"enemies":"Champ","floor":33.0,"turns":14.0},{"damage":0.0,"enemies":"3 Darklings","floor":35.0,"turns":6.0},{"damage":0.0,"enemies":"3 Shapes","floor":36.0,"turns":6.0},{"damage":0.0,"enemies":"3 Darklings","floor":37.0,"turns":6.0},{"damage":0.0,"enemies":"Writhing Mass","floor":38.0,"turns":9.0},{"damage":0.0,"enemies":"Spire Growth","floor":39.0,"turns":4.0},{"damage":0.0,"enemies":"Nemesis","floor":40.0,"turns":7.0},{"damage":0.0,"enemies":"Transient","floor":41.0,"turns":5.0},{"damage":0.0,"enemies":"Giant Head","floor":44.0,"turns":7.0},{"damage":0.0,"enemies":"Nemesis","floor":48.0,"turns":7.0},{"damage":0,"enemies":"Donu and Deca","floor":50,"turns":8},{"damage":0,"enemies":"Shield and Spear","floor":54,"turns":6},{"damage":1,"enemies":"The Heart","floor":55,"turns":10}],"seed_played":"387032076045386629","potions_obtained":[{"floor":7.0,"key":"CultistPotion"},{"floor":12.0,"key":"DuplicationPotion"},{"floor":14.0,"key":"Block Potion"},{"floor":33.0,"key":"DuplicationPotion"},{"floor":36.0,"key":"Block Potion"},{"floor":39.0,"key":"Weak Potion"},{"floor":41.0,"key":"EssenceOfSteel"},{"floor":48.0,"key":"EntropicBrew"}],"is_trial":false,"path_per_floor":["M","$","?","M","?","R","E","R","T","$","R","E","M","M","R","B",null,"M","?","M","?","?","R","E","$","T","R","T","$","?","E","R","B",null,"M","M","M","M","M","E","M","R","T","E","?","?","?","E","R","B",null,"R","$","E","B",null],"character_chosen":"THE_SILENT","items_purchased":["Blade Dance","Slice+1","Chemical X","Phantasmal Killer","Accuracy+1","Blade Dance"],"campfire_rested":1,"item_purchase_floors":[10,10,25,53,53,53],"current_hp_per_floor":[63,63,63,63,63,63,63,63,63,63,63,44,43,42,42,42,63,62,49,49,24,24,24,24,24,24,24,24,24,24,24,24,24,24,24,24,24,24,24,24,24,24,24,24,24,24,24,24,24,24,24,24,24,24,23],"gold":108,"neow_bonus":"THREE_ENEMY_KILL","is_daily":false,"chose_seed":false,"campfire_upgraded":8,"win_rate":0.0,"timestamp":1612216133,"path_taken":["M","$","?","?","?","R","E","R","T","$","R","E","M","M","R","BOSS","M","?","M","?","?","R","E","$","T","R","?","$","?","E","R","BOSS","BOSS","M","?","M","M","M","E","M","R","T","E","?","?","?","E","R","BOSS","R","$","E","BOSS"],"items_purchased_type":["Card","Card","Relic","Card","Card","Card"],"build_version":"2020-12-22","purchased_purges":2,"victory":true,"max_hp_per_floor":[70,70,70,70,70,70,70,70,70,70,70,70,70,70,70,70,70,70,49,49,24,24,24,24,24,24,24,24,24,24,24,24,24,24,24,24,24,24,24,24,24,24,24,24,24,24,24,24,24,24,24,24,24,24,24],"card_choices":[{"not_picked":["Choke","Slice"],"picked":"PiercingWail","floor":1.0},{"not_picked":["Outmaneuver","Acrobatics"],"picked":"PiercingWail","floor":4.0},{"not_picked":["Riddle With Holes+1","Masterful Stab+1"],"picked":"Malaise","floor":7.0},{"not_picked":["Dodge and Roll","Deflect"],"picked":"Quick Slash+1","floor":12.0},{"not_picked":["Acrobatics","Bane+1"],"picked":"Distraction","floor":13.0},{"not_picked":["Dodge and Roll","Slice+1"],"picked":"Well Laid Plans+1","floor":14.0},{"not_picked":["Storm of Steel","Burst"],"picked":"Wraith Form v2+1","floor":16.0},{"not_picked":["Poisoned Stab+1","Quick Slash+1"],"picked":"Escape Plan+1","floor":18.0},{"not_picked":["Slice+1","Deflect","Prepared"],"picked":"SKIP","floor":20.0},{"not_picked":["Masterful Stab+1","Deadly Poison"],"picked":"Night Terror","floor":24.0},{"not_picked":["Acrobatics","Dagger Throw+1"],"picked":"Terror","floor":31.0},{"not_picked":["After Image+1","Night Terror"],"picked":"Storm of Steel","floor":33.0},{"not_picked":["PiercingWail+1","Dagger Spray+1","Quick Slash+1"],"picked":"SKIP","floor":35.0},{"not_picked":["Outmaneuver+1","Reflex","Underhanded Strike+1"],"picked":"SKIP","floor":36.0},{"not_picked":["PiercingWail","Calculated Gamble"],"picked":"Prepared+1","floor":37.0},{"not_picked":["Dodge and Roll","Cloak And Dagger+1"],"picked":"Choke+1","floor":38.0},{"not_picked":["All Out Attack+1","PiercingWail"],"picked":"Caltrops+1","floor":39.0},{"not_picked":["Bane+1","Reflex+1"],"picked":"Corpse Explosion","floor":40.0},{"not_picked":["Outmaneuver","Cloak And Dagger"],"picked":"Well Laid Plans+1","floor":41.0},{"not_picked":["Concentrate","Well Laid Plans+1"],"picked":"Distraction+1","floor":44.0},{"not_picked":["Purity","Bandage Up"],"picked":"Mayhem+1","floor":45.0},{"not_picked":["Dagger Throw+1","Concentrate+1"],"picked":"A Thousand Cuts+1","floor":48.0},{"not_picked":["Dagger Spray+1","Catalyst"],"picked":"Well Laid Plans+1","floor":54}],"player_experience":701245,"relics_obtained":[{"floor":7.0,"key":"Molten Egg 2"},{"floor":9.0,"key":"Meat on the Bone"},{"floor":12.0,"key":"Shuriken"},{"floor":24.0,"key":"Akabeko"},{"floor":26.0,"key":"PreservedInsect"},{"floor":28.0,"key":"Letter Opener"},{"floor":31.0,"key":"Gambling Chip"},{"floor":40.0,"key":"CeramicFish"},{"floor":44.0,"key":"Blue Candle"},{"floor":48.0,"key":"Bronze Scales"},{"floor":54,"key":"Tough Bandages"}],"event_choices":[{"cards_removed":["PiercingWail"],"damage_healed":0.0,"max_hp_gain":0.0,"max_hp_loss":0.0,"gold_gain":0.0,"event_name":"WeMeetAgain","player_choice":"Gave Card","floor":3.0,"gold_loss":0.0,"damage_taken":0.0,"relics_obtained":["TungstenRod"]},{"damage_healed":0.0,"max_hp_gain":0.0,"max_hp_loss":0.0,"gold_gain":0.0,"event_name":"Big Fish","player_choice":"Box","floor":5.0,"gold_loss":0.0,"damage_taken":0.0,"relics_obtained":["Frozen Egg 2"],"cards_obtained":["Regret"]},{"damage_healed":0.0,"max_hp_gain":0.0,"max_hp_loss":21.0,"gold_gain":0.0,"event_name":"Vampires","player_choice":"Became a vampire","floor":19.0,"gold_loss":0.0,"damage_taken":0.0,"cards_obtained":["Bite","Bite","Bite","Bite","Bite"]},{"damage_healed":0.0,"max_hp_gain":0.0,"max_hp_loss":25.0,"gold_gain":0.0,"event_name":"Ghosts","player_choice":"Became a Ghost","floor":21.0,"gold_loss":0.0,"damage_taken":0.0,"cards_obtained":["Ghostly","Ghostly","Ghostly","Ghostly","Ghostly"]},{"cards_removed":["Regret"],"damage_healed":0.0,"max_hp_gain":0.0,"max_hp_loss":0.0,"gold_gain":0.0,"event_name":"Beggar","player_choice":"Gave Gold","floor":22.0,"gold_loss":75.0,"damage_taken":0.0},{"damage_healed":0.0,"max_hp_gain":0.0,"max_hp_loss":0.0,"gold_gain":0.0,"event_name":"Upgrade Shrine","player_choice":"Upgraded","floor":30.0,"gold_loss":0.0,"damage_taken":0.0,"cards_upgraded":["Ghostly"]},{"damage_healed":0.0,"max_hp_gain":0.0,"max_hp_loss":0.0,"gold_gain":0.0,"event_name":"SensoryStone","player_choice":"Memory 1","floor":45.0,"gold_loss":0.0,"damage_taken":0.0},{"damage_healed":0.0,"max_hp_gain":0.0,"max_hp_loss":0.0,"gold_gain":0.0,"event_name":"Tomb of Lord Red Mask","player_choice":"Ignored","floor":46.0,"gold_loss":0.0,"damage_taken":0.0},{"damage_healed":0.0,"max_hp_gain":0.0,"max_hp_loss":0.0,"gold_gain":0.0,"event_name":"MindBloom","player_choice":"Upgrade","floor":47.0,"gold_loss":0.0,"damage_taken":0.0,"cards_upgraded":["Defend_G","Defend_G","Survivor","Ghostly","Ghostly","Terror","Storm of Steel","Corpse Explosion"],"relics_obtained":["Mark of the Bloom"]}],"is_beta":false,"boss_relics":[{"not_picked":["Ectoplasm","Busted Crown"],"picked":"Cursed Key"},{"not_picked":["Tiny House","Runic Dome"],"picked":"Empty Cage"}],"items_purged_floors":[2,53],"is_endless":false,"potions_floor_spawned":[7,12,14,33,36,39,41,48,54],"ascension_level":10}}