{"host":"ei424ha2zqt1xblg","time":1612154994,"event":{"mods":["BaseMod","Downfall","Minty Spire (QoL Compilation)","MostiFishMod","StSLib","TestMod","Waifu the Spire","Yakumo Yukari mod","Yuyuko"],"gold_per_floor":[99,160,260,279,-1359,-1348,-1348,-1348,-1348,-1334,-1304,-1294,-1262,-1250,-1232,-1132,-1132,-1132,-1115,0,13,13,27,27,27,55,55,84,84,309,326,337,441,441,141,157,171,184,184,199,199,232,245,274,292,306,306,322,332,332,332,358,258,258,258,258],"floor_reached":57,"language":"ZHS","playtime":2452,"items_purged":["Guardian:Strike_Guardian","Parasite"],"score":2427,"play_id":"c72f69fb-1303-4755-9d14-da3c0fd649b4","local_time":"20210201124954","is_ascension_mode":true,"campfire_choices":[{"floor":1,"key":"RECALL"},{"data":"Guardian:CurlUp","floor":9,"key":"SMITH"},{"data":"Guardian:MultiBeam","floor":18,"key":"SMITH"},{"data":"Guardian:SphericShield","floor":25,"key":"SMITH"},{"data":"Guardian:WalkerClaw","floor":27,"key":"SMITH"},{"data":"Guardian:PiercingHide","floor":35,"key":"SMITH"},{"data":"Guardian:ArmoredProtocol","floor":54,"key":"SMITH"}],"circlet_count":0,"master_deck":["AscendersBane","Guardian:Strike_Guardian","Guardian:Strike_Guardian","Guardian:Defend_Guardian","Guardian:Defend_Guardian","Guardian:Defend_Guardian","Guardian:Defend_Guardian","Guardian:CurlUp+1","Guardian:TwinSlam+1","Guardian:ShieldCharger","Guardian:MultiBeam+1","Guardian:ArmoredProtocol+1","Guardian:Gem_White","Guardian:SphericShield+1","Guardian:WalkerClaw+1","Guardian:TimeSifter","Guardian:PiercingHide+1","Guardian:AncientConstruct"],"relics":["testmod-TestBox","DaveBox","Busted Crown","SynthV","testmod-ArcanaOfDestiny","Guardian:PickAxe","Anchor","SynthV:MejaisSoulstealer","Potion Belt","Orichalcum","testmod-EnergyCheck","Bottled Lightning","Bronze Scales","testmod-SaigiyounoYou","downfall:HeartBlessingRed","downfall:HeartBlessingBlue","downfall:HeartBlessingGreen","testmod-OneHitWonder","testmod-Muramasa","Boot","ImprovedEquipment"],"acts_visited":["Exordium","TheCity","TheBeyond","TheEnding"],"potions_floor_usage":[16,32,45,49,50,56],"damage_taken":[{"damage":12,"enemies":"3 Sentries","floor":2,"turns":5},{"damage":3,"enemies":"Small Slimes","floor":4,"turns":2},{"damage":0,"enemies":"downfall:FleeingMerchant","floor":5,"turns":4},{"damage":0,"enemies":"Jaw Worm","floor":6,"turns":2},{"damage":0,"enemies":"2 Louse","floor":10,"turns":2},{"damage":0,"enemies":"3 Sentries","floor":11,"turns":1},{"damage":0,"enemies":"Large Slime","floor":12,"turns":2},{"damage":0,"enemies":"Lagavulin","floor":13,"turns":4},{"damage":0,"enemies":"Gremlin Gang","floor":14,"turns":1},{"damage":0,"enemies":"Exordium Wildlife","floor":15,"turns":3},{"damage":0,"enemies":"SI_SHIV_ARCHETYPE","floor":16,"turns":4},{"damage":0,"enemies":"Spheric Guardian","floor":19,"turns":2},{"damage":0,"enemies":"downfall:FleeingMerchant","floor":20,"turns":4},{"damage":0,"enemies":"Chosen","floor":21,"turns":3},{"damage":0,"enemies":"Centurion and Healer","floor":23,"turns":3},{"damage":0,"enemies":"Gremlin Leader","floor":26,"turns":4},{"damage":0,"enemies":"Slavers","floor":28,"turns":2},{"damage":0,"enemies":"downfall:FleeingMerchant","floor":30,"turns":3},{"damage":0,"enemies":"Sentry and Sphere","floor":31,"turns":3},{"damage":0,"enemies":"Shelled Parasite and Fungi","floor":32,"turns":3},{"damage":0,"enemies":"WA_ARCHETYPE_CALM","floor":33,"turns":5},{"damage":0,"enemies":"Orb Walker","floor":36,"turns":2},{"damage":0,"enemies":"3 Shapes","floor":37,"turns":2},{"damage":0,"enemies":"Spire Growth","floor":38,"turns":4},{"damage":0,"enemies":"Writhing Mass","floor":40,"turns":2},{"damage":0,"enemies":"Giant Head","floor":42,"turns":4},{"damage":0,"enemies":"3 Darklings","floor":43,"turns":3},{"damage":0,"enemies":"Reptomancer","floor":44,"turns":4},{"damage":0,"enemies":"Transient","floor":45,"turns":5},{"damage":0,"enemies":"Maw","floor":46,"turns":4},{"damage":0,"enemies":"Jaw Worm Horde","floor":48,"turns":2},{"damage":0,"enemies":"Writhing Mass","floor":49,"turns":4},{"damage":11,"enemies":"IC_BLOCK_ARCHETYPE","floor":50,"turns":7},{"damage":23,"enemies":"downfall:CharBossMerchant","floor":52,"turns":7},{"damage":5,"enemies":"downfall:NeowBoss","floor":55,"turns":10},{"damage":15,"enemies":"downfall:NeowBossFinal","floor":56,"turns":7}],"seed_played":"-4923933599413268323","potions_obtained":[{"floor":6,"key":"DistilledChaos"},{"floor":10,"key":"testmod-TestPotion"},{"floor":11,"key":"Dexterity Potion"},{"floor":13,"key":"Strength Potion"},{"floor":16,"key":"Block Potion"},{"floor":21,"key":"Strength Potion"},{"floor":23,"key":"FearPotion"},{"floor":31,"key":"DuplicationPotion"},{"floor":32,"key":"Fruit Juice"},{"floor":33,"key":"Explosive Potion"},{"floor":45,"key":"testmod-SpacePotion"},{"floor":49,"key":"SkillPotion"},{"floor":52,"key":"DuplicationPotion"}],"is_trial":false,"path_per_floor":["R","?","?","M","$","M","T","?","R","M","E","M","E","M","M","B",null,"R","M","$","M","?","M","T","R","E","R","E","?","$","M","M","B",null,"R","M","M","M","?","M","T","E","M","E","M","M","R","M","M","B",null,"E","$","R","B","B",null],"character_chosen":"GUARDIAN","items_purchased":["Anchor","Guardian:MultiBeam","SynthV:MejaisSoulstealer"],"campfire_rested":0,"item_purchase_floors":[5,5,5],"current_hp_per_floor":[72,60,60,57,57,57,57,137,137,137,137,137,137,137,137,137,154,154,154,154,154,154,154,154,154,154,154,154,154,154,154,159,159,164,174,175,175,175,167,175,175,175,175,175,175,175,175,175,175,175,175,168,168,168,172,172],"gold":258,"neow_bonus":"BOSS_RELIC","is_daily":false,"chose_seed":false,"campfire_upgraded":6,"win_rate":0.0,"timestamp":1612154994,"path_taken":["R","?","?","?","$","M","T","?","R","M","E","M","E","M","M","BOSS","R","M","$","M","?","M","T","R","E","R","E","?","$","M","M","BOSS","R","M","M","M","?","M","T","E","M","E","M","M","R","?","M","BOSS","E","$","R","BOSS","BOSS"],"items_purchased_type":["Relic","Card","Relic"],"build_version":"2020-12-22","purchased_purges":2,"victory":true,"max_hp_per_floor":[80,80,80,80,80,80,80,160,160,160,160,160,160,160,160,160,160,160,160,160,160,160,160,160,160,160,160,160,160,160,160,165,165,165,175,175,175,175,175,175,175,175,175,175,175,175,175,175,175,175,175,175,172,172,172,172],"card_choices":[{"not_picked":["Guardian:Planning"],"picked":"SKIP","floor":4},{"not_picked":[],"picked":"Guardian:ShieldCharger","floor":5},{"not_picked":["Guardian:WalkerClaw"],"picked":"SKIP","floor":6},{"not_picked":[],"picked":"Guardian:Gem_Fragmented","floor":10},{"not_picked":["Guardian:Planning"],"picked":"SKIP","floor":11},{"not_picked":["Guardian:VentSteam"],"picked":"SKIP","floor":12},{"not_picked":[],"picked":"Guardian:ArmoredProtocol","floor":13},{"not_picked":["Guardian:Incinerate"],"picked":"SKIP","floor":14},{"not_picked":[],"picked":"Guardian:Gem_White","floor":15},{"not_picked":[],"picked":"Guardian:SphericShield","floor":16},{"not_picked":["Guardian:Gem_Lightblue"],"picked":"SKIP","floor":19},{"not_picked":[],"picked":"Guardian:WalkerClaw","floor":20},{"not_picked":["Guardian:ShieldSpikes"],"picked":"SKIP","floor":21},{"not_picked":["Guardian:ShieldSpikes"],"picked":"SKIP","floor":21},{"not_picked":["Guardian:Gem_Lightblue"],"picked":"SKIP","floor":23},{"not_picked":[],"picked":"Guardian:TimeSifter","floor":26},{"not_picked":["Guardian:Clone"],"picked":"SKIP","floor":28},{"not_picked":["Guardian:MultiBeam"],"picked":"SKIP","floor":30},{"not_picked":["Guardian:Planning"],"picked":"SKIP","floor":31},{"not_picked":["Guardian:RefractedBeam"],"picked":"SKIP","floor":32},{"not_picked":[],"picked":"Guardian:AncientConstruct","floor":33},{"not_picked":["Guardian:GuardianWhirl"],"picked":"SKIP","floor":36},{"not_picked":[],"picked":"Guardian:Gem_Crimson","floor":37},{"not_picked":["Guardian:Gem_Lightblue"],"picked":"SKIP","floor":38},{"not_picked":["Guardian:CrystalBeam"],"picked":"SKIP","floor":40},{"not_picked":["Guardian:BronzeOrb"],"picked":"SKIP","floor":42},{"not_picked":["Guardian:ShieldCharger+1"],"picked":"SKIP","floor":43},{"not_picked":["Guardian:GuardianWhirl+1"],"picked":"SKIP","floor":44},{"not_picked":["Guardian:WalkerClaw+1"],"picked":"SKIP","floor":45},{"not_picked":["Guardian:TemporalShield"],"picked":"SKIP","floor":46},{"not_picked":["Guardian:RollAttack"],"picked":"SKIP","floor":48},{"not_picked":["Guardian:Suspension+1"],"picked":"SKIP","floor":49},{"not_picked":["Guardian:AncientConstruct"],"picked":"SKIP","floor":52}],"player_experience":516627,"relics_obtained":[{"floor":2,"key":"Guardian:PickAxe"},{"floor":11,"key":"Potion Belt"},{"floor":13,"key":"Orichalcum"},{"floor":24,"key":"Bottled Lightning"},{"floor":26,"key":"Bronze Scales"},{"floor":41,"key":"testmod-OneHitWonder"},{"floor":42,"key":"testmod-Muramasa"},{"floor":44,"key":"Boot"},{"floor":52,"key":"ImprovedEquipment"}],"event_choices":[{"damage_healed":0,"gold_gain":0,"player_choice":"Swap Relic","damage_taken":0,"relics_obtained":["testmod-HarvestTotem"],"max_hp_gain":0,"max_hp_loss":0,"event_name":"给自己的盒子","floor":8,"relics_lost":["testmod-HarvestTotem"],"gold_loss":0},{"damage_healed":0,"gold_gain":0,"player_choice":"Read","damage_taken":0,"max_hp_gain":0,"max_hp_loss":0,"event_name":"The Library","floor":29,"gold_loss":0,"cards_obtained":["Guardian:PiercingHide"]}],"is_beta":false,"boss_relics":[{"not_picked":["testmod-StringDisintegrator","Snecko Eye"],"picked":"testmod-EnergyCheck"},{"not_picked":["SacredBark","OneHitWonderSystem"],"picked":"testmod-SaigiyounoYou"}],"items_purged_floors":[30,53],"is_endless":false,"potions_floor_spawned":[6,10,11,13,16,21,23,28,31,32,33,38,45,46,49,52],"ascension_level":12}}