{"host":"0awa854l6bexpjrv","time":1612155840,"event":{"mods":["BaseMod","Block Reminder","Colored Map","Colored Powertips","Downfall","Highlight Path","Minty Spire (QoL Compilation)","Quick Restart","Rare Cards Sparkle","StSLib","SuperFastMode"],"gold_per_floor":[99,122,122,122,122,150,150,50,50,50,60,78,78,88,107,209,209,209,220,232,252,252,87,87,87,100,118,118,118,138,23,34,34,34,34],"floor_reached":33,"language":"ENG","playtime":5900,"items_purged":["champ:Strike","champ:Strike"],"score":272,"play_id":"cf43e619-2959-4f8d-9525-c5e172e85a57","local_time":"20210131210400","is_ascension_mode":false,"campfire_choices":[{"data":"champ:Taunt","floor":1.0,"key":"SMITH"},{"data":"champ:StanceDance","floor":8.0,"key":"SMITH"},{"data":"champ:TornadoPunch","floor":10.0,"key":"SMITH"},{"data":"champ:FanOfKnives","floor":13.0,"key":"SMITH"},{"data":"champ:ShieldThrow","floor":18.0,"key":"SMITH"},{"data":"champ:HoldFirm","floor":25,"key":"SMITH"},{"data":"champ:PreciseThrust","floor":29,"key":"SMITH"}],"circlet_count":0,"master_deck":["champ:Strike","champ:Defend","champ:Defend","champ:Defend","champ:Defend","champ:Execute","champ:Taunt+1","champ:FlashCut+1","champ:StanceDance+1","champ:TornadoPunch+1","champ:Parry","champ:FanOfKnives+1","champ:DefensiveShout","champ:PreciseThrust+1","champ:ShieldThrow+1","champ:StanceDance+1","champ:Haymaker","champ:ShieldWall+1","champ:Haymaker","champ:HoldFirm+1","champ:EnGarde+1","RitualDagger","champ:ShieldWall","champ:FalseCounter"],"relics":["champ:ChampionCrown","downfall:HeartsMalice","Oddly Smooth Stone","Sundial","White Beast Statue","downfall:HeartBlessingGreen","Runic Pyramid","Blue Candle"],"acts_visited":["Exordium","TheCity"],"potions_floor_usage":[27,33,33],"damage_taken":[{"damage":0.0,"enemies":"Cultist","floor":3.0,"turns":1.0},{"damage":0.0,"enemies":"2 Louse","floor":5.0,"turns":1.0},{"damage":0.0,"enemies":"3 Sentries","floor":6.0,"turns":1.0},{"damage":0.0,"enemies":"Small Slimes","floor":11.0,"turns":2.0},{"damage":5.0,"enemies":"Blue Slaver","floor":12.0,"turns":3.0},{"damage":20.0,"enemies":"Large Slime","floor":14.0,"turns":4.0},{"damage":0.0,"enemies":"3 Louse","floor":15.0,"turns":2.0},{"damage":74.0,"enemies":"WA_ARCHETYPE_RETAIN","floor":16.0,"turns":15.0},{"damage":8.0,"enemies":"Chosen","floor":19.0,"turns":4.0},{"damage":3.0,"enemies":"Spheric Guardian","floor":20.0,"turns":3.0},{"damage":0,"enemies":"Snake Plant","floor":21,"turns":3},{"damage":15,"enemies":"downfall:FleeingMerchant","floor":23,"turns":4},{"damage":6,"enemies":"3 Cultists","floor":26,"turns":5},{"damage":4,"enemies":"Shelled Parasite and Fungi","floor":27,"turns":5},{"damage":0,"enemies":"Cultist and Chosen","floor":30,"turns":5},{"damage":3,"enemies":"downfall:FleeingMerchant","floor":31,"turns":4},{"damage":5,"enemies":"Centurion and Healer","floor":32,"turns":6},{"damage":91,"enemies":"DF_ARCHETYPE_CLAW","floor":33,"turns":9}],"seed_played":"42852894201526809","potions_obtained":[{"floor":11.0,"key":"Guardian:BlockOnCardUsePotion"},{"floor":12.0,"key":"Swift Potion"},{"floor":14.0,"key":"Weak Potion"},{"floor":16.0,"key":"Energy Potion"},{"floor":19.0,"key":"Regen Potion"},{"floor":20.0,"key":"Swift Potion"},{"floor":26,"key":"AttackPotion"},{"floor":27,"key":"Fruit Juice"},{"floor":30,"key":"Regen Potion"}],"is_trial":false,"path_per_floor":["R","T","M","?","M","E","T","R","?","R","M","M","R","M","M","B",null,"R","M","M","M","?","$","T","R","M","M","?","R","M","$","M","B"],"character_chosen":"THE_CHAMP","items_purchased":["champ:HoldFirm"],"campfire_rested":0,"item_purchase_floors":[23],"current_hp_per_floor":[90,90,90,90,90,90,90,90,90,90,90,85,85,85,85,11,90,90,87,84,84,84,84,84,84,78,79,73,73,73,70,70,0,0,0],"gold":34,"neow_bonus":"THREE_ENEMY_KILL","is_daily":false,"chose_seed":false,"campfire_upgraded":7,"win_rate":0.0,"timestamp":1612155840,"path_taken":["R","?","M","?","?","E","T","R","?","R","M","M","R","M","M","BOSS","R","M","M","M","?","$","T","R","M","M","?","R","M","$","M","BOSS"],"items_purchased_type":["Card"],"build_version":"2020-12-22","purchased_purges":2,"victory":false,"max_hp_per_floor":[90,90,90,90,90,90,90,90,90,90,90,90,90,90,90,90,90,90,90,90,90,90,90,90,90,90,95,95,95,95,95,95,95,95,95],"card_choices":[{"not_picked":["champ:CrownThrow","champ:GutPunch"],"picked":"champ:FlashCut","floor":3.0},{"not_picked":["champ:ShieldSlam","champ:EnGarde"],"picked":"champ:StanceDance","floor":5.0},{"not_picked":["champ:ShieldSigil","champ:HeartStrike"],"picked":"champ:TornadoPunch","floor":6.0},{"not_picked":["champ:HeartStrike","champ:ViciousMockery"],"picked":"champ:Parry","floor":11.0},{"not_picked":["champ:AdrenalArmor","champ:PerfectedStrike"],"picked":"champ:FanOfKnives","floor":12.0},{"not_picked":["champ:FanOfKnives","champ:EndlessRage"],"picked":"champ:DefensiveShout","floor":14.0},{"not_picked":["champ:Backstep","champ:EnGarde"],"picked":"champ:PreciseThrust","floor":15.0},{"not_picked":["champ:DancingMaster","champ:GladiatorForm"],"picked":"champ:ShieldThrow","floor":16.0},{"not_picked":["champ:PerfectedStrike","champ:FocusedBerserking"],"picked":"champ:StanceDance+1","floor":19.0},{"not_picked":["champ:RageSigil+1","champ:RapidStrikes"],"picked":"champ:Haymaker","floor":20.0},{"not_picked":["champ:StanceDance","champ:BerserkersShout"],"picked":"champ:ShieldWall+1","floor":21},{"not_picked":["champ:BringItOn","champ:BerserkerStyle+1"],"picked":"champ:Haymaker","floor":23},{"not_picked":["champ:Shatter","champ:PerfectedStrike+1","champ:StanceDance+1"],"picked":"SKIP","floor":26},{"not_picked":["champ:PerfectedStrike","champ:CalledShot"],"picked":"champ:EnGarde+1","floor":27},{"not_picked":["champ:PreciseThrust","champ:FanOfKnives","champ:PerfectedStrike+1"],"picked":"SKIP","floor":30},{"not_picked":["champ:ViciousMockery","champ:PreciseThrust"],"picked":"champ:ShieldWall","floor":31},{"not_picked":["champ:PerfectedStrike","champ:GutPunch"],"picked":"champ:FalseCounter","floor":32}],"player_experience":686268,"relics_obtained":[{"floor":2.0,"key":"Oddly Smooth Stone"},{"floor":6.0,"key":"Sundial"},{"floor":7.0,"key":"White Beast Statue"},{"floor":24,"key":"Blue Candle"}],"event_choices":[],"is_beta":false,"boss_relics":[{"not_picked":["Runic Dome","Astrolabe"],"picked":"Runic Pyramid"}],"items_purged_floors":[23,31],"is_endless":false,"potions_floor_spawned":[11,12,14,15,16,19,20,21,23,26,27,30,31,32],"killed_by":"DF_ARCHETYPE_CLAW","ascension_level":0}}