{"host":"d744ndivyohnro60","time":1612144126,"event":{"mods":["BaseMod","Bestiary","Colored Powertips","Minty Spire (QoL Compilation)","Relic Stats"],"gold_per_floor":[117,135,135,145,163,163,163,194,194,204,204,230,247,272,272,376,376,392,410,410,90,109,109,120,120,120,120,145,145,45,0,0,103,103,123,123,123,139,139,139,139],"floor_reached":40,"language":"ENG","playtime":5817,"items_purged":["Pain","Decay"],"score":513,"play_id":"9a11114c-0977-4cdb-94e4-17fae0ee067e","local_time":"20210131204846","is_ascension_mode":true,"campfire_choices":[{"data":"Defragment","floor":6,"key":"SMITH"},{"floor":11,"key":"REST"},{"floor":15,"key":"REST"},{"floor":23,"key":"REST"},{"floor":25,"key":"REST"},{"floor":29,"key":"REST"},{"data":"Stack","floor":32,"key":"SMITH"}],"circlet_count":0,"master_deck":["Strike_B","Strike_B","Strike_B","Defend_B","Defend_B","Zap","Dualcast","Ball Lightning","Defragment+1","Coolheaded","Conserve Battery+1","Ball Lightning","Cold Snap","Ball Lightning","Turbo","Undo","Core Surge","Conserve Battery","Capacitor","Necronomicurse","Mind Blast","Stack+1","Melter","Reinforced Body","BootSequence","Buffer+1","Static Discharge+1","Fission+1","Meteor Strike+1","Hologram+1","Master of Strategy"],"relics":["Cracked Core","NeowsBlessing","WarpedTongs","Pantograph","Mango","Gambling Chip","Anchor","Black Star","Necronomicon","Tiny Chest","Dream Catcher","Centennial Puzzle","Shuriken","Astrolabe","Unceasing Top"],"acts_visited":["TheCity","TheBeyond"],"potions_floor_usage":[5,12,24,28,28,40,40],"damage_taken":[{"damage":0,"enemies":"Small Slimes","floor":1,"turns":1},{"damage":0,"enemies":"Cultist","floor":2,"turns":1},{"damage":0,"enemies":"Jaw Worm","floor":4,"turns":1},{"damage":27,"enemies":"3 Louse","floor":5,"turns":3},{"damage":12,"enemies":"Lagavulin","floor":8,"turns":5},{"damage":19,"enemies":"Lots of Slimes","floor":10,"turns":3},{"damage":23,"enemies":"3 Sentries","floor":12,"turns":3},{"damage":8,"enemies":"Blue Slaver","floor":13,"turns":3},{"damage":31,"enemies":"Lagavulin","floor":14,"turns":4},{"damage":26,"enemies":"Hexaghost","floor":16,"turns":9},{"damage":27,"enemies":"2 Thieves","floor":18,"turns":4},{"damage":5,"enemies":"Spheric Guardian","floor":19,"turns":3},{"damage":43,"enemies":"3 Cultists","floor":22,"turns":7},{"damage":20,"enemies":"Snake Plant","floor":24,"turns":3},{"damage":30,"enemies":"Book of Stabbing","floor":28,"turns":6},{"damage":75,"enemies":"Champ","floor":33,"turns":14},{"damage":36,"enemies":"3 Darklings","floor":35,"turns":4},{"damage":0,"enemies":"Orb Walker","floor":38,"turns":3},{"damage":68,"enemies":"Reptomancer","floor":40,"turns":3}],"seed_played":"3606449555300482498","potions_obtained":[{"floor":4,"key":"Fruit Juice"},{"floor":10,"key":"Fire Potion"},{"floor":12,"key":"Dexterity Potion"},{"floor":14,"key":"EssenceOfSteel"},{"floor":22,"key":"FairyPotion"},{"floor":24,"key":"ColorlessPotion"},{"floor":33,"key":"Dexterity Potion"},{"floor":35,"key":"FocusPotion"}],"is_trial":false,"path_per_floor":["M","M","?","M","M","R","?","E","T","M","R","E","M","E","R","B",null,"M","M","?","$","M","R","M","R","T","?","E","R","$","?","R","B",null,"M","?","T","M","?","E"],"character_chosen":"DEFECT","items_purchased":["Mind Blast","Tiny Chest"],"campfire_rested":5,"item_purchase_floors":[21,21],"current_hp_per_floor":[75,75,75,75,53,53,53,41,55,36,64,41,33,2,30,29,94,67,62,46,46,3,31,11,39,39,39,9,37,37,37,37,28,94,58,58,58,58,58,0,0],"gold":139,"neow_bonus":"THREE_ENEMY_KILL","is_daily":false,"chose_seed":false,"campfire_upgraded":2,"win_rate":0.0,"timestamp":1612144126,"path_taken":["M","M","?","M","?","R","?","E","T","M","R","E","M","E","R","BOSS","M","?","?","$","M","R","M","R","T","?","E","R","$","?","R","BOSS","M","?","?","M","?","E"],"items_purchased_type":["Card","Relic"],"build_version":"2020-12-22","purchased_purges":2,"victory":false,"max_hp_per_floor":[75,75,75,75,80,80,80,80,94,94,94,94,94,94,94,94,94,94,94,94,94,94,94,94,94,94,94,94,94,94,94,94,94,94,94,94,94,94,94,94,94],"relic_stats":{"counters":[19,80],"Astrolabe":["Static Discharge","Fission","Meteor Strike"],"WarpedTongs":[78],"Dream Catcher":1,"Centennial Puzzle":[9],"Shuriken":[5],"Pantograph":50,"Gambling Chip":[32],"Tiny Chest":1,"Black Star":1,"Necronomicon":[7],"obtain_stats":[{"NeowsBlessing":0,"Astrolabe":34,"Mango":9,"WarpedTongs":3,"Anchor":14,"Dream Catcher":26,"Centennial Puzzle":28,"Shuriken":28,"Pantograph":8,"Gambling Chip":12,"Tiny Chest":21,"Black Star":17,"Necronomicon":20,"Cracked Core":0,"Unceasing Top":37},{"NeowsBlessing":0,"Astrolabe":16,"Mango":5,"WarpedTongs":2,"Anchor":9,"Dream Catcher":14,"Centennial Puzzle":15,"Shuriken":15,"Pantograph":5,"Gambling Chip":7,"Tiny Chest":12,"Black Star":10,"Necronomicon":12,"Cracked Core":0,"Unceasing Top":17},{"NeowsBlessing":0,"Astrolabe":70,"Mango":11,"WarpedTongs":2,"Anchor":24,"Dream Catcher":50,"Centennial Puzzle":56,"Shuriken":56,"Pantograph":11,"Gambling Chip":17,"Tiny Chest":40,"Black Star":33,"Necronomicon":40,"Cracked Core":0,"Unceasing Top":74}],"Unceasing Top":[1]},"card_choices":[{"not_picked":["Compile Driver","Doom and Gloom"],"picked":"Ball Lightning","floor":1},{"not_picked":["Sweeping Beam","Stack"],"picked":"Defragment","floor":2},{"not_picked":["Rebound","Beam Cell"],"picked":"Coolheaded","floor":4},{"not_picked":["Fusion","Heatsinks"],"picked":"Conserve Battery","floor":5},{"not_picked":["Go for the Eyes","Self Repair"],"picked":"Ball Lightning","floor":8},{"not_picked":["Conserve Battery","Capacitor"],"picked":"Cold Snap","floor":10},{"not_picked":["Go for the Eyes","Biased Cognition"],"picked":"Ball Lightning","floor":12},{"not_picked":["Glacier","Redo"],"picked":"Turbo","floor":13},{"not_picked":["Reprogram","Seek"],"picked":"Undo","floor":14},{"not_picked":["Meteor Strike","Seek"],"picked":"Core Surge","floor":16},{"not_picked":["Rebound","Cold Snap"],"picked":"Conserve Battery","floor":18},{"not_picked":["Beam Cell","Rebound"],"picked":"Capacitor","floor":19},{"not_picked":["Leap","Hello World"],"picked":"Stack","floor":22},{"not_picked":["Gash","Barrage"],"picked":"Melter","floor":24},{"not_picked":["Go for the Eyes","Barrage"],"picked":"Reinforced Body","floor":28},{"not_picked":["Sweeping Beam","Rebound"],"picked":"BootSequence","floor":29},{"not_picked":["Seek","Creative AI"],"picked":"Buffer","floor":33},{"not_picked":["Turbo","Cold Snap"],"picked":"Hologram+1","floor":35},{"not_picked":["Storm","Rebound+1","Compile Driver"],"picked":"SKIP","floor":38},{"not_picked":["Dramatic Entrance","Blind"],"picked":"Master of Strategy","floor":39}],"player_experience":166621,"relics_obtained":[{"floor":8,"key":"Pantograph"},{"floor":9,"key":"Mango"},{"floor":12,"key":"Gambling Chip"},{"floor":14,"key":"Anchor"},{"floor":20,"key":"Necronomicon"},{"floor":26,"key":"Dream Catcher"},{"floor":28,"key":"Centennial Puzzle"},{"floor":28,"key":"Shuriken"},{"floor":37,"key":"Unceasing Top"}],"event_choices":[{"damage_healed":0,"gold_gain":0,"player_choice":"Rummage","damage_taken":0,"relics_obtained":["WarpedTongs"],"max_hp_gain":0,"max_hp_loss":0,"event_name":"Accursed Blacksmith","floor":3,"gold_loss":0,"cards_obtained":["Pain"]},{"damage_healed":0,"gold_gain":0,"player_choice":"Upgraded","damage_taken":0,"max_hp_gain":0,"max_hp_loss":0,"event_name":"Upgrade Shrine","floor":7,"gold_loss":0,"cards_upgraded":["Conserve Battery"]},{"damage_healed":0,"gold_gain":0,"player_choice":"Obtained Book","damage_taken":16,"max_hp_gain":0,"max_hp_loss":0,"event_name":"Cursed Tome","floor":20,"gold_loss":0},{"damage_healed":0,"gold_gain":0,"player_choice":"Smashed Altar","damage_taken":0,"max_hp_gain":0,"max_hp_loss":0,"event_name":"Forgotten Altar","floor":27,"gold_loss":0,"cards_obtained":["Decay"]},{"damage_healed":0,"gold_gain":0,"player_choice":"Paid Fearfully","damage_taken":0,"max_hp_gain":0,"max_hp_loss":0,"event_name":"Masked Bandits","floor":31,"gold_loss":45},{"damage_healed":0,"gold_gain":0,"player_choice":"Upgraded","damage_taken":0,"max_hp_gain":0,"max_hp_loss":0,"event_name":"Upgrade Shrine","floor":36,"gold_loss":0,"cards_upgraded":["Buffer"]},{"damage_healed":0,"gold_gain":0,"player_choice":"Memory 1","damage_taken":0,"max_hp_gain":0,"max_hp_loss":0,"event_name":"SensoryStone","floor":39,"gold_loss":0}],"is_beta":false,"boss_relics":[{"not_picked":["Velvet Choker","Pandora\u0027s Box"],"picked":"Black Star"},{"not_picked":["Fusion Hammer","Tiny House"],"picked":"Astrolabe"}],"items_purged_floors":[21,30],"is_endless":false,"potions_floor_spawned":[4,10,12,14,22,24,33,35],"killed_by":"Reptomancer","ascension_level":3}}