{"host":"3y2rtlgteqp2nuo3","time":1612179354,"event":{"mods":["2.2 Compatiblity","AchievementEnabler","BaseMod","Colored Map","DeckTracker","Highlight Path","Keyboard Shortcuts","Minty Spire (QoL Compilation)","Permanent Neow","Quick Restart","StSLib","SuperFastMode","everything is the same but u backflip on backflip"],"gold_per_floor":[112,123,138,138,152,77,0,12,92,109,109,34,47,64,64,64,64],"floor_reached":16,"language":"KOR","playtime":295,"items_purged":["Strike_G"],"score":173,"play_id":"7ca5b274-1771-4007-8404-261cf0603880","local_time":"20210201203554","is_ascension_mode":true,"campfire_choices":[{"data":"Crippling Poison","floor":11,"key":"SMITH"},{"data":"Deadly Poison","floor":15,"key":"SMITH"}],"circlet_count":0,"master_deck":["AscendersBane","Strike_G","Defend_G","Defend_G","Defend_G","Defend_G","Defend_G","Survivor","Neutralize","Predator","PiercingWail","Outmaneuver","Quick Slash","Crippling Poison+1","Deadly Poison+1","Escape Plan","Poisoned Stab"],"relics":["Ring of the Snake","Meat on the Bone"],"acts_visited":["Exordium"],"potions_floor_usage":[],"damage_taken":[{"damage":2,"enemies":"Jaw Worm","floor":1,"turns":6},{"damage":4,"enemies":"Cultist","floor":2,"turns":3},{"damage":13,"enemies":"Small Slimes","floor":3,"turns":4},{"damage":14,"enemies":"Exordium Wildlife","floor":5,"turns":7},{"damage":4,"enemies":"2 Fungi Beasts","floor":8,"turns":3},{"damage":0,"enemies":"3 Louse","floor":10,"turns":4},{"damage":3,"enemies":"Large Slime","floor":13,"turns":6},{"damage":12,"enemies":"Gremlin Gang","floor":14,"turns":3},{"damage":25,"enemies":"Slime Boss","floor":16,"turns":5}],"seed_played":"8538252334109185100","potions_obtained":[{"floor":3,"key":"LiquidBronze"},{"floor":10,"key":"Energy Potion"}],"is_trial":false,"path_per_floor":["M","M","M","?","M","?","$","M","T","M","R","$","M","M","R","B"],"character_chosen":"THE_SILENT","items_purchased":["Crippling Poison"],"campfire_rested":0,"item_purchase_floors":[7],"current_hp_per_floor":[57,53,40,33,19,19,19,15,15,27,27,27,36,36,36,11,11],"gold":64,"neow_bonus":"REMOVE_CARD","is_daily":false,"chose_seed":false,"campfire_upgraded":2,"win_rate":0.0,"timestamp":1612179354,"path_taken":["M","M","M","?","M","?","$","M","T","M","R","?","M","M","R","BOSS"],"items_purchased_type":["Card"],"build_version":"2020-12-22","purchased_purges":1,"victory":false,"max_hp_per_floor":[66,66,66,66,66,66,66,66,66,66,66,66,66,66,66,66,66],"card_choices":[{"not_picked":["Quick Slash","Slice"],"picked":"Predator","floor":1},{"not_picked":["Slice","Doppelganger"],"picked":"PiercingWail","floor":2},{"not_picked":["Slice","Cloak And Dagger"],"picked":"Outmaneuver","floor":3},{"not_picked":["Slice","Backflip"],"picked":"Quick Slash","floor":5},{"not_picked":["PiercingWail","Acrobatics"],"picked":"Deadly Poison","floor":8},{"not_picked":["Quick Slash","Cloak And Dagger","Dodge and Roll"],"picked":"SKIP","floor":10},{"not_picked":["Deflect","Flying Knee"],"picked":"Escape Plan","floor":13},{"not_picked":["Choke","Venomology"],"picked":"Poisoned Stab","floor":14}],"player_experience":739363,"relics_obtained":[{"floor":9,"key":"Meat on the Bone"}],"event_choices":[{"cards_removed":["Strike_G"],"damage_healed":0,"gold_gain":0,"player_choice":"Card Removal","damage_taken":7,"max_hp_gain":0,"max_hp_loss":0,"event_name":"Golden Wing","floor":4,"gold_loss":0},{"cards_removed":["Strike_G"],"damage_healed":0,"gold_gain":0,"player_choice":"Card Removal","damage_taken":0,"max_hp_gain":0,"max_hp_loss":0,"event_name":"The Cleric","floor":6,"gold_loss":75}],"is_beta":false,"boss_relics":[],"items_purged_floors":[12],"is_endless":false,"potions_floor_spawned":[3,10,13],"killed_by":"Slime Boss","ascension_level":16}}