{"host":"qbjtml023iza03hb","time":1612197158,"event":{"mods":["AchievementEnabler","BaseMod","Better Sensory Stone","Hermit","Minty Spire (QoL Compilation)","StSLib","The Animator","The Cursed"],"gold_per_floor":[32,52,65,165,190,220,220,177,201,201,201],"floor_reached":10,"language":"FRA","playtime":777,"items_purged":[],"score":78,"play_id":"d02b0113-94dd-402a-9668-7559d28b8fe4","local_time":"20210201173238","is_ascension_mode":true,"campfire_choices":[{"data":"animator:DolaSchwi","floor":7,"key":"SMITH"}],"circlet_count":0,"master_deck":["animator:Strike_Overlord","animator:Defend_Overlord","animator:Strike","animator:Strike","animator:Defend+1","animator:Defend","animator:Cocytus","animator:Demiurge","animator:Kaijin","animator:RoryMercury","animator:DolaSchwi+1","animator:NarberalGamma","animator:Albedo+1"],"relics":["animator:LivingPicture","animator:TheMissingPiece","Molten Egg 2","animator:Buoy"],"acts_visited":["Exordium"],"potions_floor_usage":[5],"damage_taken":[{"damage":3,"enemies":"Jaw Worm","floor":1,"turns":3},{"damage":1,"enemies":"Cultist","floor":2,"turns":4},{"damage":7,"enemies":"Small Slimes","floor":3,"turns":3},{"damage":8,"enemies":"Blue Slaver","floor":5,"turns":3},{"damage":33,"enemies":"Lagavulin","floor":6,"turns":5},{"damage":16,"enemies":"3 Sentries","floor":10,"turns":5}],"seed_played":"7943048242050458557","potions_obtained":[{"floor":1,"key":"AttackPotion"},{"floor":5,"key":"Strength Potion"}],"is_trial":false,"path_per_floor":["M","M","M","?","M","E","R","?","T","E"],"character_chosen":"THE_ANIMATOR","items_purchased":[],"campfire_rested":0,"item_purchase_floors":[],"current_hp_per_floor":[63,62,55,55,47,15,15,15,15,0,0],"gold":201,"neow_bonus":"REMOVE_TWO","is_daily":false,"chose_seed":false,"campfire_upgraded":1,"win_rate":0.0,"timestamp":1612197158,"path_taken":["M","M","M","?","?","E","R","?","T","E"],"items_purchased_type":[],"build_version":"2020-12-22","purchased_purges":0,"victory":false,"max_hp_per_floor":[66,66,66,66,66,67,67,67,67,67,67],"card_choices":[{"not_picked":["animator:Lancer","animator:Verdia"],"picked":"animator:Kaijin","floor":1},{"not_picked":["animator:Rider","animator:DolaStephanie"],"picked":"animator:RoryMercury","floor":2},{"not_picked":["animator:Sebas","animator:Evileye"],"picked":"animator:DolaSchwi","floor":3},{"not_picked":["animator:Cocytus","animator:Entoma"],"picked":"animator:NarberalGamma","floor":5},{"not_picked":["animator:Laby","animator:Assassin+1"],"picked":"animator:Albedo+1","floor":6}],"player_experience":533723,"relics_obtained":[{"floor":6,"key":"Molten Egg 2"},{"floor":9,"key":"animator:Buoy"}],"event_choices":[{"damage_healed":0,"gold_gain":100,"player_choice":"Pray","damage_taken":0,"max_hp_gain":0,"max_hp_loss":0,"event_name":"Golden Shrine","floor":4,"gold_loss":0},{"damage_healed":0,"gold_gain":0,"player_choice":"Left Gold","damage_taken":0,"max_hp_gain":0,"max_hp_loss":0,"event_name":"World of Goop","floor":8,"gold_loss":43}],"is_beta":false,"boss_relics":[],"items_purged_floors":[],"is_endless":false,"potions_floor_spawned":[1,5],"killed_by":"3 Sentries","ascension_level":3}}