{"host":"neeznpvpgo0qgfkd","time":1612158137,"event":{"mods":["AchievementEnabler","BaseMod","BetterRewards","Colored Map","Colored Powertips","Exacting","Minty Spire (QoL Compilation)","Permanent Neow","Quick Restart","Shop Mod"],"gold_per_floor":[131,131,56,69,81,114,184,184,184,219,250,250,285,329,329,405,405,423,1,1,21,40,40,74,102,102,114,94,94,125,153,153,224,224,243,159,178,191,210,237,252,267,267,293,328,328,362,382,382,382,382,382],"floor_reached":51,"language":"ENG","playtime":2753,"items_purged":[],"score":2484,"play_id":"dc40a6a9-3a7b-418e-85dd-6afdb25971ba","local_time":"20210201004217","is_ascension_mode":true,"campfire_choices":[{"data":"1","floor":12,"key":"LIFT"},{"data":"2","floor":15,"key":"LIFT"},{"data":"3","floor":23,"key":"LIFT"},{"data":"Apotheosis","floor":29,"key":"SMITH"},{"floor":32,"key":"RECALL"},{"data":"Envenom","floor":46,"key":"SMITH"},{"data":"Infinite Blades","floor":49,"key":"SMITH"}],"circlet_count":0,"master_deck":["AscendersBane","Strike_G","Strike_G","Strike_G","Strike_G","Strike_G","Defend_G","Defend_G","Defend_G","Defend_G+1","Defend_G+1","Survivor","Neutralize","Infinite Blades+1","Apotheosis+1","Blade Dance","Footwork","Finisher","Adrenaline","Dash","Deflect","Adrenaline+1","Flying Knee","Choke","Blade Dance+1","Dodge and Roll+1","Dagger Spray","Burst+1","Blade Dance+1","Footwork","Infinite Blades+1","Blade Dance+1","Accuracy","Cloak And Dagger+1","Blade Dance+1","Outmaneuver+1","A Thousand Cuts","Corpse Explosion+1","Dagger Spray","Dagger Spray","Flying Knee","Escape Plan+1","Envenom+1","Riddle With Holes","Infinite Blades+1","Terror+1"],"relics":["Ring of the Snake","Ice Cream","Oddly Smooth Stone","Turnip","The Specimen","Lee\u0027s Waffle","Letter Opener","Girya","Bag of Marbles","Bird Faced Urn","Toxic Egg 2","Eternal Feather","Happy Flower","Ginger","SacredBark","Membership Card","Mummified Hand","Strawberry","WingedGreaves","Anchor","Ancient Tea Set","Torii","SlaversCollar","PreservedInsect","MealTicket","Gremlin Horn","Lizard Tail","Boot","War Paint"],"acts_visited":["Exordium","TheCity","TheBeyond"],"potions_floor_usage":[18,27,38,40,50],"damage_taken":[{"damage":6,"enemies":"Small Slimes","floor":1,"turns":4},{"damage":0,"enemies":"Cultist","floor":4,"turns":3},{"damage":0,"enemies":"2 Louse","floor":5,"turns":3},{"damage":41,"enemies":"Gremlin Nob","floor":6,"turns":4},{"damage":0,"enemies":"Blue Slaver","floor":10,"turns":2},{"damage":0,"enemies":"3 Sentries","floor":11,"turns":5},{"damage":10,"enemies":"Lagavulin","floor":13,"turns":4},{"damage":0,"enemies":"Lots of Slimes","floor":14,"turns":2},{"damage":6,"enemies":"The Guardian","floor":16,"turns":6},{"damage":6,"enemies":"3 Byrds","floor":18,"turns":3},{"damage":0,"enemies":"Spheric Guardian","floor":21,"turns":2},{"damage":32,"enemies":"Chosen and Byrds","floor":22,"turns":5},{"damage":6,"enemies":"Slavers","floor":24,"turns":4},{"damage":26,"enemies":"Gremlin Leader","floor":25,"turns":4},{"damage":3,"enemies":"Centurion and Healer","floor":27,"turns":4},{"damage":0,"enemies":"Book of Stabbing","floor":30,"turns":2},{"damage":0,"enemies":"Gremlin Leader","floor":31,"turns":1},{"damage":11,"enemies":"Champ","floor":33,"turns":6},{"damage":0,"enemies":"3 Shapes","floor":35,"turns":1},{"damage":0,"enemies":"Orb Walker","floor":37,"turns":2},{"damage":0,"enemies":"Spire Growth","floor":38,"turns":2},{"damage":1,"enemies":"Maw","floor":39,"turns":6},{"damage":0,"enemies":"Nemesis","floor":40,"turns":3},{"damage":5,"enemies":"4 Shapes","floor":41,"turns":4},{"damage":30,"enemies":"Jaw Worm Horde","floor":42,"turns":3},{"damage":0,"enemies":"Reptomancer","floor":44,"turns":2},{"damage":0,"enemies":"Giant Head","floor":45,"turns":3},{"damage":24,"enemies":"Nemesis","floor":47,"turns":3},{"damage":35,"enemies":"Maw","floor":48,"turns":5},{"damage":203,"enemies":"Time Eater","floor":50,"turns":11},{"damage":51,"enemies":"Awakened One","floor":51,"turns":4}],"seed_played":"3066877883583812431","potions_obtained":[{"floor":6,"key":"ColorlessPotion"},{"floor":10,"key":"FairyPotion"},{"floor":18,"key":"Ancient Potion"},{"floor":20,"key":"Regen Potion"},{"floor":28,"key":"Energy Potion"},{"floor":39,"key":"SteroidPotion"},{"floor":42,"key":"SteroidPotion"},{"floor":45,"key":"Regen Potion"}],"is_trial":false,"path_per_floor":["M","?","$","M","M","E","?","?","T","M","E","R","E","M","R","B",null,"M","$","?","M","M","R","E","E","T","M","?","R","E","E","R","B",null,"M","$","M","M","M","E","M","M","T","E","E","R","E","M","R","B","B"],"character_chosen":"THE_SILENT","items_purchased":["Ice Cream","Oddly Smooth Stone","Infinite Blades","The Specimen","Lee\u0027s Waffle","Apotheosis","Letter Opener","Blade Dance","Bag of Marbles","Footwork","Swift Potion","Adrenaline","Membership Card","Mummified Hand","Strawberry","Footwork","PreservedInsect"],"campfire_rested":0,"item_purchase_floors":[0,0,0,0,0,0,0,0,0,0,0,3,19,19,19,19,36],"current_hp_per_floor":[67,67,67,71,73,32,32,32,32,34,38,50,42,44,59,57,71,69,76,76,80,52,70,70,50,50,82,82,82,82,82,82,77,81,82,82,82,82,82,82,77,49,49,55,61,82,58,35,62,43,0,0],"gold":382,"neow_bonus":"","is_daily":false,"chose_seed":false,"campfire_upgraded":3,"win_rate":0.0,"timestamp":1612158137,"path_taken":["M","?","$","M","?","E","?","?","T","M","E","R","E","M","R","BOSS","M","$","?","?","M","R","E","E","T","M","?","R","E","E","R","BOSS","M","$","M","M","M","E","M","?","T","E","E","R","E","M","R","BOSS","BOSS"],"items_purchased_type":["Relic","Relic","Card","Relic","Relic","Card","Relic","Card","Relic","Card","Potion","Card","Relic","Relic","Relic","Card","Relic"],"build_version":"2020-12-22","purchased_purges":0,"victory":false,"max_hp_per_floor":[73,73,73,73,73,73,73,73,73,73,73,73,73,75,75,75,75,75,82,82,82,82,82,82,82,82,82,82,82,82,82,82,82,82,82,82,82,82,82,82,82,82,82,82,82,82,82,82,82,82,82,82],"card_choices":[{"not_picked":["Blade Dance","Underhanded Strike"],"picked":"Finisher","floor":1},{"not_picked":["Poisoned Stab","Cloak And Dagger"],"picked":"Dash","floor":4},{"not_picked":["PiercingWail","Prepared"],"picked":"Deflect","floor":5},{"not_picked":["Bouncing Flask+1","Quick Slash"],"picked":"Adrenaline+1","floor":6},{"not_picked":["Flechettes","Dagger Throw"],"picked":"Flying Knee","floor":10},{"not_picked":["Heel Hook","All Out Attack"],"picked":"Choke","floor":11},{"not_picked":["Poisoned Stab","Deadly Poison+1"],"picked":"Blade Dance+1","floor":13},{"not_picked":["Bane","Quick Slash"],"picked":"Dodge and Roll+1","floor":14},{"not_picked":["Bane","Blur+1"],"picked":"Dagger Spray","floor":14},{"not_picked":["Wraith Form v2","Glass Knife"],"picked":"Burst+1","floor":16},{"not_picked":["Skewer","Reflex+1"],"picked":"Blade Dance+1","floor":18},{"not_picked":["Heel Hook","Deadly Poison+1"],"picked":"Infinite Blades","floor":21},{"not_picked":["Poisoned Stab","Slice"],"picked":"Blade Dance+1","floor":22},{"not_picked":["Acrobatics+1","Deflect+1"],"picked":"Accuracy","floor":24},{"not_picked":["Sucker Punch","Escape Plan+1"],"picked":"Cloak And Dagger+1","floor":25},{"not_picked":["Concentrate+1","Masterful Stab"],"picked":"Blade Dance+1","floor":27},{"not_picked":["Heel Hook+1","Endless Agony"],"picked":"Outmaneuver+1","floor":30},{"not_picked":["Acrobatics+1","Deflect+1"],"picked":"A Thousand Cuts","floor":31},{"not_picked":["Die Die Die","Unload"],"picked":"Corpse Explosion+1","floor":33},{"not_picked":["Tactician+1","Expertise+1","PiercingWail+1"],"picked":"SKIP","floor":35},{"not_picked":["Tactician+1","All Out Attack+1","Acrobatics+1"],"picked":"SKIP","floor":37},{"not_picked":["Prepared+1","Infinite Blades"],"picked":"Dagger Spray","floor":38},{"not_picked":["Prepared+1","Dodge and Roll+1"],"picked":"Dagger Spray","floor":39},{"not_picked":["Skewer","Dagger Spray"],"picked":"Flying Knee","floor":40},{"not_picked":["Flechettes+1","Crippling Poison+1","Quick Slash"],"picked":"SKIP","floor":41},{"not_picked":["Expertise+1","Catalyst+1"],"picked":"Escape Plan+1","floor":42},{"not_picked":["Acrobatics+1","Setup+1"],"picked":"Envenom","floor":44},{"not_picked":["Quick Slash","Terror+1"],"picked":"Riddle With Holes","floor":45},{"not_picked":["Quick Slash+1","Endless Agony"],"picked":"Infinite Blades+1","floor":47},{"not_picked":["Sucker Punch","Escape Plan+1"],"picked":"Terror+1","floor":48}],"player_experience":1963050,"relics_obtained":[{"floor":6,"key":"Toxic Egg 2"},{"floor":9,"key":"Eternal Feather"},{"floor":11,"key":"Happy Flower"},{"floor":13,"key":"Ginger"},{"floor":24,"key":"WingedGreaves"},{"floor":25,"key":"Anchor"},{"floor":30,"key":"Ancient Tea Set"},{"floor":31,"key":"Torii"},{"floor":40,"key":"MealTicket"},{"floor":43,"key":"Gremlin Horn"},{"floor":44,"key":"Lizard Tail"},{"floor":45,"key":"Boot"},{"floor":47,"key":"War Paint"}],"event_choices":[{"damage_healed":0,"gold_gain":0,"player_choice":"Ignored","damage_taken":0,"max_hp_gain":0,"max_hp_loss":0,"event_name":"Transmorgrifier","floor":2,"gold_loss":0},{"damage_healed":0,"gold_gain":70,"player_choice":"Gained Gold","damage_taken":0,"max_hp_gain":0,"max_hp_loss":0,"event_name":"Golden Wing","floor":7,"gold_loss":0},{"damage_healed":0,"gold_gain":0,"player_choice":"Grow","damage_taken":0,"max_hp_gain":0,"max_hp_loss":0,"event_name":"Living Wall","floor":8,"gold_loss":0,"cards_upgraded":["Infinite Blades"]},{"damage_healed":0,"gold_gain":0,"player_choice":"Got Potions","damage_taken":0,"max_hp_gain":0,"max_hp_loss":0,"event_name":"Lab","floor":20,"gold_loss":0},{"damage_healed":0,"gold_gain":0,"player_choice":"Bought 1 Potion","damage_taken":0,"max_hp_gain":0,"max_hp_loss":0,"event_name":"The Woman in Blue","floor":28,"gold_loss":0}],"is_beta":false,"boss_relics":[{"not_picked":["Velvet Choker","Runic Pyramid"],"picked":"SacredBark"},{"not_picked":["Pandora\u0027s Box","Sozu"],"picked":"SlaversCollar"}],"items_purged_floors":[],"is_endless":false,"potions_floor_spawned":[6,10,14,18,22,24,30,33,35,37,39,44,45],"killed_by":"Awakened One","ascension_level":20}}