{"host":"37ccm3d17clopct7","time":1612203092,"event":{"mods":["BaseMod","Lobotomy","Minty Spire (QoL Compilation)","StSLib","The Bug Knight","The Cursed","The Hierophant","The Jungle","The Runesmith"],"gold_per_floor":[114,124,141,153,78,78,5,5,5,19,19,44,44,62,62,166,166,186,336,90,90,108,108,136,151,151,165,40,57,57,70,70,174,174,174,30,330,342,361,361,380,380,380,425,425,425,439,451,451,451],"floor_reached":51,"language":"KOR","playtime":3391,"items_purged":["Runesmith:CraftFirestone","Runesmith:Strike_RS","Runesmith:Strike_RS"],"score":821,"play_id":"55c335a1-7164-4ac6-89ec-ebd5f1dbcf49","local_time":"20210202031132","is_ascension_mode":false,"campfire_choices":[{"data":"Runesmith:CraftMagma","floor":6,"key":"SMITH"},{"data":"Runesmith:Permafrost","floor":8,"key":"SMITH"},{"floor":15,"key":"REST"},{"data":"Runesmith:Fortify","floor":23,"key":"SMITH"},{"floor":30,"key":"REST"},{"floor":32,"key":"REST"},{"data":"Runesmith:CraftProtectio","floor":40,"key":"SMITH"},{"data":"Runesmith:MetallurgicalResearch","floor":42,"key":"SMITH"},{"floor":46,"key":"REST"},{"floor":49,"key":"REST"}],"circlet_count":0,"master_deck":["Runesmith:Strike_RS","Runesmith:Strike_RS","Runesmith:Defend_RS","Runesmith:Defend_RS","Runesmith:Defend_RS","Runesmith:Defend_RS","Runesmith:Fortify+1","Runesmith:HammerThrow","Runesmith:CraftMagma+1","Runesmith:BackupBattery","Runesmith:RuneHurl","Runesmith:Permafrost+1","Runesmith:RunicBlueprint","Runesmith:ChaoticBlast+1","Runesmith:CreatorForm","Runesmith:Firestorm+1","Runesmith:Duplicate","Runesmith:CraftProtectio+1","Runesmith:HeatedChisel+1","Runesmith:EarthShield+1","Runesmith:Grindstone+1","Runesmith:MetallurgicalResearch+1","Runesmith:Refine","Runesmith:OneForEveryone+1","Enlightenment","Runesmith:Terraform+1","Runesmith:RunicBlueprint+1"],"relics":["Runesmith:BrokenRuby","Omamori","Molten Egg 2","Happy Flower","White Beast Statue","Calling Bell","Bag of Preparation","Mummified Hand","Lizard Tail","TheAbacus","Question Card","Eternal Feather","Philosopher\u0027s Stone","Lee\u0027s Waffle","Frozen Egg 2","Prayer Wheel"],"acts_visited":["Exordium","theJungle:Jungle","TheBeyond"],"potions_floor_usage":[12,12,16,16,35,41,44,50,51],"damage_taken":[{"damage":0,"enemies":"Cultist","floor":1,"turns":5},{"damage":0,"enemies":"Jaw Worm","floor":2,"turns":5},{"damage":0,"enemies":"Small Slimes","floor":3,"turns":3},{"damage":8,"enemies":"2 Fungi Beasts","floor":4,"turns":5},{"damage":0,"enemies":"Exordium Wildlife","floor":10,"turns":5},{"damage":54,"enemies":"Gremlin Nob","floor":12,"turns":6},{"damage":0,"enemies":"Looter","floor":14,"turns":4},{"damage":0,"enemies":"Hexaghost","floor":16,"turns":9},{"damage":4,"enemies":"theJungle:5_Spyders","floor":18,"turns":7},{"damage":4,"enemies":"theJungle:MUSHROOMGANG","floor":22,"turns":4},{"damage":0,"enemies":"theJungle:MamaSnecko","floor":24,"turns":5},{"damage":26,"enemies":"theJungle:JungleHuntersEncounter","floor":25,"turns":4},{"damage":19,"enemies":"theJungle:2_Flameangoes","floor":27,"turns":5},{"damage":0,"enemies":"theJungle:SlimyTreeVines","floor":29,"turns":4},{"damage":0,"enemies":"theJungle:Snecko_Cultist_And_Trap","floor":31,"turns":5},{"damage":0,"enemies":"theJungle:QueenSpyder","floor":33,"turns":14},{"damage":20,"enemies":"3 Darklings","floor":35,"turns":4},{"damage":4,"enemies":"3 Shapes","floor":38,"turns":5},{"damage":4,"enemies":"Spire Growth","floor":39,"turns":5},{"damage":19,"enemies":"Maw","floor":41,"turns":8},{"damage":61,"enemies":"2 Orb Walkers","floor":44,"turns":6},{"damage":13,"enemies":"Transient","floor":47,"turns":5},{"damage":2,"enemies":"Writhing Mass","floor":48,"turns":7},{"damage":49,"enemies":"Time Eater","floor":50,"turns":10},{"damage":59,"enemies":"Malkuth","floor":51,"turns":18},{"damage":41,"enemies":"Yesod","floor":51,"turns":18}],"seed_played":"-49989290629289150","potions_obtained":[{"floor":1,"key":"DuplicationPotion"},{"floor":4,"key":"LiquidMemories"},{"floor":12,"key":"BlessingOfTheForge"},{"floor":14,"key":"LiquidBronze"},{"floor":16,"key":"DistilledChaos"},{"floor":18,"key":"FairyPotion"},{"floor":22,"key":"Explosive Potion"},{"floor":24,"key":"Strength Potion"},{"floor":25,"key":"BlessingOfTheForge"},{"floor":29,"key":"SmokeBomb"},{"floor":38,"key":"Regen Potion"},{"floor":41,"key":"SkillPotion"},{"floor":44,"key":"AttackPotion"},{"floor":47,"key":"ColorlessPotion"},{"floor":48,"key":"Energy Potion"}],"is_trial":false,"path_per_floor":["M","M","M","M","$","R","$","R","T","M","?","E","T","M","R","B",null,"M","?","$","?","M","R","E","M","T","M","$","M","R","M","R","B",null,"M","$","?","M","M","R","M","R","T","?","?","R","M","M","R","B",null],"character_chosen":"RUNESMITH_CLASS","items_purchased":["Runesmith:Permafrost","TheAbacus","Lee\u0027s Waffle"],"campfire_rested":5,"item_purchase_floors":[7,20,36],"current_hp_per_floor":[70,70,70,62,62,62,62,62,62,62,62,8,8,8,29,29,70,66,66,66,66,62,62,62,36,36,17,17,20,53,53,70,70,70,50,77,77,73,69,77,73,77,77,16,16,54,41,39,77,28],"gold":451,"neow_bonus":"RANDOM_COMMON_RELIC","is_daily":false,"chose_seed":false,"campfire_upgraded":5,"win_rate":0.0,"timestamp":1612203092,"path_taken":["M","M","M","?","$","R","?","R","T","M","?","E","?","M","R","BOSS","M","?","$","?","M","R","E","M","T","M","?","M","R","M","R","BOSS","M","$","?","?","M","R","M","R","T","?","?","R","M","M","R","BOSS"],"items_purchased_type":["Card","Relic","Relic"],"build_version":"2020-12-22","purchased_purges":3,"victory":true,"max_hp_per_floor":[70,70,70,70,70,70,70,70,70,70,70,70,70,70,70,70,70,70,70,70,70,70,70,70,70,70,70,70,70,70,70,70,70,70,70,77,77,77,77,77,77,77,77,77,77,77,77,77,77,77],"card_choices":[{"not_picked":["Runesmith:FieryHammer","Runesmith:StaticCage"],"picked":"Runesmith:HammerThrow","floor":1},{"not_picked":["Runesmith:Overpower","Runesmith:HeatExchange"],"picked":"Runesmith:CraftMagma","floor":2},{"not_picked":["Runesmith:Electrocute","Runesmith:HammerThrow"],"picked":"Runesmith:BackupBattery","floor":3},{"not_picked":["Runesmith:HammerThrow","Runesmith:HeatExchange"],"picked":"Runesmith:RuneHurl","floor":4},{"not_picked":["Runesmith:BackupBattery","Runesmith:Overpower+1","Runesmith:StaticCage"],"picked":"SKIP","floor":10},{"not_picked":["Runesmith:MakeshiftArmor","Runesmith:CraftVitae"],"picked":"Runesmith:RunicBlueprint","floor":12},{"not_picked":["Runesmith:FieryHammer+1","Runesmith:LightningRod"],"picked":"Runesmith:ChaoticBlast+1","floor":14},{"not_picked":["Runesmith:UnlimitedPower","Runesmith:Supernova"],"picked":"Runesmith:CreatorForm","floor":16},{"not_picked":["Runesmith:Grindstone+1","Runesmith:Repurpose+1"],"picked":"Runesmith:Firestorm+1","floor":18},{"not_picked":["Runesmith:Repurpose","Runesmith:Superposition+1"],"picked":"Runesmith:Duplicate","floor":22},{"not_picked":["Runesmith:MakeshiftArmor","Runesmith:Firewall"],"picked":"Runesmith:CraftProtectio","floor":24},{"not_picked":["Runesmith:ChargedHammer+1","Runesmith:BackupBattery","Runesmith:CraftProtectio"],"picked":"Runesmith:HeatedChisel+1","floor":25},{"not_picked":["Runesmith:MakeshiftArmor","Runesmith:GrandSlam+1","Runesmith:CraftSpiculum","Runesmith:Discharge+1"],"picked":"SKIP","floor":27},{"not_picked":["Runesmith:ChiselStab+1","Runesmith:ChargedHammer+1","Runesmith:DoubleUp"],"picked":"Runesmith:EarthShield+1","floor":29},{"not_picked":["Runesmith:GoWithTheFlow+1","Runesmith:ChiselStab+1","Runesmith:UnstableHammer+1"],"picked":"Runesmith:Grindstone+1","floor":31},{"not_picked":["Runesmith:GrandSlam+1","Runesmith:DuctTape","Runesmith:LightningRod"],"picked":"Runesmith:MetallurgicalResearch","floor":33},{"not_picked":["Runesmith:Grindstone+1","Runesmith:MakeshiftArmor","Runesmith:Overpower+1","Runesmith:BackupBattery+1"],"picked":"SKIP","floor":38},{"not_picked":["Runesmith:Firewall","Runesmith:HammerThrow+1","Runesmith:CreatorForm"],"picked":"Runesmith:Refine","floor":39},{"not_picked":["Runesmith:HeatedChisel+1","Runesmith:ChaoticBlast+1","Runesmith:MakeshiftArmor+1"],"picked":"Runesmith:OneForEveryone+1","floor":41},{"not_picked":["Apotheosis","Transmutation","Panache+1"],"picked":"Enlightenment","floor":45},{"not_picked":["Runesmith:StaticCage","Runesmith:BackupBattery","Runesmith:Augment"],"picked":"Runesmith:Terraform+1","floor":47},{"not_picked":["Runesmith:PoweredAnvil+1","Runesmith:Electrocute+1","Runesmith:ChiselStab+1"],"picked":"Runesmith:RunicBlueprint+1","floor":47},{"not_picked":["Runesmith:HeatExchange+1","Runesmith:HammerThrow+1","Runesmith:MakeshiftArmor","Runesmith:Superposition+1"],"picked":"SKIP","floor":48},{"not_picked":["Runesmith:Superposition+1","Runesmith:RuneHurl+1","Runesmith:ShiftingStrike+1","Runesmith:HeatedChisel+1"],"picked":"SKIP","floor":48}],"player_experience":99827,"relics_obtained":[{"floor":9,"key":"Molten Egg 2"},{"floor":12,"key":"Happy Flower"},{"floor":13,"key":"White Beast Statue"},{"floor":17,"key":"Bag of Preparation"},{"floor":17,"key":"Mummified Hand"},{"floor":17,"key":"Lizard Tail"},{"floor":24,"key":"Question Card"},{"floor":26,"key":"Eternal Feather"},{"floor":43,"key":"Frozen Egg 2"},{"floor":44,"key":"Prayer Wheel"}],"event_choices":[{"damage_healed":0,"gold_gain":0,"player_choice":"Ignored","damage_taken":0,"max_hp_gain":0,"max_hp_loss":0,"event_name":"Shining Light","floor":11,"gold_loss":0},{"damage_healed":0,"gold_gain":300,"player_choice":"Gold","damage_taken":0,"max_hp_gain":0,"max_hp_loss":0,"event_name":"Wheel of Change","floor":37,"gold_loss":0},{"damage_healed":0,"gold_gain":0,"player_choice":"Fight","damage_taken":0,"max_hp_gain":0,"max_hp_loss":0,"event_name":"Mysterious Sphere","floor":44,"gold_loss":0},{"damage_healed":0,"gold_gain":0,"player_choice":"Memory 1","damage_taken":0,"max_hp_gain":0,"max_hp_loss":0,"event_name":"SensoryStone","floor":45,"gold_loss":0}],"is_beta":false,"boss_relics":[{"not_picked":["Black Star","Tiny House"],"picked":"Calling Bell"},{"not_picked":["Velvet Choker","Busted Crown"],"picked":"Philosopher\u0027s Stone"}],"items_purged_floors":[5,20,28],"is_endless":false,"potions_floor_spawned":[1,4,12,14,16,18,22,24,25,27,29,31,33,35,38,39,41,44,47,48,51,51],"ascension_level":0}}