{"host":"pletss163z7s8pvv","time":1612141356,"event":{"mods":["AchievementEnabler","BaseMod","Better Altar","Better Match","Better Note","Better Sensory Stone","Better Skull","Better Third Choice","BetterRewards","CapriCore","ChefMod","Colored Map","Colored Powertips","Conspire","Energized Spire","Evolution","GifTheSpireLib","Hermit","Ironclad Rager","Marked Mod","Minty Spire (QoL Compilation)","Retaliation","Spicy Shops","StS++","StSLib","The Alterego","The Blue Laboratory","The Cursed","The Disciple","The Forsaken"],"gold_per_floor":[114,114,129,144,159,159,179,179,204,234,234,32,32,5,5,5,5],"floor_reached":16,"language":"ENG","playtime":433,"items_purged":[],"score":98,"play_id":"088dc70b-6c72-4d57-8bc8-a46c5d35cd89","local_time":"20210131190236","daily_mods":["Chimera","Diverse","Night Terrors"],"is_ascension_mode":false,"campfire_choices":[{"data":"alterego_mod:PerceptionDisorder","floor":6,"key":"SMITH"},{"floor":8,"key":"REST"},{"data":"alterego_mod:Rip","floor":11,"key":"SMITH"},{"floor":13,"key":"REST"},{"data":"alterego_mod:Cooking","floor":15,"key":"SMITH"}],"circlet_count":0,"master_deck":["Bash","Survivor","Zap","Eruption","Barrage+1","Barrage","Barrage+1","Armaments","Armaments","Defend_P","alterego_mod:Birthday","Apotheosis+1","hermit:Ricochet","alterego_mod:Rip+1","alterego_mod:PerceptionDisorder+1","WindUp","Wireheading","hermit:Coalescence","alterego_mod:Cooking+1"],"relics":["hermit:Momento","EVO:Axolotl","Odd Mushroom","Whetstone","Peace Pipe","Vajra"],"acts_visited":["Exordium"],"potions_floor_usage":[],"damage_taken":[{"damage":17,"enemies":"Jaw Worm","floor":1,"turns":8},{"damage":6,"enemies":"2 Louse","floor":3,"turns":4},{"damage":2,"enemies":"Small Slimes","floor":4,"turns":4},{"damage":8,"enemies":"3 Louse","floor":5,"turns":3},{"damage":13,"enemies":"The Mushroom Lair","floor":7,"turns":3},{"damage":25,"enemies":"Lagavulin","floor":10,"turns":5},{"damage":65,"enemies":"Slime Boss","floor":16,"turns":3}],"seed_played":"-6699970657251824518","potions_obtained":[{"floor":1,"key":"blueLaboratory:NullPotion"},{"floor":4,"key":"SmokeBomb"},{"floor":7,"key":"SmokeBomb"}],"is_trial":false,"path_per_floor":["M","?","M","M","M","R","?","R","T","E","R","$","R","$","R","B"],"character_chosen":"HERMIT","items_purchased":["Vajra","hermit:Coalescence","alterego_mod:Cooking"],"campfire_rested":2,"item_purchase_floors":[12,12,14],"current_hp_per_floor":[58,58,54,54,49,49,39,70,70,45,45,45,65,65,65,0,0],"gold":5,"neow_bonus":"","is_daily":true,"chose_seed":false,"campfire_upgraded":3,"win_rate":0.0,"timestamp":1612141356,"path_taken":["M","?","M","M","M","R","?","R","T","E","R","$","R","$","R","BOSS"],"items_purchased_type":["Relic","Card","Card"],"build_version":"2020-12-22","purchased_purges":0,"victory":false,"max_hp_per_floor":[75,75,75,75,75,75,75,70,70,70,70,70,65,65,65,65,65],"card_choices":[{"not_picked":["LockedWhetstone","theForsaken:BlindFaith"],"picked":"alterego_mod:Birthday","floor":1},{"not_picked":["theForsaken:FuryStrikes","alterego_mod:Bunnysuit"],"picked":"hermit:Ricochet","floor":3},{"not_picked":["JustLucky","Conserve Battery"],"picked":"alterego_mod:Rip","floor":4},{"not_picked":["hermit:TakeCover","Underhanded Strike"],"picked":"alterego_mod:PerceptionDisorder","floor":5},{"not_picked":["Collect","TheCursedMod:Obscuration"],"picked":"WindUp","floor":7},{"not_picked":["alterego_mod:Belts","theForsaken:HorrifyingStrike"],"picked":"Wireheading","floor":10}],"player_experience":472584,"relics_obtained":[{"floor":7,"key":"Odd Mushroom"},{"floor":9,"key":"Whetstone"},{"floor":10,"key":"Peace Pipe"}],"event_choices":[{"damage_healed":58,"gold_gain":0,"player_choice":"Embrace","damage_taken":0,"max_hp_gain":0,"max_hp_loss":75,"event_name":"betterThird:BetterShining","floor":2,"gold_loss":0},{"damage_healed":0,"gold_gain":0,"player_choice":"Fought Mushrooms","damage_taken":0,"max_hp_gain":0,"max_hp_loss":0,"event_name":"Mushrooms","floor":7,"gold_loss":0}],"is_beta":false,"boss_relics":[],"items_purged_floors":[],"is_endless":false,"potions_floor_spawned":[1,4,7],"killed_by":"Slime Boss","ascension_level":0}}