{"host":"5w7hw1ne5h7avrl9","time":1612223046,"event":{"mods":["AchievementEnabler","BaseMod","Colored Map","Colored Powertips","Displayed Cursed Tome","Googly Eyes","Minty Spire (QoL Compilation)","SuperFastMode"],"gold_per_floor":[114,129,129,129,144,174,174,174,199,229,229,4,4,4,4,104,104,119,119,119,134,134,134,164,164,164,179,194,294,309,339,339,339,339],"floor_reached":33,"language":"ENG","playtime":1664,"items_purged":["Strike_R"],"score":290,"play_id":"5fbe9781-00bd-49cb-b511-56684fe7c089","local_time":"20210201154406","daily_mods":["Chimera","ControlledChaos","Night Terrors"],"is_ascension_mode":false,"campfire_choices":[{"data":"1","floor":8,"key":"LIFT"},{"data":"2","floor":11,"key":"LIFT"},{"data":"3","floor":13,"key":"LIFT"},{"floor":15,"key":"DIG"},{"floor":23,"key":"DIG"},{"floor":25,"key":"DIG"},{"floor":32,"key":"DIG"}],"circlet_count":0,"master_deck":["Bash","Survivor","Zap","Eruption","Strike_B","Defend_R+1","Defend_G","Defend_P+1","Spot Weakness","Heavy Blade","Ghostly Armor","Flex","Limit Break","Blood for Blood+1","RitualDagger+1","Spot Weakness","Injury","Sword Boomerang+1"],"relics":["Burning Blood","Frozen Eye","Shovel","Girya","Molten Egg 2","Orichalcum","Happy Flower","Lee\u0027s Waffle","Spirit Poop","Thread and Needle","Cursed Key","PreservedInsect","Oddly Smooth Stone","Gambling Chip","Unceasing Top","Anchor","Letter Opener"],"acts_visited":["Exordium","TheCity"],"potions_floor_usage":[5,6,16,28,28,33],"damage_taken":[{"damage":10,"enemies":"Jaw Worm","floor":1,"turns":4},{"damage":0,"enemies":"Small Slimes","floor":2,"turns":3},{"damage":0,"enemies":"Cultist","floor":5,"turns":3},{"damage":27,"enemies":"3 Sentries","floor":6,"turns":5},{"damage":19,"enemies":"Lagavulin","floor":10,"turns":9},{"damage":19,"enemies":"Slime Boss","floor":16,"turns":6},{"damage":0,"enemies":"Chosen","floor":18,"turns":3},{"damage":17,"enemies":"3 Byrds","floor":21,"turns":4},{"damage":11,"enemies":"Book of Stabbing","floor":24,"turns":3},{"damage":0,"enemies":"Snecko","floor":27,"turns":2},{"damage":0,"enemies":"Snake Plant","floor":28,"turns":1},{"damage":0,"enemies":"3 Cultists","floor":30,"turns":3},{"damage":21,"enemies":"Gremlin Leader","floor":31,"turns":4},{"damage":71,"enemies":"Collector","floor":33,"turns":7}],"seed_played":"-6699970657251824518","potions_obtained":[{"floor":1,"key":"Fire Potion"},{"floor":2,"key":"HeartOfIron"},{"floor":10,"key":"DistilledChaos"},{"floor":21,"key":"FearPotion"},{"floor":24,"key":"FearPotion"},{"floor":27,"key":"AttackPotion"}],"is_trial":false,"path_per_floor":["M","M","?","?","M","E","?","R","T","E","R","$","R","?","R","B",null,"M","?","?","M","?","R","E","R","T","M","M","?","M","E","R","B"],"character_chosen":"IRONCLAD","items_purchased":["Lee\u0027s Waffle"],"campfire_rested":0,"item_purchase_floors":[12],"current_hp_per_floor":[76,80,80,77,80,59,43,43,43,30,30,87,87,87,87,74,87,87,87,81,70,70,70,65,65,65,71,77,77,83,68,68,0,0],"gold":339,"neow_bonus":"","is_daily":true,"chose_seed":false,"campfire_upgraded":0,"win_rate":0.0,"timestamp":1612223046,"path_taken":["M","M","?","?","M","E","?","R","T","E","R","$","R","?","R","BOSS","M","?","?","M","?","R","E","R","T","M","M","?","M","E","R","BOSS"],"items_purchased_type":["Relic"],"build_version":"2020-12-22","purchased_purges":1,"victory":false,"max_hp_per_floor":[80,80,80,80,80,80,80,80,80,80,80,87,87,87,87,87,87,87,87,87,87,87,87,87,87,87,87,87,87,87,87,87,87,87],"card_choices":[{"not_picked":["Searing Blow","Havoc","Intimidate"],"picked":"SKIP","floor":1},{"not_picked":["Flex","Clothesline"],"picked":"Spot Weakness","floor":2},{"not_picked":["Warcry","Havoc"],"picked":"Heavy Blade","floor":5},{"not_picked":["True Grit","Havoc"],"picked":"Ghostly Armor","floor":6},{"not_picked":["Berserk","Warcry"],"picked":"Flex","floor":10},{"not_picked":["Feed+1","Barricade"],"picked":"Limit Break","floor":16},{"not_picked":["Cleave+1","Thunderclap+1"],"picked":"Blood for Blood+1","floor":18},{"not_picked":["Uppercut+1","Burning Pact","Body Slam+1"],"picked":"SKIP","floor":21},{"not_picked":["Infernal Blade","Evolve","Dark Embrace"],"picked":"SKIP","floor":24},{"not_picked":["Seeing Red","Dropkick+1","Havoc+1"],"picked":"SKIP","floor":27},{"not_picked":["Rage","True Grit"],"picked":"Sword Boomerang+1","floor":28},{"not_picked":["Wild Strike+1","Havoc+1","Sword Boomerang+1"],"picked":"SKIP","floor":30},{"not_picked":["Hemokinesis+1","Combust","Clash+1"],"picked":"SKIP","floor":31}],"player_experience":146098,"relics_obtained":[{"floor":6,"key":"Molten Egg 2"},{"floor":9,"key":"Orichalcum"},{"floor":10,"key":"Happy Flower"},{"floor":15,"key":"Thread and Needle"},{"floor":23,"key":"PreservedInsect"},{"floor":24,"key":"Oddly Smooth Stone"},{"floor":25,"key":"Gambling Chip"},{"floor":26,"key":"Unceasing Top"},{"floor":31,"key":"Anchor"},{"floor":32,"key":"Letter Opener"}],"event_choices":[{"damage_healed":0,"gold_gain":0,"player_choice":"Box","damage_taken":0,"relics_obtained":["Shovel"],"max_hp_gain":0,"max_hp_loss":0,"event_name":"Big Fish","floor":3,"gold_loss":0,"cards_obtained":["Regret"]},{"damage_healed":0,"gold_gain":0,"player_choice":"Success","damage_taken":3,"relics_obtained":["Girya"],"max_hp_gain":0,"max_hp_loss":0,"event_name":"Scrap Ooze","floor":4,"gold_loss":0},{"damage_healed":0,"gold_gain":0,"player_choice":"Entered Light","damage_taken":16,"max_hp_gain":0,"max_hp_loss":0,"event_name":"Shining Light","floor":7,"gold_loss":0,"cards_upgraded":["Defend_P","Defend_R"]},{"cards_removed":["Regret"],"damage_healed":0,"gold_gain":0,"player_choice":"Offered Curse","damage_taken":0,"relics_obtained":["Spirit Poop"],"max_hp_gain":0,"max_hp_loss":0,"event_name":"Bonfire Elementals","floor":14,"gold_loss":0},{"cards_removed":["Strike_G"],"damage_healed":0,"gold_gain":0,"player_choice":"Elegance","damage_taken":0,"max_hp_gain":0,"max_hp_loss":0,"event_name":"Back to Basics","floor":19,"gold_loss":0},{"damage_healed":0,"gold_gain":0,"player_choice":"Joined the Cult","damage_taken":6,"max_hp_gain":0,"max_hp_loss":0,"event_name":"Nest","floor":20,"gold_loss":0,"cards_obtained":["RitualDagger"]},{"damage_healed":0,"gold_gain":0,"player_choice":"Read","damage_taken":0,"max_hp_gain":0,"max_hp_loss":0,"event_name":"The Library","floor":22,"gold_loss":0,"cards_obtained":["Spot Weakness"]},{"damage_healed":0,"gold_gain":100,"player_choice":"Pray","damage_taken":0,"max_hp_gain":0,"max_hp_loss":0,"event_name":"Golden Shrine","floor":29,"gold_loss":0}],"is_beta":false,"boss_relics":[{"not_picked":["Snecko Eye","Runic Cube"],"picked":"Cursed Key"}],"items_purged_floors":[12],"is_endless":false,"potions_floor_spawned":[1,2,10,21,24,27],"killed_by":"Collector","ascension_level":0}}