{"host":"hkj1blq6xqcrzx6o","time":1612181768,"event":{"mods":["Act Like it!","BaseMod","Downfall","Gensokyo","Lobotomy","Marisa£®ÏF”Í°°ƒß¿Ì…≥£©","Minty Spire (QoL Compilation)","Quick Restart","Reimu£®≤©¿ˆ¡È√Œ£©","Remilia£®¿Ÿ√◊¿Ú—«£©","Replay The Spire","StSLib","The Servant 0.9.4","Youmu£®ªÍ∆«—˝√Œ£©"],"gold_per_floor":[116,134,147,227,307,307,307,307,307,320,320,320,326,344,344,413,413,397,397,385,385,393,408,408,408,408,91,91,91],"floor_reached":28,"language":"ZHS","playtime":1840,"items_purged":[],"score":228,"play_id":"f36d5f7e-5760-4f6c-87de-0d9a8d973d13","local_time":"20210201201608","is_ascension_mode":false,"campfire_choices":[{"floor":6,"key":"REST"},{"data":"CleanRite:ReiMu","floor":8,"key":"SMITH"},{"data":"NB:ReiMu","floor":12,"key":"SMITH"},{"floor":25,"key":"REST"}],"circlet_count":0,"master_deck":["Strike_Lin:ReiMu","Strike_Lin:ReiMu","Strike_Lin:ReiMu","Strike_Lin:ReiMu","Defend_Lin:ReiMu","Defend_Lin:ReiMu","Defend_Lin:ReiMu","Defend_Lin:ReiMu","NB:ReiMu+1","Stagnation:ReiMu","CleanRite:ReiMu+1","AirManeuver:ReiMu","SafetyPray:ReiMu","BarrageOfMoneybags:ReiMu+1","Gensokyo:CrescentMoonSlash","RainPray2:ReiMu","ManaGlint:ReiMu","SubAcupoint:ReiMu","PrayRite:ReiMu","PayForSelf:ReiMu","Meditation:ReiMu","Enchanting:ReiMu+1","Dreaming2:ReiMu","Gensokyo:BlemishedSteel","Gensokyo:LockedMedkit","CleanRite:ReiMu+1"],"relics":["ShineYinYang:ReiMu","Quantum Egg","Shuriken","ReplayTheSpireMod:Ring of Collecting","Gensokyo:MosesMiracle","Incense Burner","Eternal Feather","DollysMirror"],"acts_visited":["Exordium","Gensokyo:Gensokyo"],"potions_floor_usage":[23,23,23,28],"damage_taken":[{"damage":20,"enemies":"Gensokyo:3_Fairies","floor":1,"turns":8},{"damage":0,"enemies":"Gensokyo:Python","floor":2,"turns":5},{"damage":4,"enemies":"Gensokyo:2_Kodama","floor":3,"turns":9},{"damage":11,"enemies":"Gensokyo:2_Rabbits","floor":10,"turns":5},{"damage":4,"enemies":"Gensokyo:VengefulSpirit","floor":13,"turns":3},{"damage":11,"enemies":"Gensokyo:3_Kodama","floor":14,"turns":3},{"damage":6,"enemies":"Gensokyo:Reimu","floor":16,"turns":6},{"damage":7,"enemies":"Gensokyo:AngelMirror","floor":18,"turns":3},{"damage":21,"enemies":"Gensokyo:3_Dogs","floor":20,"turns":5},{"damage":18,"enemies":"Gensokyo:Wraith","floor":22,"turns":4},{"damage":4,"enemies":"Gensokyo:Tenshi","floor":23,"turns":3},{"damage":49,"enemies":"Gensokyo:3_Gloops","floor":28,"turns":4}],"seed_played":"-605168224498733882","potions_obtained":[{"floor":1,"key":"SpeedPotion"},{"floor":3,"key":"SneckoOil"},{"floor":10,"key":"MagicPotion:ReiMu"},{"floor":23,"key":"Languid Potion"}],"is_trial":false,"path_per_floor":["M","M","M","T","?","R","?","R","T","M","?","R","M","M","R","B",null,"M","?","M","?","M","E","?","R","T","COS","M"],"character_chosen":"REIMU","items_purchased":[],"campfire_rested":2,"item_purchase_floors":[],"current_hp_per_floor":[45,45,41,41,41,60,51,51,51,40,40,40,36,25,44,38,65,58,58,37,37,19,15,20,41,41,41,0,0],"gold":91,"neow_bonus":"ONE_RANDOM_RARE_CARD","is_daily":false,"chose_seed":false,"campfire_upgraded":2,"win_rate":0.0,"timestamp":1612181768,"path_taken":["M","?","M","?","?","R","?","R","T","?","?","R","M","M","R","BOSS","M","?","M","?","?","E","?","R","T","COS","M"],"items_purchased_type":[],"build_version":"2020-12-22","purchased_purges":0,"victory":false,"max_hp_per_floor":[65,65,65,65,65,65,65,65,65,65,65,65,65,65,65,65,65,65,65,65,65,65,65,70,70,70,70,70,70],"card_choices":[{"not_picked":["YinYangSign:ReiMu","SubAcupoint:ReiMu"],"picked":"AirManeuver:ReiMu","floor":1},{"not_picked":["SpreadBorder2:ReiMu","SubAcupoint:ReiMu"],"picked":"SafetyPray:ReiMu","floor":2},{"not_picked":["SpreadBorder2:ReiMu","WonderfulDomain:ReiMu"],"picked":"BarrageOfMoneybags:ReiMu","floor":3},{"not_picked":["MikOfLucky:ReiMu","SubAcupoint:ReiMu"],"picked":"RainPray2:ReiMu","floor":10},{"not_picked":["RainPray2:ReiMu","DoubleButterfly:ReiMu"],"picked":"ManaGlint:ReiMu","floor":13},{"not_picked":["MountainWay:ReiMu","OrbThrow:ReiMu"],"picked":"SubAcupoint:ReiMu","floor":14},{"not_picked":["Shading:ReiMu","KyokaiOfKami:ReiMu"],"picked":"PrayRite:ReiMu","floor":16},{"not_picked":["RainPray2:ReiMu","ManaGlint:ReiMu"],"picked":"PayForSelf:ReiMu","floor":18},{"not_picked":["PhosphorusFlame:ReiMu","YinYangSign:ReiMu"],"picked":"Meditation:ReiMu","floor":20},{"not_picked":["AirStrike:ReiMu","YinYangSign:ReiMu"],"picked":"Enchanting:ReiMu+1","floor":22},{"not_picked":["WonderfulDomain:ReiMu","Amulet:ReiMu"],"picked":"Dreaming2:ReiMu","floor":23}],"player_experience":28390,"relics_obtained":[{"floor":4,"key":"Quantum Egg"},{"floor":9,"key":"Shuriken"},{"floor":11,"key":"ReplayTheSpireMod:Ring of Collecting"},{"floor":23,"key":"Gensokyo:MosesMiracle"},{"floor":23,"key":"Incense Burner"},{"floor":26,"key":"Eternal Feather"}],"event_choices":[],"is_beta":false,"boss_relics":[{"not_picked":["Velvet Choker","Replay:Grab Bag"],"picked":"ShineYinYang:ReiMu"}],"items_purged_floors":[],"is_endless":false,"potions_floor_spawned":[1,3,10,23],"killed_by":"Gensokyo:3_Gloops","ascension_level":0}}