{"host":"fevvm7bbzuh4s1jc","time":1612152435,"event":{"mods":["BaseMod","Highlight Path","Minty Spire (QoL Compilation)","Relic Stats"],"gold_per_floor":[110,110,125,141,141,141,171,171,171,191,204,215,58,88,88,159,159,175,175,195,210,3,3,32,32,32,32,52,52,95,114,114,200,200,224,233,246,260,79,114,114,152,205,247,263,297,317,242,242,242,242,242],"floor_reached":51,"language":"ENG","playtime":2266,"items_purged":["Strike_G","Strike_G"],"score":1674,"play_id":"3bf6250f-786f-42b9-8e42-de340f3606a1","local_time":"20210131230715","is_ascension_mode":true,"campfire_choices":[{"data":"Glass Knife","floor":6.0,"key":"SMITH"},{"data":"Neutralize","floor":8.0,"key":"SMITH"},{"data":"Blade Dance","floor":15.0,"key":"SMITH"},{"floor":23.0,"key":"REST"},{"data":"Blade Dance","floor":25,"key":"SMITH"},{"data":"Terror","floor":27,"key":"SMITH"},{"floor":29,"key":"REST"},{"data":"Blade Dance","floor":32,"key":"SMITH"},{"data":"Accuracy","floor":41,"key":"SMITH"},{"floor":49,"key":"RECALL"}],"circlet_count":0,"master_deck":["AscendersBane","Strike_G","Strike_G","Defend_G","Defend_G","Defend_G","Defend_G","Survivor","Neutralize+1","Glass Knife+1","Terror+1","Dagger Throw","Blade Dance+1","After Image+1","Dagger Spray","PiercingWail","Blade Dance+1","After Image","PiercingWail+1","Blade Dance+1","Prepared+1","Adrenaline","Accuracy+1","After Image","Flash of Steel","Backflip","Venomology","Backflip+1","Calculated Gamble","Backflip"],"relics":["Ring of the Snake","Tingsha","Letter Opener","Vajra","Pen Nib","Black Star","PreservedInsect","Kunai","Mercury Hourglass","Singing Bowl","CeramicFish","Philosopher\u0027s Stone","Mummified Hand","Happy Flower","CaptainsWheel","Bottled Tornado","Ninja Scroll","Centennial Puzzle","Ginger"],"acts_visited":["Exordium","TheCity","TheBeyond"],"potions_floor_usage":[33,44,45,46,51,51],"damage_taken":[{"damage":0.0,"enemies":"2 Louse","floor":1.0,"turns":3.0},{"damage":4.0,"enemies":"Cultist","floor":3.0,"turns":3.0},{"damage":0.0,"enemies":"Small Slimes","floor":4.0,"turns":4.0},{"damage":3.0,"enemies":"3 Sentries","floor":7.0,"turns":7.0},{"damage":2.0,"enemies":"Exordium Thugs","floor":10.0,"turns":4.0},{"damage":1.0,"enemies":"Red Slaver","floor":11.0,"turns":2.0},{"damage":2.0,"enemies":"Exordium Wildlife","floor":12.0,"turns":3.0},{"damage":18.0,"enemies":"Lagavulin","floor":14.0,"turns":6.0},{"damage":29.0,"enemies":"Slime Boss","floor":16.0,"turns":7.0},{"damage":0.0,"enemies":"Chosen","floor":18.0,"turns":3.0},{"damage":17.0,"enemies":"2 Thieves","floor":20.0,"turns":5.0},{"damage":28.0,"enemies":"Sentry and Sphere","floor":21.0,"turns":7.0},{"damage":2.0,"enemies":"Slavers","floor":24.0,"turns":3.0},{"damage":6,"enemies":"Snake Plant","floor":28,"turns":5},{"damage":11,"enemies":"Book of Stabbing","floor":30,"turns":3},{"damage":0,"enemies":"Centurion and Healer","floor":31,"turns":4},{"damage":12,"enemies":"Champ","floor":33,"turns":10},{"damage":0,"enemies":"3 Darklings","floor":35,"turns":4},{"damage":3,"enemies":"3 Shapes","floor":37,"turns":5},{"damage":0,"enemies":"Sphere and 2 Shapes","floor":38,"turns":5},{"damage":0,"enemies":"Reptomancer","floor":40,"turns":2},{"damage":0,"enemies":"Giant Head","floor":42,"turns":4},{"damage":0,"enemies":"Reptomancer","floor":44,"turns":2},{"damage":0,"enemies":"Spire Growth","floor":45,"turns":2},{"damage":0,"enemies":"Mind Bloom Boss Battle","floor":46,"turns":4},{"damage":0,"enemies":"3 Darklings","floor":47,"turns":3},{"damage":4,"enemies":"Donu and Deca","floor":50,"turns":8},{"damage":75,"enemies":"Time Eater","floor":51,"turns":12}],"seed_played":"-2411022178213250009","potions_obtained":[{"floor":1.0,"key":"Explosive Potion"},{"floor":4.0,"key":"FairyPotion"},{"floor":5.0,"key":"Fruit Juice"},{"floor":5.0,"key":"EssenceOfSteel"},{"floor":7.0,"key":"PowerPotion"},{"floor":10.0,"key":"CunningPotion"},{"floor":18.0,"key":"LiquidMemories"},{"floor":24,"key":"CultistPotion"},{"floor":30,"key":"DistilledChaos"},{"floor":33,"key":"Regen Potion"},{"floor":44,"key":"Fire Potion"},{"floor":47,"key":"LiquidMemories"}],"is_trial":false,"path_per_floor":["M","?","M","M","?","R","E","R","T","M","M","M","$","E","R","B",null,"M","?","M","M","$","R","E","R","T","R","M","R","E","M","R","B",null,"M","?","M","M","$","E","R","E","T","E","M","?","M","?","R","B","B"],"character_chosen":"THE_SILENT","items_purchased":["Vajra","Fire Potion","DuplicationPotion","Flash of Steel"],"campfire_rested":2,"item_purchase_floors":[13,22,22,39],"current_hp_per_floor":[44,44,40,40,45,45,42,42,42,40,39,37,37,19,19,19,58,58,58,41,13,13,34,32,32,32,32,26,47,36,38,38,26,61,61,61,60,62,62,62,62,62,62,67,69,69,69,69,69,65,0,0],"gold":242,"neow_bonus":"THREE_RARE_CARDS","is_daily":false,"chose_seed":false,"campfire_upgraded":7,"win_rate":0.0,"timestamp":1612152435,"path_taken":["M","?","M","?","?","R","E","R","T","?","M","M","$","E","R","BOSS","M","?","M","M","$","R","E","R","T","R","M","R","E","M","R","BOSS","M","?","M","M","$","E","R","E","T","E","?","?","M","?","R","BOSS","BOSS"],"items_purchased_type":["Relic","Potion","Potion","Card"],"build_version":"2020-12-22","purchased_purges":2,"victory":false,"max_hp_per_floor":[66,66,66,66,71,71,71,71,71,71,71,71,71,71,71,71,71,71,71,71,71,71,71,71,71,71,71,71,71,71,73,73,73,73,73,73,75,77,77,77,77,77,77,77,79,79,79,79,79,79,79,79],"relic_stats":{"Singing Bowl":8,"Happy Flower":[11],"counters":[28,127],"CeramicFish":90,"Tingsha":[219],"Pen Nib":[35],"PreservedInsect":309,"Letter Opener":[241],"Ginger":[3],"Mercury Hourglass":[241],"Centennial Puzzle":[6],"Mummified Hand":[25],"Black Star":5,"Kunai":[75],"obtain_stats":[{"Singing Bowl":30,"Happy Flower":40,"CeramicFish":30,"Vajra":13,"Tingsha":7,"Pen Nib":14,"PreservedInsect":24,"Letter Opener":9,"Ginger":46,"Bottled Tornado":42,"Mercury Hourglass":26,"CaptainsWheel":42,"Centennial Puzzle":44,"Mummified Hand":40,"Ninja Scroll":44,"Philosopher\u0027s Stone":34,"Black Star":17,"Kunai":24,"Ring of the Snake":0},{"Singing Bowl":15,"Happy Flower":21,"CeramicFish":15,"Vajra":7,"Tingsha":4,"Pen Nib":8,"PreservedInsect":13,"Letter Opener":4,"Ginger":25,"Bottled Tornado":22,"Mercury Hourglass":13,"CaptainsWheel":22,"Centennial Puzzle":23,"Mummified Hand":21,"Ninja Scroll":23,"Philosopher\u0027s Stone":17,"Black Star":9,"Kunai":13,"Ring of the Snake":0},{"Singing Bowl":64,"Happy Flower":93,"CeramicFish":64,"Vajra":26,"Tingsha":17,"Pen Nib":32,"PreservedInsect":57,"Letter Opener":17,"Ginger":105,"Bottled Tornado":97,"Mercury Hourglass":57,"CaptainsWheel":97,"Centennial Puzzle":99,"Mummified Hand":93,"Ninja Scroll":99,"Philosopher\u0027s Stone":78,"Black Star":39,"Kunai":57,"Ring of the Snake":0}],"Ring of the Snake":[56]},"card_choices":[{"not_picked":["Grand Finale","Envenom"],"picked":"Glass Knife","floor":0.0},{"not_picked":["Underhanded Strike","Dagger Spray"],"picked":"Terror","floor":1.0},{"not_picked":["Deadly Poison","Outmaneuver"],"picked":"Dagger Throw","floor":3.0},{"not_picked":["Cloak And Dagger","Acrobatics"],"picked":"Blade Dance","floor":4.0},{"not_picked":["Cloak And Dagger","Calculated Gamble"],"picked":"After Image","floor":7.0},{"not_picked":["Acrobatics","PiercingWail"],"picked":"Dagger Spray","floor":10.0},{"not_picked":["Masterful Stab","Caltrops"],"picked":"PiercingWail","floor":11.0},{"not_picked":["Underhanded Strike","Finisher"],"picked":"Blade Dance","floor":12.0},{"not_picked":["Riddle With Holes","Storm of Steel","Concentrate"],"picked":"SKIP","floor":14.0},{"not_picked":["Tools of the Trade","Glass Knife"],"picked":"After Image","floor":16.0},{"not_picked":["Dagger Throw","Poisoned Stab"],"picked":"PiercingWail+1","floor":18.0},{"not_picked":["Prepared","Well Laid Plans","Poisoned Stab"],"picked":"SKIP","floor":20.0},{"not_picked":["Dagger Throw","Masterful Stab+1"],"picked":"Blade Dance","floor":21.0},{"not_picked":["Eviscerate","Setup","Underhanded Strike"],"picked":"SKIP","floor":24},{"not_picked":["Setup","Flying Knee","Dash"],"picked":"SKIP","floor":28},{"not_picked":["Accuracy+1","Flying Knee"],"picked":"Prepared+1","floor":30},{"not_picked":["Expertise+1","Deadly Poison+1","PiercingWail"],"picked":"Singing Bowl","floor":31},{"not_picked":["Grand Finale","Tools of the Trade"],"picked":"Adrenaline","floor":33},{"not_picked":["Noxious Fumes","Deadly Poison"],"picked":"Accuracy","floor":35},{"not_picked":["Dagger Spray","Sucker Punch","Accuracy"],"picked":"Singing Bowl","floor":37},{"not_picked":["Noxious Fumes","PiercingWail","Reflex"],"picked":"Singing Bowl","floor":38},{"not_picked":["Caltrops","Dagger Spray"],"picked":"Backflip","floor":40},{"not_picked":["Poisoned Stab","Tactician"],"picked":"Venomology","floor":42},{"not_picked":["Blade Dance","Predator"],"picked":"Backflip+1","floor":44},{"not_picked":["Heel Hook","Dodge and Roll","Prepared"],"picked":"Singing Bowl","floor":45},{"not_picked":["Flying Knee","Terror"],"picked":"Calculated Gamble","floor":46},{"not_picked":["Bane+1","Sucker Punch+1"],"picked":"Backflip","floor":47}],"player_experience":2765014,"relics_obtained":[{"floor":7.0,"key":"Tingsha"},{"floor":9.0,"key":"Letter Opener"},{"floor":14.0,"key":"Pen Nib"},{"floor":24,"key":"PreservedInsect"},{"floor":24,"key":"Kunai"},{"floor":26,"key":"Mercury Hourglass"},{"floor":30,"key":"Singing Bowl"},{"floor":30,"key":"CeramicFish"},{"floor":40,"key":"Mummified Hand"},{"floor":40,"key":"Happy Flower"},{"floor":42,"key":"CaptainsWheel"},{"floor":42,"key":"Bottled Tornado"},{"floor":44,"key":"Ninja Scroll"},{"floor":44,"key":"Centennial Puzzle"},{"floor":46,"key":"Ginger"}],"event_choices":[{"cards_removed":["Strike_G"],"damage_healed":0.0,"max_hp_gain":0.0,"max_hp_loss":0.0,"gold_gain":0.0,"event_name":"Purifier","player_choice":"Purged","floor":2.0,"gold_loss":0.0,"damage_taken":0.0},{"damage_healed":0.0,"max_hp_gain":0.0,"max_hp_loss":0.0,"gold_gain":0.0,"event_name":"Lab","player_choice":"Got Potions","floor":5.0,"gold_loss":0.0,"damage_taken":0.0},{"damage_healed":0.0,"max_hp_gain":0.0,"max_hp_loss":0.0,"gold_gain":0.0,"event_name":"Accursed Blacksmith","player_choice":"Forge","floor":19.0,"gold_loss":0.0,"damage_taken":0.0,"cards_upgraded":["After Image"]},{"damage_healed":0,"gold_gain":0,"player_choice":"1 cards matched","damage_taken":0,"max_hp_gain":0,"max_hp_loss":0,"event_name":"Match and Keep!","floor":36,"gold_loss":0,"cards_obtained":["After Image"]},{"damage_healed":0,"gold_gain":0,"player_choice":"Fight","damage_taken":0,"max_hp_gain":0,"max_hp_loss":0,"event_name":"MindBloom","floor":46,"gold_loss":0},{"cards_removed":["Defend_G"],"damage_healed":0,"gold_gain":0,"player_choice":"Single Remove","damage_taken":0,"max_hp_gain":0,"max_hp_loss":0,"event_name":"Designer","floor":48,"gold_loss":75}],"is_beta":false,"boss_relics":[{"not_picked":["Runic Dome","Coffee Dripper"],"picked":"Black Star"},{"not_picked":["Pandora\u0027s Box","Calling Bell"],"picked":"Philosopher\u0027s Stone"}],"items_purged_floors":[22,39],"is_endless":false,"potions_floor_spawned":[1,4,7,10,14,18,24,30,31,33,35,44,45,47],"killed_by":"Time Eater","ascension_level":20}}