{"host":"ve5hox67eka4rdnb","time":1612178267,"event":{"mods":["ATMod(∞¢Ë™Mod)","AchievementEnabler","Act Like it!","BaseMod","Decade(Õı–°√˜)","Downfall","Gensokyo","Hermit","Koishi","Lobotomy","LobotomyExtend","Marisa£®ÏF”Í°°ƒß¿Ì…≥£©","Minty Spire (QoL Compilation)","Reimu£®≤©¿ˆ¡È√Œ£©","Remilia£®¿Ÿ√◊¿Ú—«£©","Replay The Spire","Shop Mod","StSLib","The Construct","The Cursed","The Servant 0.9.4"],"gold_per_floor":[116,136,136,12,25,54,130,130,185,211,211,241,241,268,268,268,268],"floor_reached":16,"language":"ZHS","playtime":607,"items_purged":["Regret"],"score":194,"play_id":"2a3d65fa-d409-4e0f-bf8c-a43236333fc8","local_time":"20210201191747","is_ascension_mode":true,"campfire_choices":[{"data":"AT_EmpoweredMortalDraw","floor":8,"key":"SMITH"},{"data":"FTL","floor":11,"key":"SMITH"},{"floor":15,"key":"REST"}],"circlet_count":0,"master_deck":["Strike_B+1","Strike_B+1","Strike_B+1","Strike_B+1","Defend_B","Defend_B","Defend_B+1","Defend_B","Zap","Dualcast","AT_EmpoweredMortalDraw+1","SpiderBud","BasicCrystalCard+1","OldLady","Streamline","Steam+1","FTL+1","WallGazer","Hologram","Panic Button","Skim","Turbo"],"relics":["Cracked Core","AT_ATBox","CogitoBucket","LetterFromLob","Centennial Puzzle","War Paint","AT_SunfireAegis","Bag of Marbles","Replay:Bottled Eggs","Tiny Chest","Gremlin Food","Vajra"],"acts_visited":["Exordium"],"potions_floor_usage":[10,16,16],"damage_taken":[{"damage":7,"enemies":"Small Slimes","floor":1,"turns":2},{"damage":4,"enemies":"2 Louse","floor":2,"turns":3},{"damage":7,"enemies":"Jaw Worm","floor":5,"turns":2},{"damage":12,"enemies":"3 Sentries","floor":6,"turns":3},{"damage":2,"enemies":"Lagavulin","floor":10,"turns":3},{"damage":10,"enemies":"Gremlin Nob","floor":12,"turns":3},{"damage":2,"enemies":"3 Sentries","floor":14,"turns":2},{"damage":58,"enemies":"Hexaghost","floor":16,"turns":4}],"seed_played":"5957713095362911247","potions_obtained":[{"floor":1,"key":"Block Potion"},{"floor":7,"key":"EntropicBrew"},{"floor":7,"key":"CultistPotion"},{"floor":10,"key":"Ancient Potion"},{"floor":14,"key":"DuplicationPotion"}],"is_trial":false,"path_per_floor":["M","M","?","$","M","E","?","R","T","E","R","E","?","E","R","B"],"character_chosen":"DEFECT","items_purchased":["Steam"],"campfire_rested":1,"item_purchase_floors":[4],"current_hp_per_floor":[68,64,64,64,57,45,45,45,45,43,43,33,26,24,46,0,0],"gold":268,"neow_bonus":"","is_daily":false,"chose_seed":false,"campfire_upgraded":2,"win_rate":0.0,"timestamp":1612178267,"path_taken":["M","M","?","$","M","E","?","R","T","E","R","E","?","E","R","BOSS"],"items_purchased_type":["Card"],"build_version":"2020-12-22","purchased_purges":1,"victory":false,"max_hp_per_floor":[75,75,75,75,75,75,75,75,75,75,75,75,75,75,75,75,75],"card_choices":[{"not_picked":["Murderer","FairyFestival"],"picked":"SpiderBud","floor":1},{"not_picked":["Steam Power","Rebound"],"picked":"BasicCrystalCard","floor":1},{"not_picked":["DreamingCurrent","Variant","Woodsman"],"picked":"Singing Bowl","floor":2},{"not_picked":["HeroicMonk","UniverseFragment"],"picked":"OldLady","floor":2},{"not_picked":["Static Discharge","Panic Button"],"picked":"Streamline","floor":2},{"not_picked":["UniverseFragment","CrumblingArmor","MeatLantern"],"picked":"Singing Bowl","floor":5},{"not_picked":["Barrage","Turbo"],"picked":"FTL","floor":5},{"not_picked":["QueenBee","ShyLook","FairyFestival"],"picked":"Singing Bowl","floor":6},{"not_picked":["HeroicMonk","Scorched"],"picked":"WallGazer","floor":6},{"not_picked":["Steam","Leap","ReplaySolidLightProjector"],"picked":"SKIP","floor":6},{"not_picked":["Conserve Battery","Panic Button"],"picked":"Hologram","floor":7},{"not_picked":["VoidDream","Porccubus","BeautyBeast"],"picked":"Singing Bowl","floor":10},{"not_picked":["Barrage","Redo"],"picked":"Panic Button","floor":10},{"not_picked":["Scorched","Murderer","LittlePrince"],"picked":"Singing Bowl","floor":12},{"not_picked":["Rebound","Sweeping Beam"],"picked":"Skim","floor":12},{"not_picked":["CherryBlossoms","ShyLook"],"picked":"BigBird","floor":14},{"not_picked":["Fusion","AT_HeatAcrobatics"],"picked":"Turbo","floor":14}],"player_experience":196251,"relics_obtained":[{"floor":1,"key":"LetterFromLob"},{"floor":6,"key":"War Paint"},{"floor":7,"key":"AT_SunfireAegis"},{"floor":9,"key":"Bag of Marbles"},{"floor":10,"key":"Replay:Bottled Eggs"},{"floor":12,"key":"Tiny Chest"},{"floor":14,"key":"Vajra"}],"event_choices":[{"damage_healed":0,"gold_gain":0,"player_choice":"Box","damage_taken":0,"relics_obtained":["Centennial Puzzle"],"max_hp_gain":0,"max_hp_loss":0,"event_name":"Big Fish","floor":3,"gold_loss":0,"cards_obtained":["Regret"]},{"damage_healed":0,"gold_gain":0,"player_choice":"Success","damage_taken":7,"relics_obtained":["Gremlin Food"],"max_hp_gain":0,"max_hp_loss":0,"event_name":"Scrap Ooze","floor":13,"gold_loss":0}],"is_beta":false,"boss_relics":[],"items_purged_floors":[4],"is_endless":false,"potions_floor_spawned":[1,10,14],"killed_by":"Hexaghost","ascension_level":2}}