{"host":"xltl1aroowo69o4n","time":1612140416,"event":{"mods":["BaseMod","Colored Map","Colored Powertips","Minty Spire (QoL Compilation)","StSLib"],"gold_per_floor":[117,136,136,147,167,195,195,212,212,212,212,225,225,235,235,336,336,355,355,374,392,50,50,24,24,94,112,132,132,143,103,103,201,201,217,233,244,263,276,276,292,0,0,20,20,35,35,69,69,69,69],"floor_reached":50,"language":"ENG","playtime":3480,"items_purged":[],"score":507,"play_id":"59623d88-6a18-44e3-ad38-16234cbe60e1","local_time":"20210131194656","is_ascension_mode":false,"campfire_choices":[{"floor":7.0,"key":"REST"},{"floor":10.0,"key":"REST"},{"data":"Shrug It Off","floor":13.0,"key":"SMITH"},{"floor":15.0,"key":"REST"},{"data":"Apotheosis","floor":23.0,"key":"SMITH"},{"data":"Cleave","floor":25.0,"key":"SMITH"},{"floor":32.0,"key":"REST"},{"floor":40,"key":"REST"},{"floor":45,"key":"REST"},{"data":"Combust","floor":47,"key":"SMITH"},{"floor":49,"key":"REST"}],"circlet_count":0,"master_deck":["Strike_R","Strike_R","Strike_R","Strike_R","Strike_R","Defend_R","Defend_R","Defend_R","Defend_R","Bash+1","Cleave+1","Thunderclap","Twin Strike+1","Shockwave","Demon Form","Anger+1","Shrug It Off+1","Pommel Strike","Juggernaut","Shrug It Off","Pain","Clothesline","Armaments+1","Thunderclap","Apotheosis+1","True Grit","Sword Boomerang","Pommel Strike","Writhe","Thunderclap+1","Reaper","CurseOfTheBell","Whirlwind+1","Headbutt","Berserk","Inflame","Flame Barrier+1","Combust+1","Body Slam+1","Dropkick+1","Sword Boomerang+1"],"relics":["Burning Blood","InkBottle","Ancient Tea Set","Toy Ornithopter","Velvet Choker","WarpedTongs","Lee\u0027s Waffle","Self Forming Clay","Mummified Hand","Calling Bell","Bag of Preparation","Matryoshka","Calipers","Red Mask","Anchor","Molten Egg 2","Regal Pillow"],"acts_visited":["TheBeyond"],"potions_floor_usage":[38,44,48,48,50,50],"damage_taken":[{"damage":11.0,"enemies":"Jaw Worm","floor":1.0,"turns":2.0},{"damage":1.0,"enemies":"Cultist","floor":2.0,"turns":4.0},{"damage":6.0,"enemies":"2 Louse","floor":4.0,"turns":2.0},{"damage":18.0,"enemies":"Lots of Slimes","floor":5.0,"turns":4.0},{"damage":62.0,"enemies":"Lagavulin","floor":6.0,"turns":9.0},{"damage":9.0,"enemies":"Exordium Wildlife","floor":8.0,"turns":4.0},{"damage":10.0,"enemies":"Looter","floor":12.0,"turns":2.0},{"damage":0.0,"enemies":"Lots of Slimes","floor":14.0,"turns":1.0},{"damage":47.0,"enemies":"The Guardian","floor":16.0,"turns":7.0},{"damage":5.0,"enemies":"Chosen","floor":18.0,"turns":3.0},{"damage":29.0,"enemies":"Shell Parasite","floor":20.0,"turns":6.0},{"damage":24.0,"enemies":"3 Cultists","floor":21.0,"turns":5.0},{"damage":21.0,"enemies":"Shelled Parasite and Fungi","floor":27.0,"turns":5.0},{"damage":23.0,"enemies":"Cultist and Chosen","floor":28.0,"turns":4.0},{"damage":30.0,"enemies":"Snecko","floor":30.0,"turns":5.0},{"damage":20.0,"enemies":"Champ","floor":33.0,"turns":9.0},{"damage":11,"enemies":"3 Shapes","floor":35,"turns":5},{"damage":30,"enemies":"3 Darklings","floor":36,"turns":4},{"damage":38,"enemies":"4 Shapes","floor":37,"turns":7},{"damage":21,"enemies":"Sphere and 2 Shapes","floor":38,"turns":4},{"damage":31,"enemies":"Spire Growth","floor":39,"turns":5},{"damage":30,"enemies":"Jaw Worm Horde","floor":41,"turns":4},{"damage":14,"enemies":"Transient","floor":44,"turns":5},{"damage":2,"enemies":"Spire Growth","floor":46,"turns":3},{"damage":46,"enemies":"Giant Head","floor":48,"turns":7},{"damage":115,"enemies":"Time Eater","floor":50,"turns":11}],"seed_played":"6487650330202597419","potions_obtained":[{"floor":1.0,"key":"Block Potion"},{"floor":4.0,"key":"PowerPotion"},{"floor":8.0,"key":"DistilledChaos"},{"floor":12.0,"key":"EntropicBrew"},{"floor":14.0,"key":"Explosive Potion"},{"floor":20.0,"key":"SteroidPotion"},{"floor":27.0,"key":"CultistPotion"},{"floor":38,"key":"Strength Potion"},{"floor":41,"key":"Fire Potion"},{"floor":44,"key":"AttackPotion"},{"floor":48,"key":"LiquidMemories"}],"is_trial":false,"path_per_floor":["M","M","?","M","M","E","R","M","T","R","?","M","R","M","R","B",null,"M","?","M","M","$","R","$","R","T","M","M","?","M","?","R","B",null,"M","M","M","M","M","R","M","?","T","M","R","M","R","E","R","B"],"character_chosen":"IRONCLAD","items_purchased":["Thunderclap","Lee\u0027s Waffle","Apotheosis","True Grit"],"campfire_rested":7,"item_purchase_floors":[22,22,22,24],"current_hp_per_floor":[75,80,80,80,68,12,36,33,33,57,57,53,53,59,80,59,80,80,80,57,39,87,87,87,87,87,72,55,55,31,31,57,43,87,82,87,65,55,40,66,50,50,50,47,73,77,77,51,87,0,0],"gold":69,"neow_bonus":"","is_daily":false,"chose_seed":false,"campfire_upgraded":4,"win_rate":0.0,"timestamp":1612140416,"path_taken":["M","M","?","M","?","E","R","?","T","R","?","M","R","M","R","BOSS","M","?","M","M","$","R","$","R","T","?","M","?","M","?","R","BOSS","M","M","?","M","M","R","M","?","T","M","R","M","R","E","R","BOSS"],"items_purchased_type":["Card","Relic","Card","Card"],"build_version":"2020-12-13","purchased_purges":0,"victory":false,"max_hp_per_floor":[80,80,80,80,80,80,80,80,80,80,80,80,80,80,80,80,80,80,80,80,80,87,87,87,87,87,87,87,87,87,87,87,87,87,87,87,87,87,87,87,87,87,87,87,87,87,87,87,87,87,87],"card_choices":[{"not_picked":["Ghostly Armor","Dropkick"],"picked":"Cleave","floor":1.0},{"not_picked":["Pummel","True Grit"],"picked":"Thunderclap","floor":2.0},{"not_picked":["Intimidate","Flex"],"picked":"Twin Strike","floor":4.0},{"not_picked":["Thunderclap","Carnage"],"picked":"Shockwave","floor":5.0},{"not_picked":["Cleave","Body Slam"],"picked":"Demon Form","floor":6.0},{"not_picked":["Armaments","Searing Blow"],"picked":"Anger","floor":8.0},{"not_picked":["Perfected Strike","Flame Barrier"],"picked":"Shrug It Off","floor":12.0},{"not_picked":["Anger","Pummel"],"picked":"Pommel Strike","floor":14.0},{"not_picked":["Demon Form","Offering"],"picked":"Juggernaut","floor":16.0},{"not_picked":["Sever Soul","Twin Strike"],"picked":"Shrug It Off","floor":18.0},{"not_picked":["Warcry+1","Burning Pact"],"picked":"Clothesline","floor":20.0},{"not_picked":["Clash+1","Pommel Strike"],"picked":"Armaments+1","floor":21.0},{"not_picked":["Ghostly Armor","Rampage"],"picked":"Sword Boomerang","floor":27.0},{"not_picked":["Body Slam","Twin Strike"],"picked":"Pommel Strike","floor":28.0},{"not_picked":["Armaments","Carnage"],"picked":"Thunderclap+1","floor":30.0},{"not_picked":["Corruption","Brutality"],"picked":"Reaper","floor":33.0},{"not_picked":["Heavy Blade+1","Headbutt"],"picked":"Whirlwind+1","floor":35},{"not_picked":["Thunderclap+1","Whirlwind+1"],"picked":"Headbutt","floor":36},{"not_picked":["Thunderclap+1","Headbutt"],"picked":"Berserk","floor":37},{"not_picked":["Anger+1","True Grit+1"],"picked":"Inflame","floor":38},{"not_picked":["Burning Pact+1","Perfected Strike"],"picked":"Flame Barrier+1","floor":39},{"not_picked":["Flex+1","Clash+1"],"picked":"Combust","floor":41},{"not_picked":["Clash+1","Headbutt+1"],"picked":"Body Slam+1","floor":44},{"not_picked":["True Grit+1","Disarm+1"],"picked":"Dropkick+1","floor":46},{"not_picked":["Thunderclap+1","Anger+1"],"picked":"Sword Boomerang+1","floor":48}],"player_experience":45875,"relics_obtained":[{"floor":6.0,"key":"Ancient Tea Set"},{"floor":9.0,"key":"Toy Ornithopter"},{"floor":26.0,"key":"Self Forming Clay"},{"floor":34,"key":"Bag of Preparation"},{"floor":34,"key":"Matryoshka"},{"floor":34,"key":"Calipers"},{"floor":43,"key":"Anchor"},{"floor":43,"key":"Molten Egg 2"},{"floor":48,"key":"Regal Pillow"}],"event_choices":[{"damage_healed":0.0,"max_hp_gain":0.0,"max_hp_loss":0.0,"gold_gain":0.0,"event_name":"WeMeetAgain","player_choice":"Gave Potion","floor":3.0,"gold_loss":0.0,"damage_taken":0.0,"relics_obtained":["InkBottle"]},{"damage_healed":0.0,"max_hp_gain":0.0,"max_hp_loss":0.0,"gold_gain":0.0,"event_name":"Living Wall","player_choice":"Grow","floor":11.0,"gold_loss":0.0,"damage_taken":0.0,"cards_upgraded":["Twin Strike"]},{"damage_healed":0.0,"max_hp_gain":0.0,"max_hp_loss":0.0,"gold_gain":0.0,"event_name":"Accursed Blacksmith","player_choice":"Rummage","floor":19.0,"gold_loss":0.0,"damage_taken":0.0,"relics_obtained":["WarpedTongs"],"cards_obtained":["Pain"]},{"damage_healed":0.0,"max_hp_gain":0.0,"max_hp_loss":0.0,"gold_gain":0.0,"event_name":"The Mausoleum","player_choice":"Opened","floor":29.0,"gold_loss":0.0,"damage_taken":0.0,"relics_obtained":["Mummified Hand"],"cards_obtained":["Writhe"]},{"damage_healed":0.0,"max_hp_gain":0.0,"max_hp_loss":0.0,"gold_gain":0.0,"event_name":"Designer","player_choice":"Upgraded Two","floor":31.0,"gold_loss":40.0,"damage_taken":0.0,"cards_upgraded":["Bash","Anger"]},{"damage_healed":0,"gold_gain":0,"player_choice":"Paid","damage_taken":0,"relics_obtained":["Red Mask"],"max_hp_gain":0,"max_hp_loss":0,"event_name":"Tomb of Lord Red Mask","floor":42,"gold_loss":292}],"is_beta":false,"boss_relics":[{"not_picked":["Sozu","Mark of Pain"],"picked":"Velvet Choker"},{"not_picked":["Empty Cage","SacredBark"],"picked":"Calling Bell"}],"items_purged_floors":[],"is_endless":false,"potions_floor_spawned":[1,4,8,12,14,20,21,27,28,37,38,41,44,48],"killed_by":"Time Eater","ascension_level":0}}