{"host":"h77azxdx0evtsxw5","time":1612202763,"event":{"mods":["AchievementEnabler","BaseMod","Better Vampires","Minty Spire (QoL Compilation)","Quick Restart","Rare Cards Sparkle","Relic Stats"],"gold_per_floor":[109,124,49,49,224,258,258,258,282,309,326,29,57,77,77,175,175,188,63,63,63,74,108,108,436,436,436,9,28,28,28,28,125,125,140,156,156,176,176,176,176],"floor_reached":40,"language":"ENG","playtime":2402,"items_purged":["Strike_R","Doubt","Strike_R","Strike_R"],"score":654,"play_id":"69869f73-9dbf-471f-af9b-0d4a921e09ed","local_time":"20210201130603","is_ascension_mode":true,"campfire_choices":[{"data":"Immolate","floor":7.0,"key":"SMITH"},{"data":"Rupture","floor":15.0,"key":"SMITH"},{"data":"Offering","floor":24.0,"key":"SMITH"},{"data":"Seeing Red","floor":30.0,"key":"SMITH"},{"data":"Flex","floor":32.0,"key":"SMITH"}],"circlet_count":0,"master_deck":["Strike_R","Strike_R","Defend_R","Defend_R","Defend_R","Bash","Immolate+1","Rupture+1","Offering+1","Flex+1","Entrench+1","Seeing Red+1"],"relics":["Black Blood","Self Forming Clay","Centennial Puzzle","Bag of Marbles","MealTicket","Strawberry","Pear","Busted Crown","MutagenicStrength","Art of War","Old Coin","Spirit Poop","Lee\u0027s Waffle","Blue Candle"],"acts_visited":["Exordium","TheCity","TheBeyond"],"potions_floor_usage":[40],"damage_taken":[{"damage":3.0,"enemies":"Cultist","floor":1.0,"turns":3.0},{"damage":2.0,"enemies":"Small Slimes","floor":2.0,"turns":2.0},{"damage":33.0,"enemies":"3 Sentries","floor":6.0,"turns":6.0},{"damage":8.0,"enemies":"Gremlin Nob","floor":10.0,"turns":2.0},{"damage":1.0,"enemies":"2 Louse","floor":11.0,"turns":2.0},{"damage":20.0,"enemies":"Lagavulin","floor":13.0,"turns":3.0},{"damage":10.0,"enemies":"Red Slaver","floor":14.0,"turns":2.0},{"damage":59.0,"enemies":"Hexaghost","floor":16.0,"turns":8.0},{"damage":11.0,"enemies":"2 Thieves","floor":18.0,"turns":2.0},{"damage":15.0,"enemies":"Shell Parasite","floor":22.0,"turns":2.0},{"damage":20.0,"enemies":"Slavers","floor":23.0,"turns":4.0},{"damage":43.0,"enemies":"Gremlin Leader","floor":25.0,"turns":6.0},{"damage":26.0,"enemies":"Shelled Parasite and Fungi","floor":29.0,"turns":2.0},{"damage":82.0,"enemies":"Collector","floor":33.0,"turns":7.0},{"damage":25.0,"enemies":"Orb Walker","floor":35.0,"turns":3.0},{"damage":13.0,"enemies":"3 Shapes","floor":36.0,"turns":3.0},{"damage":6.0,"enemies":"Jaw Worm Horde","floor":38.0,"turns":2.0},{"damage":91,"enemies":"Giant Head","floor":40,"turns":6}],"seed_played":"-7540232570943682570","potions_obtained":[{"floor":2.0,"key":"DistilledChaos"},{"floor":14.0,"key":"BlessingOfTheForge"},{"floor":21.0,"key":"CultistPotion"},{"floor":21.0,"key":"PowerPotion"},{"floor":33.0,"key":"AttackPotion"},{"floor":38.0,"key":"SpeedPotion"}],"is_trial":false,"path_per_floor":["M","M","$","T","?","E","R","?","T","E","M","$","E","M","R","B",null,"M","$","?","?","M","E","R","E","T","?","$","M","R","$","R","B",null,"M","M","T","M","?","E"],"character_chosen":"IRONCLAD","items_purchased":["Strawberry","BlessingOfTheForge","Lee\u0027s Waffle","Seeing Red","SkillPotion"],"campfire_rested":0,"item_purchase_floors":[12,12,28,28,28],"current_hp_per_floor":[75,79,79,79,79,52,52,52,52,50,55,77,73,69,69,16,77,72,87,87,87,78,64,64,27,27,27,104,84,84,99,99,23,84,71,70,70,76,76,0,0],"gold":176,"neow_bonus":"THREE_RARE_CARDS","is_daily":false,"chose_seed":false,"campfire_upgraded":5,"win_rate":0.0,"timestamp":1612202763,"path_taken":["M","M","$","?","?","E","R","?","T","E","M","$","E","?","R","BOSS","M","$","?","?","?","E","R","E","T","?","$","M","R","?","R","BOSS","M","M","?","M","?","E"],"items_purchased_type":["Relic","Potion","Relic","Card","Potion"],"build_version":"2020-12-22","purchased_purges":4,"victory":false,"max_hp_per_floor":[80,80,80,80,80,80,80,80,80,80,80,87,97,97,97,97,97,97,97,97,97,97,97,97,97,97,97,104,104,104,104,104,104,104,104,104,104,104,104,104,104],"relic_stats":{"Centennial Puzzle":[45],"Lee\u0027s Waffle":62,"Busted Crown":18,"counters":[18,65],"Self Forming Clay":[147],"Blue Candle":[0],"Black Blood":120,"MealTicket":60,"Art of War":[1],"obtain_stats":[{"Lee\u0027s Waffle":28,"Pear":13,"Self Forming Clay":4,"Blue Candle":37,"Spirit Poop":27,"Black Blood":34,"Burning Blood":0,"Old Coin":25,"Centennial Puzzle":6,"Busted Crown":17,"Strawberry":12,"MutagenicStrength":20,"MealTicket":10,"Bag of Marbles":9,"Art of War":23},{"Lee\u0027s Waffle":12,"Pear":6,"Self Forming Clay":2,"Blue Candle":16,"Spirit Poop":12,"Black Blood":14,"Burning Blood":0,"Old Coin":12,"Centennial Puzzle":3,"Busted Crown":8,"Strawberry":5,"MutagenicStrength":9,"MealTicket":4,"Bag of Marbles":3,"Art of War":11},{"Lee\u0027s Waffle":42,"Pear":18,"Self Forming Clay":5,"Blue Candle":57,"Spirit Poop":42,"Black Blood":51,"Burning Blood":0,"Old Coin":42,"Centennial Puzzle":11,"Busted Crown":28,"Strawberry":15,"MutagenicStrength":30,"MealTicket":13,"Bag of Marbles":11,"Art of War":36}]},"card_choices":[{"not_picked":["Barricade","Feed"],"picked":"Immolate","floor":0.0},{"not_picked":["Hemokinesis","Clothesline"],"picked":"Rupture","floor":1.0},{"not_picked":["Spot Weakness","Body Slam","Clash"],"picked":"SKIP","floor":2.0},{"not_picked":["Armaments","Whirlwind","Sword Boomerang"],"picked":"SKIP","floor":6.0},{"not_picked":["Body Slam","Twin Strike"],"picked":"Flex","floor":10.0},{"not_picked":["Sentinel","Headbutt","Body Slam"],"picked":"SKIP","floor":11.0},{"not_picked":["Twin Strike","Seeing Red","Spot Weakness"],"picked":"SKIP","floor":13.0},{"not_picked":["Armaments","Blood for Blood","Warcry"],"picked":"SKIP","floor":14.0},{"not_picked":["Perfected Strike"],"picked":"SKIP","floor":18.0},{"not_picked":[],"picked":"Entrench+1","floor":22.0},{"not_picked":["Thunderclap"],"picked":"SKIP","floor":23.0},{"not_picked":["Sword Boomerang"],"picked":"SKIP","floor":25.0},{"not_picked":["Pummel+1"],"picked":"SKIP","floor":29.0},{"not_picked":["Shrug It Off"],"picked":"SKIP","floor":35.0},{"not_picked":["Pummel"],"picked":"SKIP","floor":36.0},{"not_picked":["Heavy Blade+1"],"picked":"SKIP","floor":38.0}],"player_experience":283986,"relics_obtained":[{"floor":4.0,"key":"Self Forming Clay"},{"floor":6.0,"key":"Centennial Puzzle"},{"floor":9.0,"key":"Bag of Marbles"},{"floor":10.0,"key":"MealTicket"},{"floor":13.0,"key":"Pear"},{"floor":23.0,"key":"Art of War"},{"floor":25.0,"key":"Old Coin"},{"floor":37.0,"key":"Blue Candle"}],"event_choices":[{"damage_healed":0.0,"max_hp_gain":0.0,"max_hp_loss":0.0,"gold_gain":175.0,"event_name":"Liars Game","player_choice":"AGREE","floor":5.0,"gold_loss":0.0,"damage_taken":0.0,"cards_obtained":["Doubt"]},{"damage_healed":0.0,"max_hp_gain":0.0,"max_hp_loss":0.0,"gold_gain":0.0,"event_name":"Match and Keep!","player_choice":"1 cards matched","floor":8.0,"gold_loss":0.0,"damage_taken":0.0,"cards_obtained":["Offering"]},{"damage_healed":0.0,"max_hp_gain":0.0,"max_hp_loss":0.0,"gold_gain":0.0,"event_name":"Drug Dealer","player_choice":"Inject Mutagens","floor":20.0,"gold_loss":0.0,"damage_taken":0.0,"relics_obtained":["MutagenicStrength"]},{"damage_healed":0.0,"max_hp_gain":0.0,"max_hp_loss":0.0,"gold_gain":0.0,"event_name":"Lab","player_choice":"Got Potions","floor":21.0,"gold_loss":0.0,"damage_taken":0.0},{"cards_removed":["Decay"],"damage_healed":0.0,"max_hp_gain":0.0,"max_hp_loss":0.0,"gold_gain":0.0,"event_name":"Bonfire Elementals","player_choice":"Offered Curse","floor":27.0,"gold_loss":0.0,"damage_taken":0.0,"relics_obtained":["Spirit Poop"]},{"cards_removed":["Defend_R"],"damage_healed":0.0,"max_hp_gain":0.0,"max_hp_loss":0.0,"gold_gain":0.0,"event_name":"Falling","player_choice":"Removed Skill","floor":39.0,"gold_loss":0.0,"damage_taken":0.0}],"is_beta":false,"boss_relics":[{"not_picked":["Runic Dome","Philosopher\u0027s Stone"],"picked":"Busted Crown"},{"not_picked":["Pandora\u0027s Box","SlaversCollar"],"picked":"Black Blood"}],"items_purged_floors":[3,12,19,28],"is_endless":false,"potions_floor_spawned":[2,14,29,33,38],"killed_by":"Giant Head","ascension_level":6}}