{"host":"vca5odlxycr7xk6d","time":1612184976,"event":{"mods":["Act Like it!","Arknights","BaseMod","Better Note","BetterRewards","Gensokyo","GungeonMod","Hermit","Hubris","Infinite Spire","Marisa????????","Minty Spire (QoL Compilation)","Morshu Shopkeeper","Reimu??????","Replay The Spire","Shop Mod","Spire Arcade","StSLib","The Animator","The Cursed","The Fake Hero","The Poker Player"],"gold_per_floor":[119,119,132,132,147,174,194,194,194,226,226,226,226,226],"floor_reached":12,"language":"ENG","playtime":611,"items_purged":[],"score":113,"play_id":"ad6f5a69-68b3-48c1-9b5c-6c1577df5fe4","local_time":"20210201200936","is_ascension_mode":false,"metric_token":1426,"campfire_choices":[{"data":"PokerPlayerMod:TrumpStrike","floor":8,"key":"SMITH"},{"data":"PokerPlayerMod:DiamondStrike","floor":11,"key":"SMITH"}],"circlet_count":0,"master_deck":["PokerPlayerMod:Diamond1","PokerPlayerMod:Diamond2","PokerPlayerMod:Diamond3","PokerPlayerMod:Diamond4","PokerPlayerMod:Diamond5","PokerPlayerMod:Spade1","PokerPlayerMod:Spade2","PokerPlayerMod:Spade3","PokerPlayerMod:Spade4","PokerPlayerMod:Club1","PokerPlayerMod:Club2","PokerPlayerMod:Heart2","PokerPlayerMod:TrumpStrike+1","PokerPlayerMod:BadJoker","PokerPlayerMod:Club3","PokerPlayerMod:DiamondStrike+1","animator:Curse_Nutcracker","PokerPlayerMod:Club5","PokerPlayerMod:Extraction","PokerPlayerMod:Diamond2","PokerPlayerMod:Heart2"],"relics":["PokerPlayerMod:DeckCase","Vajra","hubris:DisguiseKit","PokerPlayerMod:CoolBox","DemoMod:MemoryAlloy","PokerPlayerMod:FairLicense"],"acts_visited":["Exordium"],"potions_floor_usage":[6,10],"damage_taken":[{"damage":5,"enemies":"Jaw Worm","floor":1,"turns":3},{"damage":0,"enemies":"Cultist","floor":3,"turns":2},{"damage":0,"enemies":"2 Louse","floor":5,"turns":1},{"damage":0,"enemies":"Gremlin Nob","floor":6,"turns":2},{"damage":14,"enemies":"Exordium Thugs","floor":7,"turns":3},{"damage":19,"enemies":"3 Sentries","floor":10,"turns":5},{"damage":32,"enemies":"Gremlin Nob","floor":12,"turns":4}],"seed_played":"6513395372013336096","potions_obtained":[{"floor":5,"key":"SteroidPotion"},{"floor":7,"key":"SkillPotion"}],"is_trial":false,"path_per_floor":["M","?","M","?","M","E","M","R","T","E","R","E"],"character_chosen":"THE_POKER_PLAYER","items_purchased":[],"campfire_rested":0,"item_purchase_floors":[],"current_hp_per_floor":[47,47,47,47,47,51,37,37,37,20,20,0,0,0],"gold":226,"neow_bonus":"RANDOM_COMMON_RELIC","is_daily":false,"chose_seed":false,"campfire_upgraded":2,"win_rate":0.0,"timestamp":1612184976,"path_taken":["M","?","?","?","M","E","M","R","T","E","R","E"],"items_purchased_type":[],"build_version":"2020-12-22","purchased_purges":0,"victory":false,"max_hp_per_floor":[52,52,52,52,52,52,52,52,52,52,52,52,52,52],"card_choices":[{"not_picked":["PokerPlayerMod:Spade1","PokerPlayerMod:Club2"],"picked":"PokerPlayerMod:Club3","floor":1},{"not_picked":["PokerPlayerMod:Club1","PokerPlayerMod:Spade3"],"picked":"PokerPlayerMod:DiamondStrike","floor":3},{"not_picked":["PokerPlayerMod:Fold","PokerPlayerMod:Configure","ats:Consecutive Shot Auto"],"picked":"PokerPlayerMod:Club5","floor":5},{"not_picked":["PokerPlayerMod:Spade2","PokerPlayerMod:Club1","ats:Guard Mode"],"picked":"PokerPlayerMod:Extraction","floor":6},{"not_picked":["PokerPlayerMod:Fold","PokerPlayerMod:Spade2","ats:Poison Spread"],"picked":"PokerPlayerMod:Diamond2","floor":7},{"not_picked":["PokerPlayerMod:Diamond3","PokerPlayerMod:Spade4","ats:Guard Mode"],"picked":"PokerPlayerMod:Heart2","floor":10}],"player_experience":538965,"relics_obtained":[{"floor":6,"key":"PokerPlayerMod:CoolBox"},{"floor":9,"key":"DemoMod:MemoryAlloy"},{"floor":10,"key":"PokerPlayerMod:FairLicense"}],"event_choices":[{"cards_removed":["PokerPlayerMod:Mulligan"],"damage_healed":0,"gold_gain":0,"player_choice":"Purged","damage_taken":0,"max_hp_gain":0,"max_hp_loss":0,"event_name":"Purifier","floor":2,"gold_loss":0}],"is_beta":false,"boss_relics":[],"items_purged_floors":[],"is_endless":false,"potions_floor_spawned":[5,7],"killed_by":"Gremlin Nob","ascension_level":0}}