{"host":"y0avvqzsetgmdwfn","time":1612163811,"event":{"mods":["AchievementEnabler","BaseMod","Better Third Choice","Downfall","Minty Spire (QoL Compilation)","Red Circlet Mod","Reliquary","Replay The Spire","Spicy Shops","StSLib"],"gold_per_floor":[99,99,99,199,199,209,209,219,494,505,533,552,552,569,584,584,584,584],"floor_reached":16,"language":"ENG","playtime":694,"items_purged":[],"score":112,"play_id":"e9239a7a-871d-464f-984a-3eb0f13add8b","local_time":"20210201151651","is_ascension_mode":true,"campfire_choices":[{"floor":1.0,"key":"DIG"},{"data":"champ:StanceDance","floor":13,"key":"SMITH"}],"circlet_count":0,"master_deck":["champ:Strike","champ:Strike","champ:Strike","champ:Strike","champ:Defend","champ:Defend","champ:Defend","champ:Defend","champ:Execute","champ:Taunt","champ:EndlessRage","champ:ArenaPreparation","champ:StanceDance+1","champ:EnchantCrown","champ:Endure","Regret","champ:RecklessLeap","champ:EnragedBash","champ:Duel","champ:SkillfulDodge","champ:ShieldSigil"],"relics":["downfall:HeartsMalice","Vajra","Champion Belt","m_IronCrown","Blue Candle"],"acts_visited":["Exordium"],"potions_floor_usage":[10,11,16,16],"damage_taken":[{"damage":0.0,"enemies":"2 Louse","floor":2.0,"turns":1.0},{"damage":0.0,"enemies":"Small Slimes","floor":3.0,"turns":1.0},{"damage":0.0,"enemies":"Small Slimes","floor":4.0,"turns":1.0},{"damage":25.0,"enemies":"Cultist","floor":6.0,"turns":3.0},{"damage":23.0,"enemies":"3 Louse","floor":8.0,"turns":4.0},{"damage":60,"enemies":"Large Slime","floor":10,"turns":7},{"damage":55,"enemies":"Gremlin Nob","floor":11,"turns":4},{"damage":34,"enemies":"Blue Slaver","floor":12,"turns":4},{"damage":77,"enemies":"Lots of Slimes","floor":14,"turns":5},{"damage":33,"enemies":"3 Louse","floor":15,"turns":4},{"damage":92,"enemies":"DF_ARCHETYPE_STREAMLINE","floor":16,"turns":6}],"seed_played":"-8715638320606317138","potions_obtained":[{"floor":6.0,"key":"DuplicationPotion"},{"floor":10,"key":"champ:OpenerPotion"},{"floor":11,"key":"Languid Potion"},{"floor":12,"key":"Venom Potion"},{"floor":14,"key":"LifebloodPotion"}],"is_trial":false,"path_per_floor":["R","M","M","?","?","M","T","M","?","M","E","M","R","M","M","B"],"character_chosen":"THE_CHAMP","items_purchased":[],"campfire_rested":0,"item_purchase_floors":[],"current_hp_per_floor":[90,90,90,90,90,90,90,88,88,89,80,82,82,46,49,0,0,0],"gold":584,"neow_bonus":"THREE_ENEMY_KILL","is_daily":false,"chose_seed":false,"campfire_upgraded":1,"win_rate":0.0,"timestamp":1612163811,"path_taken":["R","M","M","?","?","M","T","M","?","?","E","M","R","M","M","BOSS"],"items_purchased_type":[],"build_version":"2020-12-22","purchased_purges":0,"victory":false,"max_hp_per_floor":[90,90,90,90,90,90,90,90,90,90,90,90,90,90,90,90,90,90],"card_choices":[{"not_picked":["champ:GutPunch","champ:BerserkersShout"],"picked":"champ:EndlessRage","floor":2.0},{"not_picked":["champ:CrownThrow","champ:FlashCut"],"picked":"champ:ArenaPreparation","floor":3.0},{"not_picked":["champ:CrownThrow","champ:BerserkersShout"],"picked":"champ:StanceDance","floor":4.0},{"not_picked":["champ:FocusedBerserking","champ:CrownThrow"],"picked":"champ:EnchantCrown","floor":6.0},{"not_picked":["champ:Haymaker","champ:ArenaPreparation"],"picked":"champ:Endure","floor":8.0},{"not_picked":["champ:RapidStrikes","champ:ShieldSigil"],"picked":"champ:RecklessLeap","floor":10},{"not_picked":["champ:StanceDance","Twin Strike"],"picked":"champ:EnragedBash","floor":11},{"not_picked":["champ:TornadoPunch","champ:Haymaker"],"picked":"champ:Duel","floor":12},{"not_picked":["champ:Haymaker","champ:GutPunch"],"picked":"champ:SkillfulDodge","floor":14},{"not_picked":["Heavy Blade","champ:TornadoPunch"],"picked":"champ:ShieldSigil","floor":15}],"player_experience":2003615,"relics_obtained":[{"floor":1.0,"key":"Vajra"},{"floor":4.0,"key":"Champion Belt"},{"floor":11,"key":"Blue Candle"}],"event_choices":[],"is_beta":false,"boss_relics":[],"items_purged_floors":[],"is_endless":false,"potions_floor_spawned":[6,10,11,12,14],"killed_by":"DF_ARCHETYPE_STREAMLINE","ascension_level":2}}