{"host":"n605f8gctjc87d7h","time":1612163494,"event":{"mods":["Aspiration","Bard","BaseMod","Better Match","Better Note","Better Skull","Better Third Choice","Conspire","Downfall","Halation","Hermit","Infinite Spire","Minty Spire (QoL Compilation)","Replay The Spire","Retaliation","Shade Mod","Spicy Shops","StSLib","The IronCluck","The Jungle"],"gold_per_floor":[117,17,58,58,58,118,148,177,256,274,176,176,176,235,235,264,264],"floor_reached":16,"language":"ENG","playtime":1091,"items_purged":["Voices"],"score":187,"play_id":"27e48660-0508-44e6-adf0-f0a38008b5bd","local_time":"20210131231134","is_ascension_mode":true,"campfire_choices":[{"floor":13,"key":"REST"},{"floor":15,"key":"REST"}],"circlet_count":0,"master_deck":["AscendersBane","Strike_R","Strike_R","Strike_R","Strike_R","Strike_R","Defend_R","Defend_R","Defend_R","Bash","Armaments+1","conspire:SpireCoStock","conspire:SpireCoStock","Havoc","Iron Wave","Evolve","Shrug It Off","DDmod:EasePowerCard"],"relics":["Burning Blood","Centennial Puzzle","Calipers","HornCleat","ReplayTheSpireMod:CursedCoin","Bag of Preparation"],"acts_visited":["Exordium"],"potions_floor_usage":[14,14],"damage_taken":[{"damage":1,"enemies":"Cultist","floor":1,"turns":4},{"damage":4,"enemies":"Small Slimes","floor":3,"turns":4},{"damage":19,"enemies":"Lagavulin","floor":6,"turns":10},{"damage":15,"enemies":"Jaw Worm","floor":7,"turns":4},{"damage":35,"enemies":"Gremlin Nob","floor":8,"turns":5},{"damage":9,"enemies":"Exordium Thugs","floor":10,"turns":5},{"damage":39,"enemies":"Gremlin Gang","floor":14,"turns":6},{"damage":55,"enemies":"Hexaghost","floor":16,"turns":14}],"seed_played":"9059740329740959455","potions_obtained":[{"floor":6,"key":"bronze:BurnAndBuffPotion"},{"floor":10,"key":"SkillPotion"}],"is_trial":false,"path_per_floor":["M","?","M","?","?","E","M","E","T","M","$","?","R","M","R","B"],"character_chosen":"IRONCLAD","items_purchased":["ReplayTheSpireMod:CursedCoin","DDmod:EasePowerCard","Bag of Preparation"],"campfire_rested":2,"item_purchase_floors":[11,11,11],"current_hp_per_floor":[80,80,82,82,82,69,60,31,31,28,28,20,44,23,47,0,0],"gold":264,"neow_bonus":"TEN_PERCENT_HP_BONUS","is_daily":false,"chose_seed":false,"campfire_upgraded":0,"win_rate":0.0,"timestamp":1612163494,"path_taken":["M","?","M","?","?","E","?","E","T","M","$","?","R","M","R","BOSS"],"items_purchased_type":["Relic","Card","Relic"],"build_version":"2020-12-22","purchased_purges":1,"victory":false,"max_hp_per_floor":[82,82,82,82,82,82,82,82,82,82,82,82,82,82,82,82,82],"card_choices":[{"not_picked":["ReplayTheSpireMod:LeadingStrike","Warcry"],"picked":"Armaments","floor":1},{"not_picked":["True Grit","Defy Death"],"picked":"Havoc","floor":3},{"not_picked":["Shrug It Off","Run Through"],"picked":"Iron Wave","floor":6},{"not_picked":["Replay:Many Hands","Anger","Thunderclap"],"picked":"SKIP","floor":7},{"not_picked":["Rupture","Abandon"],"picked":"Evolve","floor":8},{"not_picked":["Iron Wave","DDmod:SpikeMailSkill"],"picked":"Shrug It Off","floor":10},{"not_picked":["DDmod:CallousedSkill","Whirlwind","Flame Barrier"],"picked":"SKIP","floor":14}],"player_experience":795367,"relics_obtained":[{"floor":6,"key":"Centennial Puzzle"},{"floor":8,"key":"Calipers"},{"floor":9,"key":"HornCleat"}],"event_choices":[{"damage_healed":0,"gold_gain":0,"player_choice":"Invest 2","damage_taken":0,"max_hp_gain":0,"max_hp_loss":0,"event_name":"conspire:Investor","floor":2,"gold_loss":0},{"cards_removed":["Defend_R"],"damage_healed":0,"gold_gain":0,"player_choice":"Forget","damage_taken":0,"max_hp_gain":0,"max_hp_loss":0,"event_name":"Living Wall","floor":4,"gold_loss":0},{"damage_healed":0,"gold_gain":0,"player_choice":"Damaged","damage_taken":8,"max_hp_gain":0,"max_hp_loss":0,"event_name":"Wheel of Change","floor":12,"gold_loss":0}],"is_beta":false,"boss_relics":[],"items_purged_floors":[11],"is_endless":false,"potions_floor_spawned":[6,10],"killed_by":"Hexaghost","ascension_level":14}}