{"host":"wf1r1zhguvoo22rf","time":1612178591,"event":{"mods":["BaseMod","Colored Powertips","Minty Spire (QoL Compilation)","StSLib"],"gold_per_floor":[211,227,145,145,65,65,100,100,100,126,140,140,315,280,280,376,376,394,411,411,411,411,411,445,445,468,468,468],"floor_reached":27,"language":"ENG","playtime":1089,"items_purged":[],"score":259,"play_id":"27d90f9b-b7a4-47eb-bc10-a38ea200e6e6","local_time":"20210201132311","is_ascension_mode":true,"campfire_choices":[{"data":"Loop","floor":6,"key":"SMITH"},{"floor":8,"key":"REST"},{"floor":12,"key":"REST"},{"floor":15,"key":"REST"},{"floor":23,"key":"REST"},{"floor":25,"key":"REST"}],"circlet_count":0,"master_deck":["Strike_B","Strike_B","Strike_B","Strike_B","Defend_B","Defend_B","Defend_B","Defend_B","Zap","Dualcast","Redo","Static Discharge","Loop+1","Meteor Strike","Heatsinks","Capacitor","Double Energy","Sweeping Beam","Defragment","Static Discharge","Doubt","Sweeping Beam","Thunder Strike","Ball Lightning+1","Self Repair+1","Streamline","Go for the Eyes","Glacier+1"],"relics":["Cracked Core","Question Card","Dream Catcher","Darkstone Periapt","SlaversCollar","Ginger","Bag of Preparation"],"acts_visited":["Exordium","TheCity"],"potions_floor_usage":[10,19,24],"damage_taken":[{"damage":7,"enemies":"Small Slimes","floor":1,"turns":3},{"damage":1,"enemies":"Cultist","floor":2,"turns":3},{"damage":39,"enemies":"3 Sentries","floor":7,"turns":5},{"damage":36,"enemies":"Gremlin Nob","floor":10,"turns":5},{"damage":7,"enemies":"2 Louse","floor":11,"turns":2},{"damage":35,"enemies":"Slime Boss","floor":16,"turns":8},{"damage":41,"enemies":"Spheric Guardian","floor":18,"turns":5},{"damage":35,"enemies":"Shell Parasite","floor":19,"turns":3},{"damage":48,"enemies":"Book of Stabbing","floor":24,"turns":4},{"damage":66,"enemies":"Slavers","floor":27,"turns":3}],"seed_played":"-1308739439356933573","potions_obtained":[{"floor":7,"key":"Block Potion"},{"floor":11,"key":"Fire Potion"},{"floor":16,"key":"PotionOfCapacity"},{"floor":18,"key":"SkillPotion"}],"is_trial":false,"path_per_floor":["M","M","$","?","$","R","E","R","T","E","M","R","?","?","R","B",null,"M","M","?","?","?","R","E","R","T","E"],"character_chosen":"DEFECT","items_purchased":["Loop","Capacitor"],"campfire_rested":5,"item_purchase_floors":[3,5],"current_hp_per_floor":[68,67,67,67,67,67,28,50,50,14,7,29,35,55,79,44,81,40,5,11,40,40,66,28,54,54,0,0],"gold":468,"neow_bonus":"HUNDRED_GOLD","is_daily":false,"chose_seed":false,"campfire_upgraded":1,"win_rate":0.0,"timestamp":1612178591,"path_taken":["M","M","$","?","?","R","E","R","T","E","M","R","?","?","R","BOSS","M","M","?","?","?","R","E","R","T","E"],"items_purchased_type":["Card","Card"],"build_version":"2020-12-22","purchased_purges":0,"victory":false,"max_hp_per_floor":[75,75,75,75,75,75,75,75,75,75,75,75,81,81,81,81,81,81,81,87,87,87,87,87,87,87,87,87],"card_choices":[{"not_picked":["Conserve Battery","Skim"],"picked":"Redo","floor":1},{"not_picked":["Cold Snap","Redo"],"picked":"Static Discharge","floor":2},{"not_picked":["Gash","Reprogram"],"picked":"Double Energy","floor":7},{"not_picked":["Meteor Strike","Streamline","Force Field"],"picked":"Sweeping Beam","floor":10},{"not_picked":["Stack","Barrage","Gash"],"picked":"Defragment","floor":11},{"not_picked":["BootSequence","Rebound","White Noise"],"picked":"Static Discharge","floor":12},{"not_picked":["Conserve Battery","Genetic Algorithm","Beam Cell"],"picked":"Sweeping Beam","floor":15},{"not_picked":["Fission","Core Surge","All For One"],"picked":"Thunder Strike","floor":16},{"not_picked":["Coolheaded","Beam Cell+1","Chaos"],"picked":"Ball Lightning+1","floor":18},{"not_picked":["Hologram","Go for the Eyes","Redo"],"picked":"Self Repair+1","floor":19},{"not_picked":["Conserve Battery","Sweeping Beam","Chaos"],"picked":"Streamline","floor":23},{"not_picked":["Multi-Cast","Rebound","Barrage"],"picked":"Go for the Eyes","floor":24},{"not_picked":["Beam Cell","Skim","Ball Lightning+1"],"picked":"Glacier+1","floor":25}],"player_experience":219388,"relics_obtained":[{"floor":7,"key":"Question Card"},{"floor":9,"key":"Dream Catcher"},{"floor":10,"key":"Darkstone Periapt"},{"floor":24,"key":"Ginger"},{"floor":26,"key":"Bag of Preparation"}],"event_choices":[{"damage_healed":0,"gold_gain":0,"player_choice":"2 cards matched","damage_taken":0,"max_hp_gain":0,"max_hp_loss":0,"event_name":"Match and Keep!","floor":4,"gold_loss":0,"cards_obtained":["Meteor Strike","Heatsinks"]},{"damage_healed":0,"gold_gain":175,"player_choice":"AGREE","damage_taken":0,"max_hp_gain":0,"max_hp_loss":0,"event_name":"Liars Game","floor":13,"gold_loss":0,"cards_obtained":["Doubt"]},{"damage_healed":20,"gold_gain":0,"player_choice":"Healed","damage_taken":0,"max_hp_gain":0,"max_hp_loss":0,"event_name":"The Cleric","floor":14,"gold_loss":35},{"damage_healed":0,"gold_gain":0,"player_choice":"Smashed Altar","damage_taken":0,"max_hp_gain":0,"max_hp_loss":0,"event_name":"Forgotten Altar","floor":20,"gold_loss":0,"cards_obtained":["Decay"]},{"damage_healed":29,"gold_gain":0,"player_choice":"Heal","damage_taken":0,"max_hp_gain":0,"max_hp_loss":0,"event_name":"The Library","floor":21,"gold_loss":0},{"cards_removed":["Decay"],"damage_healed":0,"gold_gain":0,"player_choice":"Purged","damage_taken":0,"max_hp_gain":0,"max_hp_loss":0,"event_name":"Purifier","floor":22,"gold_loss":0}],"is_beta":false,"boss_relics":[{"not_picked":["Astrolabe","Empty Cage"],"picked":"SlaversCollar"}],"items_purged_floors":[],"is_endless":false,"potions_floor_spawned":[7,11,16,18],"killed_by":"Slavers","ascension_level":2}}