{"host":"flm17o2q7bfjyna6","time":1612202162,"event":{"mods":["2.2 Compatiblity","Act Like it!","BaseMod","Better Altar","Better Match","Better Note","Better Sensory Stone","Better Skull","Better Third Choice","Better Vampires","Colored Map","Colored Powertips","DeckTracker","Fox Events","Hermit","Minty Spire (QoL Compilation)","Quick Restart","Replay The Spire","Reworked Bosses","Spicy Shops","StSLib","Wandering Minibosses"],"gold_per_floor":[114,129,129,129,144,174,146,146,171,201,201,20,20,295,295,295,295],"floor_reached":16,"language":"ENG","playtime":534,"items_purged":[],"score":106,"play_id":"a609b5c1-6681-4db2-9c2b-875c37efe8b7","local_time":"20210201125602","daily_mods":["Chimera","Diverse","Night Terrors"],"is_ascension_mode":false,"campfire_choices":[{"data":"Eruption","floor":8,"key":"SMITH"},{"data":"JustLucky","floor":11,"key":"SMITH"},{"data":"hermit:Ricochet","floor":13,"key":"SMITH"},{"floor":15,"key":"REST"}],"circlet_count":0,"master_deck":["Bash","Survivor+1","Zap","Eruption+1","Strike_R","Strike_G","Strike_B","Defend_R","Defend_G+1","Defend_P","hermit:Gestalt","Steam","Languid","JustLucky+1","Sunder","Thunderclap","hermit:Ricochet+1","Regret"],"relics":["hermit:Momento","PrismaticShard","Mango","betterThird:SlimedRelic","Oddly Smooth Stone","Turnip","CaptainsWheel"],"acts_visited":["Exordium"],"potions_floor_usage":[6,6],"damage_taken":[{"damage":24,"enemies":"Jaw Worm","floor":1,"turns":5},{"damage":19,"enemies":"Small Slimes","floor":2,"turns":3},{"damage":0,"enemies":"Cultist","floor":5,"turns":3},{"damage":4,"enemies":"3 Sentries","floor":6,"turns":7},{"damage":1,"enemies":"Lagavulin","floor":10,"turns":5},{"damage":105,"enemies":"Fading Forest","floor":16,"turns":9}],"seed_played":"-6699970657251824518","potions_obtained":[{"floor":1,"key":"Block Potion"},{"floor":2,"key":"hermit:Eclipse"},{"floor":6,"key":"Doom Potion"}],"is_trial":false,"path_per_floor":["M","M","?","?","M","E","?","R","T","E","R","$","R","?","R","B"],"character_chosen":"HERMIT","items_purchased":["CaptainsWheel","hermit:Ricochet"],"campfire_rested":1,"item_purchase_floors":[12,12],"current_hp_per_floor":[51,32,32,17,17,27,16,16,16,15,15,15,15,15,84,0,0],"gold":295,"neow_bonus":"","is_daily":true,"chose_seed":false,"campfire_upgraded":3,"win_rate":0.0,"timestamp":1612202162,"path_taken":["M","M","?","?","M","E","?","R","T","E","R","$","R","?","R","BOSS"],"items_purchased_type":["Relic","Card"],"build_version":"2020-12-22","purchased_purges":0,"victory":false,"max_hp_per_floor":[75,75,75,75,75,89,89,89,89,89,89,89,89,89,84,84,84],"card_choices":[{"not_picked":["Distraction","PiercingWail"],"picked":"hermit:Gestalt","floor":1},{"not_picked":["Perfected Strike","Choke"],"picked":"Steam","floor":2},{"not_picked":["Sucker Punch","hermit:Misfire"],"picked":"JustLucky","floor":5},{"not_picked":["Cleave","hermit:TrackingShot"],"picked":"Sunder","floor":6},{"not_picked":["ThirdEye","hermit:HighCaliber"],"picked":"Thunderclap","floor":10}],"player_experience":1722661,"relics_obtained":[{"floor":6,"key":"Mango"},{"floor":9,"key":"Oddly Smooth Stone"},{"floor":10,"key":"Turnip"}],"event_choices":[{"damage_healed":32,"gold_gain":0,"player_choice":"Upgrade","damage_taken":15,"max_hp_gain":0,"max_hp_loss":75,"event_name":"betterThird:BetterShining","floor":4,"gold_loss":0,"cards_upgraded":["Defend_G","Survivor"]},{"damage_healed":0,"gold_gain":0,"player_choice":"Slimed","damage_taken":11,"max_hp_gain":0,"max_hp_loss":0,"event_name":"betterThird:BetterGoop","floor":7,"gold_loss":28},{"damage_healed":0,"gold_gain":275,"player_choice":"Desecrate","damage_taken":0,"max_hp_gain":0,"max_hp_loss":0,"event_name":"Golden Shrine","floor":14,"gold_loss":0,"cards_obtained":["Regret"]}],"is_beta":false,"boss_relics":[],"items_purged_floors":[],"is_endless":false,"potions_floor_spawned":[1,2,6],"killed_by":"Fading Forest","ascension_level":0}}