{"host":"nw4g04f085wnqcgt","time":1612157853,"event":{"mods":["AchievementEnabler","BaseMod","Colored Map","Colored Powertips","DeckTracker","Minty Spire (QoL Compilation)","Relic Sorter","SuperFastMode"],"gold_per_floor":[114,129,129,129,144,144,159,159,184,214,214,69,69,69,69,169,169,184,184,184,199,214,214,244,244,244,259,274,274,289,319,319,419,419,434,449,449,449,359,359,374,374,374,389,195,195,210,35,35,35],"floor_reached":51,"language":"ENG","playtime":3486,"items_purged":["Strike_R","Zap","Eruption"],"score":687,"play_id":"5d29844f-4f65-4808-b56a-7582d16b72dc","local_time":"20210201003733","daily_mods":["Chimera","ControlledChaos","Night Terrors"],"is_ascension_mode":false,"campfire_choices":[{"floor":6.0,"key":"DIG"},{"floor":8.0,"key":"DIG"},{"floor":11.0,"key":"DIG"},{"floor":13.0,"key":"DIG"},{"floor":15.0,"key":"DIG"},{"floor":23.0,"key":"DIG"},{"floor":25.0,"key":"REST"},{"data":"Havoc","floor":32.0,"key":"SMITH"},{"floor":40,"key":"DIG"},{"floor":42,"key":"DIG"},{"floor":49,"key":"DIG"}],"circlet_count":0,"master_deck":["Bash","Survivor","Defend_R","Defend_G+1","Defend_P","Havoc+1","Spot Weakness+1","Warcry","Havoc+1","Evolve","Headbutt+1","Burning Pact","Pommel Strike+1","Havoc+1","Immolate+1","Shrug It Off+1","Wild Strike+1","Warcry+1","Pommel Strike+1","Shrug It Off","Metallicize+1"],"relics":["Burning Blood","Frozen Eye","Shovel","Girya","Molten Egg 2","Orichalcum","Happy Flower","Lizard Tail","PreservedInsect","Oddly Smooth Stone","Cursed Key","Gambling Chip","Anchor","Unceasing Top","Letter Opener","Velvet Choker","Omamori","War Paint","Mercury Hourglass","InkBottle"],"acts_visited":["Exordium","TheCity","TheBeyond"],"potions_floor_usage":[36,38,50,50],"damage_taken":[{"damage":2.0,"enemies":"Jaw Worm","floor":1.0,"turns":3.0},{"damage":0.0,"enemies":"Small Slimes","floor":2.0,"turns":3.0},{"damage":0.0,"enemies":"Cultist","floor":5.0,"turns":3.0},{"damage":0.0,"enemies":"Looter","floor":7.0,"turns":2.0},{"damage":20.0,"enemies":"3 Sentries","floor":10.0,"turns":7.0},{"damage":37.0,"enemies":"Slime Boss","floor":16.0,"turns":5.0},{"damage":0.0,"enemies":"Chosen","floor":18.0,"turns":4.0},{"damage":46.0,"enemies":"3 Byrds","floor":21.0,"turns":5.0},{"damage":8.0,"enemies":"Snecko","floor":22.0,"turns":4.0},{"damage":39.0,"enemies":"Book of Stabbing","floor":24.0,"turns":5.0},{"damage":28.0,"enemies":"Snake Plant","floor":27.0,"turns":3.0},{"damage":12.0,"enemies":"3 Cultists","floor":28.0,"turns":4.0},{"damage":24.0,"enemies":"Centurion and Healer","floor":30.0,"turns":4.0},{"damage":0.0,"enemies":"Gremlin Leader","floor":31.0,"turns":4.0},{"damage":51.0,"enemies":"Collector","floor":33.0,"turns":8.0},{"damage":0,"enemies":"Orb Walker","floor":35,"turns":2},{"damage":1,"enemies":"3 Shapes","floor":36,"turns":2},{"damage":0,"enemies":"3 Darklings","floor":38,"turns":2},{"damage":13,"enemies":"Transient","floor":41,"turns":5},{"damage":72,"enemies":"Writhing Mass","floor":44,"turns":5},{"damage":0,"enemies":"Jaw Worm Horde","floor":47,"turns":2},{"damage":56,"enemies":"Donu and Deca","floor":50,"turns":12}],"seed_played":"-6699970657251824518","potions_obtained":[{"floor":1.0,"key":"Fire Potion"},{"floor":2.0,"key":"HeartOfIron"},{"floor":10.0,"key":"DistilledChaos"},{"floor":16.0,"key":"EssenceOfSteel"},{"floor":21.0,"key":"SkillPotion"},{"floor":27.0,"key":"EssenceOfSteel"},{"floor":28.0,"key":"SmokeBomb"},{"floor":31.0,"key":"Dexterity Potion"},{"floor":33.0,"key":"BloodPotion"},{"floor":35,"key":"SkillPotion"}],"is_trial":false,"path_per_floor":["M","M","?","?","M","R","M","R","T","E","R","$","R","$","R","B",null,"M","?","?","M","M","R","E","R","T","M","M","?","M","E","R","B",null,"M","M","?","M","?","R","M","R","T","M","$","?","M","$","R","B",null],"character_chosen":"IRONCLAD","items_purchased":["Evolve","Pommel Strike+1","Shrug It Off","Swift Potion"],"campfire_rested":1,"item_purchase_floors":[12,45,45,48],"current_hp_per_floor":[80,80,85,82,85,85,85,85,85,71,71,71,71,71,71,40,85,85,85,85,45,43,43,10,80,80,58,52,52,34,40,40,36,80,80,80,80,80,80,80,73,73,73,7,7,90,90,90,90,58],"gold":35,"neow_bonus":"","is_daily":true,"chose_seed":false,"campfire_upgraded":1,"win_rate":0.0,"timestamp":1612157853,"path_taken":["M","M","?","?","M","R","M","R","T","E","R","$","R","$","R","BOSS","M","?","?","M","?","R","E","R","T","M","M","?","M","E","R","BOSS","M","M","?","M","?","R","M","R","T","?","$","?","?","$","R","BOSS"],"items_purchased_type":["Card","Card","Card","Potion"],"build_version":"2020-12-22","purchased_purges":3,"victory":true,"max_hp_per_floor":[80,80,85,85,85,85,85,85,85,85,85,85,85,85,85,85,85,85,85,85,85,85,85,85,80,80,80,80,80,80,80,80,80,80,80,80,80,80,80,80,80,80,80,80,80,90,90,90,90,90],"card_choices":[{"not_picked":["Searing Blow","Intimidate"],"picked":"Havoc","floor":1.0},{"not_picked":["Flex","Clothesline"],"picked":"Spot Weakness","floor":2.0},{"not_picked":["Heavy Blade","Havoc"],"picked":"Warcry","floor":5.0},{"not_picked":["True Grit","Ghostly Armor"],"picked":"Havoc","floor":7.0},{"not_picked":["Warcry","Flex"],"picked":"Berserk","floor":10.0},{"not_picked":["Cleave+1","Blood for Blood+1","Thunderclap+1"],"picked":"SKIP","floor":18.0},{"not_picked":["Uppercut+1","Body Slam+1"],"picked":"Burning Pact","floor":21.0},{"not_picked":["Perfected Strike+1","True Grit","Clash+1"],"picked":"SKIP","floor":22.0},{"not_picked":["True Grit","Flame Barrier+1"],"picked":"Pommel Strike+1","floor":24.0},{"not_picked":["Body Slam+1","Burning Pact","Brutality"],"picked":"SKIP","floor":27.0},{"not_picked":["True Grit","Wild Strike+1"],"picked":"Havoc+1","floor":28.0},{"not_picked":["True Grit+1","Armaments","Body Slam+1"],"picked":"SKIP","floor":30.0},{"not_picked":["Sword Boomerang+1","Armaments","Seeing Red"],"picked":"SKIP","floor":31.0},{"not_picked":["Demon Form","Double Tap"],"picked":"Immolate+1","floor":33.0},{"not_picked":["Twin Strike+1","Havoc"],"picked":"Shrug It Off+1","floor":35},{"not_picked":["Rampage+1","Perfected Strike+1"],"picked":"Wild Strike+1","floor":36},{"not_picked":["Perfected Strike+1","Twin Strike+1","Armaments+1"],"picked":"SKIP","floor":41},{"not_picked":["Body Slam+1","Juggernaut"],"picked":"Warcry+1","floor":44},{"not_picked":["Anger+1","Thunderclap+1"],"picked":"Metallicize+1","floor":47}],"player_experience":388974,"relics_obtained":[{"floor":6.0,"key":"Girya"},{"floor":8.0,"key":"Molten Egg 2"},{"floor":9.0,"key":"Orichalcum"},{"floor":10.0,"key":"Happy Flower"},{"floor":11.0,"key":"Lizard Tail"},{"floor":13.0,"key":"PreservedInsect"},{"floor":15.0,"key":"Oddly Smooth Stone"},{"floor":23.0,"key":"Gambling Chip"},{"floor":24.0,"key":"Anchor"},{"floor":26.0,"key":"Unceasing Top"},{"floor":31.0,"key":"Letter Opener"},{"floor":40,"key":"Omamori"},{"floor":42,"key":"War Paint"},{"floor":43,"key":"Mercury Hourglass"},{"floor":49,"key":"InkBottle"}],"event_choices":[{"damage_healed":0.0,"max_hp_gain":5.0,"max_hp_loss":0.0,"gold_gain":0.0,"event_name":"Big Fish","player_choice":"Donut","floor":3.0,"gold_loss":0.0,"damage_taken":0.0},{"damage_healed":0.0,"max_hp_gain":0.0,"max_hp_loss":0.0,"gold_gain":0.0,"event_name":"Scrap Ooze","player_choice":"Success","floor":4.0,"gold_loss":0.0,"damage_taken":3.0,"relics_obtained":["Shovel"]},{"damage_healed":0.0,"max_hp_gain":0.0,"max_hp_loss":0.0,"gold_gain":0.0,"event_name":"Vampires","player_choice":"Ignored","floor":19.0,"gold_loss":0.0,"damage_taken":0.0},{"damage_healed":0.0,"max_hp_gain":0.0,"max_hp_loss":0.0,"gold_gain":0.0,"cards_transformed":["Strike_G"],"event_name":"Transmorgrifier","player_choice":"Transformed","floor":20.0,"gold_loss":0.0,"damage_taken":0.0,"cards_obtained":["Headbutt"]},{"cards_removed":["Injury"],"damage_healed":0.0,"max_hp_gain":0.0,"max_hp_loss":0.0,"gold_gain":0.0,"event_name":"Back to Basics","player_choice":"Elegance","floor":29.0,"gold_loss":0.0,"damage_taken":0.0},{"damage_healed":0,"gold_gain":0,"player_choice":"Memory 1","damage_taken":0,"max_hp_gain":0,"max_hp_loss":0,"event_name":"SensoryStone","floor":37,"gold_loss":0},{"cards_removed":["Strike_B"],"damage_healed":0,"gold_gain":0,"player_choice":"Upgrade and Remove","damage_taken":0,"max_hp_gain":0,"max_hp_loss":0,"event_name":"Designer","floor":39,"gold_loss":90,"cards_upgraded":["Defend_G"]},{"cards_removed":["Berserk"],"damage_healed":73,"gold_gain":0,"player_choice":"Offered Rare","damage_taken":0,"max_hp_gain":10,"max_hp_loss":0,"event_name":"Bonfire Elementals","floor":46,"gold_loss":0}],"is_beta":false,"boss_relics":[{"not_picked":["Snecko Eye","Runic Cube"],"picked":"Cursed Key"},{"not_picked":["Calling Bell","Fusion Hammer"],"picked":"Velvet Choker"}],"items_purged_floors":[12,45,48],"is_endless":false,"potions_floor_spawned":[1,2,10,16,21,27,28,31,33,35,38],"ascension_level":0}}