{"host":"y89x8uui45kcjy42","time":1612188998,"event":{"mods":["2.2 Compatiblity","BaseMod","CapriCore","Colored Map","Colored Powertips","Custom Start","Friendly Minions","Keyboard Shortcuts","Minty Spire (QoL Compilation)","Relic Stats","Slay the Relics Exporter","StSLib","SuperFastMode","Uncapped"],"gold_per_floor":[119,135,135,58,73,100,100,132,155,155,155,168,200,36,36,110,110,124,124,124,124,142,142,142,142,142,175,100,132,148,158,158,236,236,254,270,270,289,126,126,159,159,186,212,228,246,246,262,262,262,262,262,262,94,125,125,125],"floor_reached":56,"language":"KOR","playtime":1347,"items_purged":[],"score":2126,"play_id":"8198b3cc-6ecf-46ed-9454-760a2338fa38","local_time":"20210201231638","is_ascension_mode":true,"campfire_choices":[{"data":"Footwork","floor":7,"key":"SMITH"},{"data":"Neutralize","floor":10,"key":"SMITH"},{"data":"Adrenaline","floor":15,"key":"SMITH"},{"data":"Calculated Gamble","floor":23,"key":"SMITH"},{"data":"Catalyst","floor":32,"key":"SMITH"},{"data":"Tactician","floor":40,"key":"SMITH"},{"data":"Burst","floor":42,"key":"SMITH"},{"floor":47,"key":"RECALL"},{"data":"Blur","floor":49,"key":"SMITH"},{"floor":53,"key":"REST"}],"circlet_count":0,"master_deck":["Survivor","Neutralize+1","Bane+1","Deadly Poison+1","Poisoned Stab+1","Bouncing Flask+1","Catalyst+1","Crippling Poison+1","Noxious Fumes+1","Corpse Explosion+1","Envenom+1","Blur+1","PiercingWail","Footwork+1","Noxious Fumes","Adrenaline+1","Tactician+1","Calculated Gamble+1","Catalyst+1","Adrenaline","Prepared+1","Burst+1"],"relics":["Ring of the Serpent","Snake Skull","The Specimen","TwistedFunnel","Orichalcum","PreservedInsect","Strawberry","Bag of Marbles","Runic Dome","Question Card","Gremlin Horn","Shuriken","Medical Kit","Thread and Needle","Art of War","White Beast Statue","OrangePellets","Oddly Smooth Stone"],"acts_visited":["Exordium","TheCity","TheBeyond","TheEnding"],"potions_floor_usage":[16,56,56],"damage_taken":[{"damage":0,"enemies":"Jaw Worm","floor":1,"turns":1},{"damage":0,"enemies":"Cultist","floor":2,"turns":2},{"damage":0,"enemies":"Small Slimes","floor":5,"turns":1},{"damage":0,"enemies":"Lagavulin","floor":6,"turns":2},{"damage":1,"enemies":"3 Sentries","floor":8,"turns":3},{"damage":8,"enemies":"Red Slaver","floor":12,"turns":2},{"damage":2,"enemies":"Lagavulin","floor":13,"turns":3},{"damage":8,"enemies":"Hexaghost","floor":16,"turns":4},{"damage":7,"enemies":"Shell Parasite","floor":18,"turns":3},{"damage":3,"enemies":"Spheric Guardian","floor":22,"turns":3},{"damage":2,"enemies":"Book of Stabbing","floor":27,"turns":3},{"damage":0,"enemies":"Slavers","floor":29,"turns":2},{"damage":0,"enemies":"Chosen and Byrds","floor":30,"turns":3},{"damage":0,"enemies":"Cultist and Chosen","floor":31,"turns":2},{"damage":18,"enemies":"Champ","floor":33,"turns":4},{"damage":0,"enemies":"3 Shapes","floor":35,"turns":2},{"damage":0,"enemies":"3 Darklings","floor":36,"turns":1},{"damage":0,"enemies":"Spire Growth","floor":38,"turns":2},{"damage":0,"enemies":"Reptomancer","floor":41,"turns":2},{"damage":3,"enemies":"Giant Head","floor":44,"turns":2},{"damage":0,"enemies":"4 Shapes","floor":45,"turns":2},{"damage":0,"enemies":"Writhing Mass","floor":46,"turns":2},{"damage":0,"enemies":"Maw","floor":48,"turns":2},{"damage":36,"enemies":"Awakened One","floor":50,"turns":7},{"damage":14,"enemies":"Time Eater","floor":51,"turns":2},{"damage":0,"enemies":"Shield and Spear","floor":55,"turns":2},{"damage":75,"enemies":"The Heart","floor":56,"turns":2}],"seed_played":"-2277321178053780880","potions_obtained":[{"floor":8,"key":"SteroidPotion"},{"floor":12,"key":"Explosive Potion"},{"floor":13,"key":"SpeedPotion"},{"floor":20,"key":"Ancient Potion"},{"floor":33,"key":"LiquidBronze"},{"floor":44,"key":"PowerPotion"}],"is_trial":false,"path_per_floor":["M","M","?","$","M","E","R","E","T","R","$","M","E","$","R","B",null,"M","$","?","$","M","R","T","$","T","E","$","E","M","M","R","B",null,"M","M","?","M","$","R","E","R","T","E","M","M","R","M","R","B","B",null,"R","$","E","B"],"character_chosen":"THE_SILENT","items_purchased":["Footwork","Adrenaline","Catalyst","Medical Kit","OrangePellets"],"campfire_rested":1,"item_purchase_floors":[4,14,28,39,54],"current_hp_per_floor":[59,59,59,59,59,59,59,65,65,65,65,57,55,55,55,47,67,60,60,60,60,57,57,57,57,57,55,55,55,55,55,55,37,64,64,64,64,64,64,64,64,64,64,61,61,61,61,61,61,25,11,58,73,73,73,0,0],"gold":125,"neow_bonus":"RANDOM_COMMON_RELIC","is_daily":false,"chose_seed":false,"campfire_upgraded":8,"win_rate":0.0,"timestamp":1612188998,"path_taken":["M","M","?","?","M","E","R","E","T","R","?","M","E","$","R","BOSS","M","$","?","?","M","R","?","$","T","E","$","E","M","M","R","BOSS","M","M","?","M","$","R","E","R","T","E","M","?","R","M","R","BOSS","BOSS","R","$","E","BOSS"],"items_purchased_type":["Card","Card","Card","Relic","Relic"],"build_version":"2020-12-22","purchased_purges":0,"victory":false,"max_hp_per_floor":[66,66,66,66,66,66,66,73,73,73,73,73,73,73,73,73,73,73,73,73,73,73,73,73,73,73,73,73,73,73,73,73,73,73,73,73,73,73,73,73,73,73,73,73,73,73,73,73,73,73,73,73,73,73,73,73,73],"relic_stats":{"OrangePellets":[0],"Gremlin Horn":[8,8],"counters":[27,66],"Shuriken":[0],"Snake Skull":[293],"PreservedInsect":412,"Art of War":[7],"Orichalcum":[264],"Question Card":14,"Medical Kit":[9],"obtain_stats":[{"TwistedFunnel":0,"The Specimen":0,"Gremlin Horn":27,"Oddly Smooth Stone":55,"Thread and Needle":41,"Snake Skull":0,"PreservedInsect":6,"Orichalcum":0,"Question Card":26,"Medical Kit":39,"White Beast Statue":44,"Runic Dome":17,"OrangePellets":54,"Shuriken":29,"Strawberry":8,"Bag of Marbles":13,"Art of War":43,"Ring of the Serpent":34,"Ring of the Snake":0},{"TwistedFunnel":0,"The Specimen":0,"Gremlin Horn":11,"Oddly Smooth Stone":26,"Thread and Needle":19,"Snake Skull":0,"PreservedInsect":4,"Orichalcum":0,"Question Card":10,"Medical Kit":18,"White Beast Statue":20,"Runic Dome":8,"OrangePellets":25,"Shuriken":12,"Strawberry":5,"Bag of Marbles":7,"Art of War":19,"Ring of the Serpent":15,"Ring of the Snake":0},{"TwistedFunnel":0,"The Specimen":0,"Gremlin Horn":27,"Oddly Smooth Stone":64,"Thread and Needle":45,"Snake Skull":0,"PreservedInsect":6,"Orichalcum":0,"Question Card":24,"Medical Kit":43,"White Beast Statue":47,"Runic Dome":18,"OrangePellets":62,"Shuriken":29,"Strawberry":9,"Bag of Marbles":14,"Art of War":45,"Ring of the Serpent":38,"Ring of the Snake":0}]},"card_choices":[{"not_picked":["Dagger Throw","Bouncing Flask"],"picked":"Blur","floor":1},{"not_picked":["PiercingWail","Blade Dance","Quick Slash"],"picked":"SKIP","floor":2},{"not_picked":["Blade Dance","Quick Slash"],"picked":"PiercingWail","floor":2},{"not_picked":["Deflect","Finisher","Underhanded Strike"],"picked":"SKIP","floor":5},{"not_picked":["Concentrate","Deadly Poison","Acrobatics"],"picked":"SKIP","floor":6},{"not_picked":["Dagger Spray","Blur","Terror"],"picked":"SKIP","floor":8},{"not_picked":["Quick Slash","Well Laid Plans"],"picked":"Noxious Fumes","floor":12},{"not_picked":["Bane","Underhanded Strike","Dagger Throw"],"picked":"SKIP","floor":13},{"not_picked":["Choke","Flechettes"],"picked":"Tactician","floor":18},{"not_picked":["Crippling Poison","Footwork"],"picked":"Calculated Gamble","floor":22},{"not_picked":["Accuracy","Flying Knee","Sucker Punch","PiercingWail"],"picked":"SKIP","floor":27},{"not_picked":["Slice","Blade Dance+1","Backflip","Underhanded Strike"],"picked":"SKIP","floor":29},{"not_picked":["Outmaneuver","Setup","Backflip","Backstab"],"picked":"SKIP","floor":30},{"not_picked":["Backflip","Choke","Wraith Form v2","Finisher"],"picked":"SKIP","floor":31},{"not_picked":["Wraith Form v2","Storm of Steel","Die Die Die"],"picked":"Adrenaline","floor":33},{"not_picked":["Deadly Poison","Calculated Gamble+1","Quick Slash","Eviscerate"],"picked":"SKIP","floor":35},{"not_picked":["Dagger Throw+1","PiercingWail","Underhanded Strike","Leg Sweep"],"picked":"SKIP","floor":36},{"not_picked":["Bane","Blade Dance","Backstab","Prepared+1"],"picked":"SKIP","floor":38},{"not_picked":["Bane","Blade Dance","Backstab"],"picked":"Prepared+1","floor":38},{"not_picked":["All Out Attack","Masterful Stab","Flechettes"],"picked":"Burst","floor":41},{"not_picked":["PiercingWail+1","Catalyst","Endless Agony","Concentrate+1"],"picked":"SKIP","floor":44},{"not_picked":["Sucker Punch","Underhanded Strike","Bane","Outmaneuver"],"picked":"SKIP","floor":45},{"not_picked":["Sucker Punch","Deflect","Bane","Backflip"],"picked":"SKIP","floor":46},{"not_picked":["Sucker Punch","Deflect","Bane","Backflip"],"picked":"SKIP","floor":46},{"not_picked":["Catalyst","Unload","Quick Slash+1","Endless Agony"],"picked":"SKIP","floor":48},{"not_picked":["Underhanded Strike","Poisoned Stab","Envenom","Setup+1"],"picked":"SKIP","floor":55}],"player_experience":675523,"relics_obtained":[{"floor":6,"key":"PreservedInsect"},{"floor":8,"key":"Strawberry"},{"floor":13,"key":"Bag of Marbles"},{"floor":26,"key":"Question Card"},{"floor":27,"key":"Gremlin Horn"},{"floor":29,"key":"Shuriken"},{"floor":41,"key":"Thread and Needle"},{"floor":43,"key":"Art of War"},{"floor":44,"key":"White Beast Statue"},{"floor":55,"key":"Oddly Smooth Stone"}],"event_choices":[{"damage_healed":0,"gold_gain":0,"player_choice":"0 cards matched","damage_taken":0,"max_hp_gain":0,"max_hp_loss":0,"event_name":"Match and Keep!","floor":3,"gold_loss":0,"cards_obtained":[]},{"damage_healed":0,"gold_gain":0,"player_choice":"Got Potions","damage_taken":0,"max_hp_gain":0,"max_hp_loss":0,"event_name":"Lab","floor":20,"gold_loss":0},{"damage_healed":0,"gold_gain":0,"player_choice":"0 cards matched","damage_taken":0,"max_hp_gain":0,"max_hp_loss":0,"event_name":"Match and Keep!","floor":37,"gold_loss":0,"cards_obtained":[]}],"is_beta":false,"boss_relics":[{"not_picked":["Snecko Eye","Calling Bell"],"picked":"Runic Dome"},{"not_picked":["Fusion Hammer","Velvet Choker"],"picked":"Ring of the Serpent"}],"items_purged_floors":[],"is_endless":false,"potions_floor_spawned":[8,12,13,27,29,33,44,45,46,48,55],"killed_by":"The Heart","ascension_level":20}}