{"host":"2htk0ftrajbcnypf","time":1612180870,"event":{"mods":["AchievementEnabler","BaseMod","Better Note","Custom Start","Grow up Mod","Minty Spire (QoL Compilation)","Rare Cards Sparkle","Relic Filter Mod","Remove Card Discount Mod","Replay The Spire","StSLib","SuperFastMode"],"gold_per_floor":[115,115,131,148,323,323,333,344,371,405,421,421,421,437,437,538,538,554,554,572,129,146,146,160,171,196,226,226,246,272,222,222,325,325,344,619,639,651,198,198,225,237,237,287,287,307,320,139,139,139,139,139,139,167,167],"floor_reached":56,"language":"ZHS","playtime":1879,"items_purged":["Strike_R","Strike_R","Defend_R","Defend_R","Doubt","Defend_R","Bash","Strike_R","Strike_R","Strike_R","Defend_R","Regret","Dropkick","Anger","Thunderclap"],"score":1448,"play_id":"0962187a-250b-4c56-9a54-83572087e9bd","local_time":"20210201200110","is_ascension_mode":false,"campfire_choices":[{"floor":6,"key":"RECALL"},{"data":"1","floor":13,"key":"LIFT"},{"data":"2","floor":15,"key":"LIFT"},{"data":"3","floor":23,"key":"LIFT"},{"data":"Seeing Red","floor":28,"key":"SMITH"},{"data":"Rampage","floor":32,"key":"SMITH"},{"data":"Pommel Strike","floor":40,"key":"SMITH"},{"data":"Flex","floor":45,"key":"SMITH"},{"data":"Brutality","floor":45,"key":"SMITH"},{"data":"Warcry","floor":49,"key":"SMITH"},{"data":"Master of Strategy","floor":49,"key":"SMITH"},{"data":"Offering","floor":52,"key":"SMITH"}],"circlet_count":0,"master_deck":["Rampage+1","Pommel Strike+1","Seeing Red+1","Flex+1","Brutality+1","Master of Strategy+1","Shockwave+1","Dropkick+1","Clash+1","Offering+1","Warcry+1"],"relics":["Burning Blood","Girya","Happy Flower","Blue Doll","Black Star","Self Forming Clay","Replay:Rubber Ducky","White Beast Statue","Vajra","Another Sword","Nunchaku","Runic Pyramid","Ice Cream","TheAbacus","Replay:Bottled Steam","Unceasing Top","Sundial","Replay:Arrowhead","Brimstone","StoneCalendar","Pocketwatch"],"acts_visited":["Exordium","TheCity","TheBeyond","TheEnding"],"potions_floor_usage":[7,16,16,16,30,33,38,47,50,55,55],"damage_taken":[{"damage":5,"enemies":"Small Slimes","floor":1,"turns":4},{"damage":6,"enemies":"Cultist","floor":3,"turns":3},{"damage":0,"enemies":"2 Louse","floor":4,"turns":2},{"damage":13,"enemies":"Red Slaver","floor":7,"turns":2},{"damage":19,"enemies":"2 Fungi Beasts","floor":8,"turns":3},{"damage":58,"enemies":"3 Sentries","floor":10,"turns":7},{"damage":20,"enemies":"Looter","floor":11,"turns":3},{"damage":18,"enemies":"Lots of Slimes","floor":14,"turns":3},{"damage":106,"enemies":"Hexaghost","floor":16,"turns":9},{"damage":50,"enemies":"3 Byrds","floor":18,"turns":7},{"damage":32,"enemies":"Chosen","floor":20,"turns":5},{"damage":12,"enemies":"Sentry and Sphere","floor":22,"turns":3},{"damage":8,"enemies":"3 Cultists","floor":24,"turns":3},{"damage":7,"enemies":"Centurion and Healer","floor":25,"turns":3},{"damage":13,"enemies":"Replay:Snechameleon","floor":27,"turns":4},{"damage":7,"enemies":"Cultist and Chosen","floor":29,"turns":2},{"damage":15,"enemies":"Slavers","floor":30,"turns":2},{"damage":11,"enemies":"Champ","floor":33,"turns":4},{"damage":27,"enemies":"3 Shapes","floor":35,"turns":1},{"damage":21,"enemies":"Orb Walker","floor":37,"turns":2},{"damage":12,"enemies":"Jaw Worm Horde","floor":38,"turns":2},{"damage":1,"enemies":"R_Hoarder","floor":41,"turns":2},{"damage":9,"enemies":"4 Shapes","floor":42,"turns":1},{"damage":6,"enemies":"Mind Bloom Boss Battle","floor":44,"turns":1},{"damage":6,"enemies":"3 Darklings","floor":46,"turns":1},{"damage":0,"enemies":"Jaw Worm Horde","floor":47,"turns":1},{"damage":22,"enemies":"Time Eater","floor":50,"turns":2},{"damage":6,"enemies":"Shield and Spear","floor":54,"turns":1},{"damage":26,"enemies":"The Heart","floor":55,"turns":3}],"seed_played":"4419658449040567065","potions_obtained":[{"floor":1,"key":"DistilledChaos"},{"floor":3,"key":"Fire Potion"},{"floor":7,"key":"SneckoOil"},{"floor":10,"key":"LiquidMemories"},{"floor":14,"key":"ElixirPotion"},{"floor":22,"key":"Elixir"},{"floor":25,"key":"Energy Potion"},{"floor":29,"key":"SpeedPotion"},{"floor":30,"key":"SteroidPotion"},{"floor":33,"key":"BlessingOfTheForge"},{"floor":35,"key":"Adrenaline Potion"},{"floor":37,"key":"Languid Potion"},{"floor":38,"key":"Block Potion"},{"floor":41,"key":"Fire Potion"},{"floor":42,"key":"FearPotion"},{"floor":46,"key":"BloodPotion"},{"floor":47,"key":"FearPotion"},{"floor":54,"key":"Strength Potion"}],"is_trial":false,"path_per_floor":["M","?","M","M","?","R","M","M","T","E","M","?","R","M","R","B",null,"M","?","M","$","M","R","M","M","T","E","R","M","E","?","R","B",null,"M","?","M","M","$","R","E","M","T","?","R","M","M","$","R","B",null,"R","$","E","B",null],"character_chosen":"IRONCLAD","items_purchased":["Self Forming Clay","Master of Strategy","Ice Cream","TheAbacus","Brimstone","Warcry"],"campfire_rested":0,"item_purchase_floors":[21,21,39,39,48,48],"current_hp_per_floor":[92,102,112,122,132,142,145,142,152,110,106,116,126,124,134,44,252,218,228,212,222,226,236,244,253,263,266,276,285,286,296,306,311,422,411,421,416,420,430,440,455,462,472,482,492,502,518,528,538,532,592,602,612,622,612],"gold":167,"neow_bonus":"ONE_RARE_RELIC","is_daily":false,"chose_seed":false,"campfire_upgraded":8,"win_rate":0.0,"timestamp":1612180870,"path_taken":["M","?","M","?","?","R","M","M","T","E","M","?","R","M","R","BOSS","M","?","M","$","?","R","M","M","T","E","R","M","E","?","R","BOSS","M","?","?","M","?","R","E","?","T","?","R","M","M","$","R","BOSS","R","$","E","BOSS"],"items_purchased_type":["Relic","Card","Relic","Relic","Relic","Card"],"build_version":"2020-12-22","purchased_purges":15,"victory":true,"max_hp_per_floor":[92,102,112,122,132,142,152,162,172,182,192,202,212,222,232,242,252,262,272,282,292,302,312,322,332,342,352,362,372,382,392,402,412,422,432,442,452,462,472,482,492,502,512,522,532,542,552,562,572,582,592,602,612,622,632],"card_choices":[{"not_picked":["Burning Pact","Warcry"],"picked":"Rampage","floor":1},{"not_picked":["Cleave","Body Slam"],"picked":"Pommel Strike","floor":3},{"not_picked":["Clothesline","Shrug It Off"],"picked":"Anger","floor":4},{"not_picked":["Perfected Strike","ReplayTheSpireMod:Limb From Limb","Body Slam"],"picked":"SKIP","floor":7},{"not_picked":["Run Through","Body Slam"],"picked":"Thunderclap","floor":8},{"not_picked":["Dual Wield","Eclipse","Armaments"],"picked":"SKIP","floor":10},{"not_picked":["Iron Wave","ReplayTheSpireMod:LeadingStrike"],"picked":"Seeing Red","floor":11},{"not_picked":["Replay:Undeath\u0027s Touch","Seeing Red"],"picked":"Flex","floor":14},{"not_picked":["Demon Form","Bludgeon"],"picked":"Brutality","floor":16},{"not_picked":["Warcry+1","Abandon+1"],"picked":"Dropkick","floor":18},{"not_picked":["Dropkick","Defy Death","Perfected Strike"],"picked":"SKIP","floor":20},{"not_picked":["Entrench","Body Slam+1","Clash"],"picked":"SKIP","floor":22},{"not_picked":["Warcry","Armaments"],"picked":"Shockwave+1","floor":24},{"not_picked":["Sword Boomerang","Rampage","Whirlwind"],"picked":"SKIP","floor":25},{"not_picked":["Armaments","ReplayTheSpireMod:Strike From Hell+1"],"picked":"Dropkick+1","floor":27},{"not_picked":["Entrench","Heavy Blade+1","Warcry+1"],"picked":"SKIP","floor":29},{"not_picked":["Clothesline","Juggernaut"],"picked":"Clash+1","floor":30},{"not_picked":["Limit Break","Demonic Infusion"],"picked":"Offering","floor":33},{"not_picked":["Searing Blow","Replay:Undeath\u0027s Touch","Rampage"],"picked":"SKIP","floor":35},{"not_picked":["Clash","Replay:Undeath\u0027s Touch","Flex"],"picked":"SKIP","floor":37},{"not_picked":["Seeing Red","Shrug It Off","Twin Strike"],"picked":"SKIP","floor":38},{"not_picked":["Searing Blow","Heavy Blade","Pommel Strike"],"picked":"SKIP","floor":41},{"not_picked":["Reckless Charge+1","Run Through+1","Headbutt+1"],"picked":"SKIP","floor":42},{"not_picked":["Clothesline+1","Eclipse","Perfected Strike"],"picked":"SKIP","floor":46},{"not_picked":["Clash+1","Searing Blow","Sword Boomerang"],"picked":"SKIP","floor":47},{"not_picked":["Headbutt","Abandon","Clothesline+1"],"picked":"SKIP","floor":54}],"player_experience":12264,"relics_obtained":[{"floor":10,"key":"Happy Flower"},{"floor":26,"key":"Replay:Rubber Ducky"},{"floor":27,"key":"White Beast Statue"},{"floor":27,"key":"Vajra"},{"floor":30,"key":"Another Sword"},{"floor":30,"key":"Nunchaku"},{"floor":41,"key":"Replay:Bottled Steam"},{"floor":41,"key":"Unceasing Top"},{"floor":43,"key":"Sundial"},{"floor":44,"key":"Replay:Arrowhead"},{"floor":54,"key":"StoneCalendar"},{"floor":54,"key":"Pocketwatch"}],"event_choices":[{"damage_healed":0,"gold_gain":0,"player_choice":"Bought 0 Potions","damage_taken":0,"max_hp_gain":0,"max_hp_loss":0,"event_name":"The Woman in Blue","floor":2,"gold_loss":0},{"damage_healed":0,"gold_gain":175,"player_choice":"AGREE","damage_taken":0,"max_hp_gain":0,"max_hp_loss":0,"event_name":"Liars Game","floor":5,"gold_loss":0,"cards_obtained":["Doubt"]},{"damage_healed":0,"gold_gain":0,"player_choice":"Box","damage_taken":0,"relics_obtained":["Blue Doll"],"max_hp_gain":0,"max_hp_loss":0,"event_name":"Big Fish","floor":12,"gold_loss":0,"cards_obtained":["Regret"]},{"cards_removed":["Regret"],"damage_healed":0,"gold_gain":0,"player_choice":"Purged","damage_taken":0,"max_hp_gain":0,"max_hp_loss":0,"event_name":"Purifier","floor":19,"gold_loss":0},{"damage_healed":0,"gold_gain":0,"player_choice":"Bet on Owner","damage_taken":0,"max_hp_gain":0,"max_hp_loss":0,"event_name":"The Joust","floor":31,"gold_loss":50},{"damage_healed":0,"gold_gain":275,"player_choice":"Desecrate","damage_taken":0,"max_hp_gain":0,"max_hp_loss":0,"event_name":"Golden Shrine","floor":36,"gold_loss":0,"cards_obtained":["Regret"]},{"damage_healed":0,"gold_gain":0,"player_choice":"Fight","damage_taken":0,"max_hp_gain":0,"max_hp_loss":0,"event_name":"MindBloom","floor":44,"gold_loss":0}],"is_beta":false,"boss_relics":[{"not_picked":["SacredBark","Black Blood"],"picked":"Black Star"},{"not_picked":["Sozu","Empty Cage"],"picked":"Runic Pyramid"}],"items_purged_floors":[21,21,21,21,21,21,21,21,21,21,21,39,39,39,39],"is_endless":false,"potions_floor_spawned":[1,3,7,10,14,22,25,29,30,33,35,37,38,41,42,44,46,47,54],"ascension_level":0}}