{"host":"r53pw7z744tg3fxg","time":1612216025,"event":{"mods":["AchievementEnabler","BaseMod","Colored Map","Colored Powertips","Highlight Path","Minty Spire (QoL Compilation)","Quick Restart","Transform Curses"],"gold_per_floor":[17,17,17,36,36,36,49,49,49,76,76,96,96,114,114,191,191,202,216,58,70,82,82,116,116,116,116,131,143,143,143,143],"floor_reached":31,"language":"ENG","playtime":1168,"items_purged":[],"score":536,"play_id":"8ecb5312-137a-4935-8c89-143c59b6edfd","local_time":"20210201144705","is_ascension_mode":true,"campfire_choices":[{"data":"Eruption","floor":6.0,"key":"SMITH"},{"data":"CutThroughFate","floor":8.0,"key":"SMITH"},{"data":"MasterReality","floor":11.0,"key":"SMITH"},{"data":"Evaluate","floor":13.0,"key":"SMITH"},{"data":"ForeignInfluence","floor":15.0,"key":"SMITH"},{"floor":23.0,"key":"REST"},{"floor":27.0,"key":"REST"}],"circlet_count":0,"master_deck":["AscendersBane","Strike_P","Strike_P","Strike_P","Strike_P","Defend_P","Defend_P","Defend_P","Eruption+1","Vigilance","Apotheosis+1","ReachHeaven","FollowUp","CutThroughFate+1","MasterReality+1","Evaluate+1","ForeignInfluence+1","Scrawl","BowlingBash","ThirdEye","Sanctity","Writhe","BattleHymn"],"relics":["PureWater","Mercury Hourglass","Tiny Chest","VioletLotus","Bag of Preparation","Mummified Hand","Singing Bowl","Blue Candle"],"acts_visited":["Exordium","TheCity"],"potions_floor_usage":[],"damage_taken":[{"damage":0.0,"enemies":"Small Slimes","floor":1.0,"turns":2.0},{"damage":0.0,"enemies":"Jaw Worm","floor":4.0,"turns":3.0},{"damage":0.0,"enemies":"Cultist","floor":7.0,"turns":2.0},{"damage":0.0,"enemies":"Gremlin Nob","floor":10.0,"turns":2.0},{"damage":2.0,"enemies":"Large Slime","floor":12.0,"turns":4.0},{"damage":0.0,"enemies":"3 Louse","floor":14.0,"turns":2.0},{"damage":16.0,"enemies":"The Guardian","floor":16.0,"turns":11.0},{"damage":15.0,"enemies":"3 Byrds","floor":18.0,"turns":3.0},{"damage":11.0,"enemies":"2 Thieves","floor":19.0,"turns":3.0},{"damage":0.0,"enemies":"3 Cultists","floor":21.0,"turns":3.0},{"damage":0.0,"enemies":"Snecko","floor":22.0,"turns":2.0},{"damage":18.0,"enemies":"Slavers","floor":24.0,"turns":2.0},{"damage":7.0,"enemies":"Snake Plant","floor":28.0,"turns":3.0},{"damage":1.0,"enemies":"Sentry and Sphere","floor":29.0,"turns":3.0},{"damage":54,"enemies":"Book of Stabbing","floor":31,"turns":5}],"seed_played":"916250523883823782","potions_obtained":[{"floor":1.0,"key":"Block Potion"},{"floor":7.0,"key":"EssenceOfSteel"},{"floor":10.0,"key":"Block Potion"},{"floor":16.0,"key":"Strength Potion"},{"floor":18.0,"key":"Weak Potion"},{"floor":19.0,"key":"AttackPotion"},{"floor":21.0,"key":"GamblersBrew"}],"is_trial":false,"path_per_floor":["M","?","$","M","?","R","M","R","T","E","R","M","R","M","R","B",null,"M","M","$","M","M","R","E","?","T","R","M","M","?","E"],"character_chosen":"WATCHER","items_purchased":["Bag of Preparation"],"campfire_rested":2,"item_purchase_floors":[20],"current_hp_per_floor":[61,61,61,61,61,61,61,61,61,61,61,59,59,59,59,43,62,47,36,36,36,36,56,38,38,38,58,51,52,52,0,0],"gold":143,"neow_bonus":"RANDOM_COLORLESS_2","is_daily":false,"chose_seed":false,"campfire_upgraded":5,"win_rate":0.0,"timestamp":1612216025,"path_taken":["M","?","$","M","?","R","M","R","T","E","R","M","R","M","R","BOSS","M","M","$","M","?","R","E","?","T","R","M","M","?","E"],"items_purchased_type":["Relic"],"build_version":"2020-12-22","purchased_purges":0,"victory":false,"max_hp_per_floor":[68,68,68,68,68,68,68,68,68,68,68,68,68,68,68,68,68,68,68,68,68,68,68,68,68,68,68,68,70,70,70,70],"card_choices":[{"not_picked":["Magnetism","Master of Strategy"],"picked":"Apotheosis","floor":0.0},{"not_picked":["Halt","EmptyFist"],"picked":"ReachHeaven","floor":1.0},{"not_picked":["SignatureMove","Wireheading"],"picked":"FollowUp","floor":4.0},{"not_picked":["Collect","EmptyFist"],"picked":"CutThroughFate","floor":7.0},{"not_picked":["PathToVictory","SignatureMove"],"picked":"MasterReality","floor":10.0},{"not_picked":["CutThroughFate","FollowUp"],"picked":"Evaluate","floor":12.0},{"not_picked":["Evaluate","Prostrate"],"picked":"ForeignInfluence","floor":14.0},{"not_picked":["LessonLearned","Omniscience"],"picked":"Scrawl","floor":16.0},{"not_picked":["SandsOfTime","Meditate"],"picked":"BowlingBash","floor":18.0},{"not_picked":["Protect+1","Crescendo","CrushJoints"],"picked":"SKIP","floor":19.0},{"not_picked":["JustLucky","SandsOfTime","FollowUp"],"picked":"SKIP","floor":21.0},{"not_picked":["CrushJoints","Protect"],"picked":"ThirdEye","floor":22.0},{"not_picked":["EmptyFist","CrushJoints"],"picked":"Sanctity","floor":24.0},{"not_picked":["PathToVictory","ReachHeaven"],"picked":"BattleHymn","floor":28.0},{"not_picked":["Evaluate","Protect","FlyingSleeves"],"picked":"Singing Bowl","floor":29.0}],"player_experience":1407398,"relics_obtained":[{"floor":9.0,"key":"Mercury Hourglass"},{"floor":10.0,"key":"Tiny Chest"},{"floor":24.0,"key":"Mummified Hand"},{"floor":26.0,"key":"Blue Candle"}],"event_choices":[{"damage_healed":0.0,"max_hp_gain":0.0,"max_hp_loss":0.0,"gold_gain":0.0,"event_name":"Living Wall","player_choice":"Grow","floor":2.0,"gold_loss":0.0,"damage_taken":0.0,"cards_upgraded":["Apotheosis"]},{"cards_removed":["Defend_P"],"damage_healed":0.0,"max_hp_gain":0.0,"max_hp_loss":0.0,"gold_gain":0.0,"event_name":"Bonfire Elementals","player_choice":"Offered Basic","floor":5.0,"gold_loss":0.0,"damage_taken":0.0},{"damage_healed":0.0,"max_hp_gain":0.0,"max_hp_loss":0.0,"gold_gain":0.0,"event_name":"The Mausoleum","player_choice":"Opened","floor":25.0,"gold_loss":0.0,"damage_taken":0.0,"relics_obtained":["Singing Bowl"],"cards_obtained":["Writhe"]},{"damage_healed":0.0,"max_hp_gain":0.0,"max_hp_loss":0.0,"gold_gain":0.0,"event_name":"Vampires","player_choice":"Ignored","floor":30.0,"gold_loss":0.0,"damage_taken":0.0}],"is_beta":false,"boss_relics":[{"not_picked":["Coffee Dripper","Cursed Key"],"picked":"VioletLotus"}],"items_purged_floors":[],"is_endless":false,"potions_floor_spawned":[1,7,10,16,18,19,21],"killed_by":"Book of Stabbing","ascension_level":18}}