{"host":"qgru5siit3fz0wh9","time":1612145813,"event":{"mods":["AchievementEnabler","BaseMod","Highlight Path","Minty Spire (QoL Compilation)"],"gold_per_floor":[137,171,202,269,280,350,350,377,377,377,400,445,477,511,511,626,626,639,554,554,614,80,112,112,112,112,183,183,183],"floor_reached":28,"language":"ENG","playtime":1431,"items_purged":["Strike_R"],"score":304,"play_id":"69ff7bbf-b91f-4aed-84a3-9824ac537ff0","local_time":"20210201031653","is_ascension_mode":true,"campfire_choices":[{"floor":7,"key":"REST"},{"floor":10,"key":"REST"},{"floor":15,"key":"REST"},{"floor":24,"key":"REST"}],"circlet_count":0,"master_deck":["Strike_R","Strike_R","Strike_R","Strike_R","Defend_R","Defend_R","Defend_R","Defend_R","Bash","HandOfGreed","Spot Weakness","Evolve","Offering","Cleave","Battle Trance","Wild Strike","Perfected Strike","Barricade","Heavy Blade","Fire Breathing","HandOfGreed","Fire Breathing","Feed","Cleave+1"],"relics":["Burning Blood","Matryoshka","The Courier","Pen Nib","Incense Burner","Omamori","Centennial Puzzle","Snecko Eye","Juzu Bracelet","White Beast Statue","DollysMirror","Bottled Tornado","Ornamental Fan","Blue Candle"],"acts_visited":["Exordium","TheCity"],"potions_floor_usage":[5,12,16,18,28],"damage_taken":[{"damage":1,"enemies":"Cultist","floor":1,"turns":4},{"damage":0,"enemies":"Small Slimes","floor":2,"turns":3},{"damage":2,"enemies":"Jaw Worm","floor":3,"turns":3},{"damage":7,"enemies":"2 Fungi Beasts","floor":5,"turns":3},{"damage":31,"enemies":"3 Sentries","floor":6,"turns":7},{"damage":45,"enemies":"Lagavulin","floor":8,"turns":6},{"damage":20,"enemies":"Gremlin Nob","floor":12,"turns":3},{"damage":10,"enemies":"3 Louse","floor":13,"turns":2},{"damage":7,"enemies":"Looter","floor":14,"turns":2},{"damage":60,"enemies":"Hexaghost","floor":16,"turns":9},{"damage":0,"enemies":"Spheric Guardian","floor":18,"turns":3},{"damage":23,"enemies":"2 Thieves","floor":21,"turns":3},{"damage":51,"enemies":"Book of Stabbing","floor":23,"turns":5},{"damage":43,"enemies":"Slavers","floor":27,"turns":4},{"damage":40,"enemies":"Snake Plant","floor":28,"turns":3}],"seed_played":"5601982854253210324","potions_obtained":[{"floor":1,"key":"AttackPotion"},{"floor":8,"key":"BloodPotion"},{"floor":12,"key":"PowerPotion"},{"floor":16,"key":"GamblersBrew"},{"floor":18,"key":"FairyPotion"},{"floor":23,"key":"SteroidPotion"},{"floor":27,"key":"Regen Potion"}],"is_trial":false,"path_per_floor":["M","M","M","?","M","E","R","E","T","R","T","E","M","M","R","B",null,"M","?","?","M","$","E","R","$","T","E","M"],"character_chosen":"IRONCLAD","items_purchased":["White Beast Statue","DollysMirror","Fire Breathing","Feed"],"campfire_rested":4,"item_purchase_floors":[22,22,22,22],"current_hp_per_floor":[72,72,72,72,71,46,67,28,28,49,49,49,45,44,65,11,72,72,72,72,55,55,13,35,35,35,29,0,0],"gold":183,"neow_bonus":"RANDOM_COLORLESS_2","is_daily":false,"chose_seed":false,"campfire_upgraded":0,"win_rate":0.0,"timestamp":1612145813,"path_taken":["M","M","?","?","M","E","R","E","T","R","?","E","M","M","R","BOSS","M","?","?","M","$","E","R","$","T","E","M"],"items_purchased_type":["Relic","Relic","Card","Card"],"build_version":"2020-12-22","purchased_purges":1,"victory":false,"max_hp_per_floor":[72,72,72,72,72,72,72,72,72,72,72,72,72,72,72,72,72,72,72,72,72,72,75,75,75,75,78,78,78],"card_choices":[{"not_picked":["Secret Technique","Panache"],"picked":"HandOfGreed","floor":0},{"not_picked":["Headbutt","Perfected Strike"],"picked":"Spot Weakness","floor":1},{"not_picked":["Warcry","Clothesline","True Grit"],"picked":"SKIP","floor":2},{"not_picked":["Uppercut","Metallicize"],"picked":"Evolve","floor":3},{"not_picked":["Warcry","Sword Boomerang"],"picked":"Offering","floor":5},{"not_picked":["Clothesline","Fiend Fire"],"picked":"Cleave","floor":6},{"not_picked":["Wild Strike","Brutality"],"picked":"Battle Trance","floor":8},{"not_picked":["Pommel Strike","Body Slam"],"picked":"Wild Strike","floor":12},{"not_picked":["Intimidate","Body Slam","Infernal Blade"],"picked":"SKIP","floor":13},{"not_picked":["Uppercut","Inflame"],"picked":"Perfected Strike","floor":14},{"not_picked":["Brutality","Fiend Fire"],"picked":"Barricade","floor":16},{"not_picked":["Headbutt","Battle Trance"],"picked":"Heavy Blade","floor":18},{"not_picked":["Anger","Rampage"],"picked":"Fire Breathing","floor":21},{"not_picked":["Dark Embrace","Feed","Fire Breathing"],"picked":"SKIP","floor":23},{"not_picked":["Shrug It Off","Clothesline"],"picked":"Cleave+1","floor":27}],"player_experience":393683,"relics_obtained":[{"floor":6,"key":"Matryoshka"},{"floor":8,"key":"The Courier"},{"floor":9,"key":"Pen Nib"},{"floor":9,"key":"Incense Burner"},{"floor":11,"key":"Omamori"},{"floor":12,"key":"Centennial Puzzle"},{"floor":23,"key":"Bottled Tornado"},{"floor":26,"key":"Ornamental Fan"},{"floor":27,"key":"Blue Candle"}],"event_choices":[{"damage_healed":0,"gold_gain":67,"player_choice":"Gained Gold","damage_taken":0,"max_hp_gain":0,"max_hp_loss":0,"event_name":"Golden Wing","floor":4,"gold_loss":0},{"damage_healed":0,"gold_gain":0,"player_choice":"Obtained Relic","damage_taken":0,"relics_obtained":["Juzu Bracelet"],"max_hp_gain":0,"max_hp_loss":0,"event_name":"Addict","floor":19,"gold_loss":85},{"damage_healed":0,"gold_gain":0,"player_choice":"Smashed Altar","damage_taken":0,"max_hp_gain":0,"max_hp_loss":0,"event_name":"Forgotten Altar","floor":20,"gold_loss":0,"cards_obtained":["Decay"]}],"is_beta":false,"boss_relics":[{"not_picked":["Cursed Key","Tiny House"],"picked":"Snecko Eye"}],"items_purged_floors":[22],"is_endless":false,"potions_floor_spawned":[1,8,12,16,18,23,27],"killed_by":"Snake Plant","ascension_level":2}}