{"host":"8is2j71l4wmybkoi","time":1612187234,"event":{"mods":["AchievementEnabler","BaseMod","Colored Map","Minty Spire (QoL Compilation)","Rare Cards Sparkle","StSLib","SuperFastMode"],"gold_per_floor":[113,127,141,153,153,153,178,190,226,238,265,277,300,330,342,428,440,468,480,502,514,539,551,580,592,592],"floor_reached":25,"language":"KOR","playtime":911,"items_purged":[],"score":380,"play_id":"707bd256-5c49-4342-bdf0-a2833d459240","local_time":"20210201224714","is_ascension_mode":true,"campfire_choices":[{"data":"Sunder","floor":6.0,"key":"SMITH"},{"data":"Capacitor","floor":12.0,"key":"SMITH"},{"data":"Zap","floor":15.0,"key":"SMITH"},{"floor":23,"key":"REST"}],"circlet_count":0,"master_deck":["AscendersBane","Strike_B","Defend_B","Defend_B","Defend_B","Defend_B","Zap+1","Dualcast","Capacitor+1","Coolheaded","Sunder+1","Rip and Tear","Self Repair","Coolheaded","Heatsinks","Blizzard","Electrodynamics","Capacitor+1","Storm","Go for the Eyes"],"relics":["Nuclear Battery","MawBank","Empty Cage","Enchiridion"],"acts_visited":["Exordium","TheCity"],"potions_floor_usage":[24,25],"damage_taken":[{"damage":0.0,"enemies":"Cultist","floor":1.0,"turns":4.0},{"damage":4.0,"enemies":"Jaw Worm","floor":2.0,"turns":4.0},{"damage":8.0,"enemies":"2 Louse","floor":3.0,"turns":4.0},{"damage":4.0,"enemies":"Exordium Wildlife","floor":4.0,"turns":4.0},{"damage":12.0,"enemies":"3 Sentries","floor":7.0,"turns":8.0},{"damage":0.0,"enemies":"Gremlin Nob","floor":10.0,"turns":1.0},{"damage":3.0,"enemies":"2 Fungi Beasts","floor":11.0,"turns":3.0},{"damage":18.0,"enemies":"Gremlin Gang","floor":13.0,"turns":4.0},{"damage":6.0,"enemies":"Blue Slaver","floor":14.0,"turns":3.0},{"damage":14.0,"enemies":"Slime Boss","floor":16.0,"turns":12.0},{"damage":14,"enemies":"Spheric Guardian","floor":18,"turns":4},{"damage":5,"enemies":"Chosen","floor":20,"turns":4},{"damage":30,"enemies":"Snake Plant","floor":22,"turns":4},{"damage":16,"enemies":"Centurion and Healer","floor":24,"turns":5},{"damage":33,"enemies":"Book of Stabbing","floor":25,"turns":4}],"seed_played":"8975888877964338832","potions_obtained":[{"floor":3.0,"key":"CultistPotion"},{"floor":7.0,"key":"SmokeBomb"},{"floor":11.0,"key":"GamblersBrew"},{"floor":13.0,"key":"FocusPotion"},{"floor":14.0,"key":"Strength Potion"},{"floor":16.0,"key":"FearPotion"},{"floor":18,"key":"SpeedPotion"},{"floor":22,"key":"DuplicationPotion"}],"is_trial":false,"path_per_floor":["M","M","M","M","?","R","E","?","T","E","M","R","M","M","R","B",null,"M","?","M","?","M","R","M","E"],"character_chosen":"DEFECT","items_purchased":[],"campfire_rested":1,"item_purchase_floors":[],"current_hp_per_floor":[64,60,52,48,48,48,36,36,36,36,40,40,29,30,30,23,59,52,31,33,33,10,31,22,0,0],"gold":592,"neow_bonus":"BOSS_RELIC","is_daily":false,"chose_seed":false,"campfire_upgraded":3,"win_rate":0.0,"timestamp":1612187234,"path_taken":["M","M","?","?","?","R","E","?","T","E","M","R","M","M","R","BOSS","M","?","M","?","M","R","M","E"],"items_purchased_type":[],"build_version":"2020-12-22","purchased_purges":0,"victory":false,"max_hp_per_floor":[71,71,71,71,71,71,71,71,71,71,71,71,71,71,71,71,71,71,71,71,71,71,71,71,71,71],"card_choices":[{"not_picked":["Steam","Stack"],"picked":"Capacitor","floor":1.0},{"not_picked":["Aggregate","Stack"],"picked":"Coolheaded","floor":2.0},{"not_picked":["Leap","Hologram"],"picked":"Sunder","floor":3.0},{"not_picked":["BootSequence","Stack"],"picked":"Rip and Tear","floor":4.0},{"not_picked":["Streamline","Heatsinks"],"picked":"Self Repair","floor":7.0},{"not_picked":["Self Repair","Stack"],"picked":"Coolheaded","floor":11.0},{"not_picked":["Compile Driver","Streamline"],"picked":"Heatsinks","floor":13.0},{"not_picked":["Hologram","Rip and Tear"],"picked":"Blizzard","floor":14.0},{"not_picked":["Hyperbeam","Reboot"],"picked":"Electrodynamics","floor":16.0},{"not_picked":["Rebound","Gash+1","White Noise"],"picked":"SKIP","floor":18},{"not_picked":["Leap","Hello World","Sweeping Beam"],"picked":"SKIP","floor":20},{"not_picked":["Redo","Gash"],"picked":"Storm","floor":22},{"not_picked":["Scrape","Leap"],"picked":"Go for the Eyes","floor":24}],"player_experience":919947,"relics_obtained":[{"floor":7.0,"key":"MawBank"},{"floor":19,"key":"Enchiridion"}],"event_choices":[{"cards_removed":["Strike_B"],"damage_healed":0.0,"max_hp_gain":0.0,"max_hp_loss":0.0,"gold_gain":0.0,"event_name":"Living Wall","player_choice":"Forget","floor":5.0,"gold_loss":0.0,"damage_taken":0.0},{"damage_healed":0.0,"max_hp_gain":0.0,"max_hp_loss":0.0,"gold_gain":0.0,"event_name":"Liars Game","player_choice":"Ignored","floor":8.0,"gold_loss":0.0,"damage_taken":0.0},{"damage_healed":0,"gold_gain":0,"player_choice":"Obtained Book","damage_taken":21,"max_hp_gain":0,"max_hp_loss":0,"event_name":"Cursed Tome","floor":19,"gold_loss":0},{"damage_healed":0,"gold_gain":0,"player_choice":"Copied","damage_taken":0,"max_hp_gain":0,"max_hp_loss":0,"event_name":"Duplicator","floor":21,"gold_loss":0,"cards_obtained":["Capacitor"]}],"is_beta":false,"boss_relics":[{"not_picked":["Ectoplasm","Inserter"],"picked":"Empty Cage"}],"items_purged_floors":[],"is_endless":false,"potions_floor_spawned":[3,7,11,13,14,16,18,22],"killed_by":"Book of Stabbing","ascension_level":15}}