{"host":"rjfefv2ruvigm2gb","time":1612159925,"event":{"mods":["AlwaysNeverKeys","BaseMod","Better Third Choice","Block Reminder","CCEM2","Conspire","Curses Come First","Displayed Cursed Tome","Downfall","Fox Events","Gold Saver","Googly Eyes","HexUI Lib","Hubris","Minty Spire (QoL Compilation)","Monster B Gone","Permanent Neow","Poor People Problems","Relic Stats","Reliquary","Replay The Spire","Shop Mod","Small Relic Pack","StS++","StSLib","SuperFastMode","Transform Curses","Uncapped","Virulent Crown"],"gold_per_floor":[163,174,186,186,171,71,122,149,12,0,100,119,119,129,129,228,228,240,253,267,267,280,230,230,246,77,77,77,137,37,47,47,147,147,160,179,191,466,79,96,150,165,176,176,201,101,101,121,121,121,121,121,121,121],"floor_reached":52,"language":"ENG","playtime":2263,"items_purged":["Hallucinations","Regret"],"score":719,"play_id":"03efb2e7-6f78-4f74-a3ff-fb562bbe22f5","local_time":"20210201001205","is_ascension_mode":true,"campfire_choices":[{"data":"Guardian:FierceBash","floor":6,"key":"SMITH"},{"floor":15,"key":"REST"},{"data":"Guardian:RefractedBeam","floor":27,"key":"SMITH"},{"floor":30,"key":"REST"},{"data":"Demon Form","floor":32,"key":"SMITH"},{"floor":46,"key":"REST"},{"data":"Guardian:RefractedBeam+2","floor":49,"key":"SMITH"}],"circlet_count":0,"master_deck":["Guardian:Strike_Guardian","Guardian:Defend_Guardian","Guardian:Defend_Guardian","Guardian:Defend_Guardian","Guardian:CurlUp","Guardian:TwinSlam","Guardian:FierceBash","Guardian:ArmoredProtocol","Guardian:ShieldCharger+1","Guardian:WalkerClaw","Guardian:FierceBash+1","Guardian:TemporalStrike","Guardian:EvasiveProtocol","Guardian:HyperBeam_Guardian","Guardian:ShieldSpikes","Guardian:PiercingHide+1","Guardian:CrystalBeam+1","relicPack:TruthCard","Doppelganger","Malaise","Demon Form+1","Guardian:TemporalStrike","Guardian:GemFinder","Guardian:CrystalBeam+1","Guardian:SpikerProtocol","Guardian:RefractedBeam+3","Necronomicurse","Guardian:WalkerClaw","Guardian:EvasiveProtocol+1","Guardian:VentSteam+1","Guardian:TemporalStrike+1","Guardian:PiercingHide+1","Guardian:WalkerClaw+1","Guardian:PolyBeam+1"],"relics":["Guardian:ModeShifter","downfall:HeartBlessingRed","Gremlin Food","CCEMRelics:Apple","ReplayTheSpireMod:Ring of Addiction","Chameleon Ring","SacredBark","Ring of Panic","Ring of Chaos","relicPack:EdsArm","CCEMRelics:TeddyBear","BargainBundle","reliquary:SilkGlove","hubris:Spice","Necronomicon","conspire:GlowingRock","downfall:HeartBlessingBlue","downfall:HeartBlessingGreen","downfall:TeleportStone"],"acts_visited":["Exordium","TheCity","TheBeyond","TheEnding"],"potions_floor_usage":[9,9,16,20,25,31,33,33,33,40,50,50,50],"damage_taken":[{"damage":10,"enemies":"Small Slimes","floor":1,"turns":3},{"damage":4,"enemies":"Cultist","floor":2,"turns":5},{"damage":9,"enemies":"Jaw Worm","floor":3,"turns":6},{"damage":0,"enemies":"downfall:FleeingMerchant","floor":5,"turns":4},{"damage":27,"enemies":"Gremlin Nob","floor":8,"turns":4},{"damage":11,"enemies":"downfall:FleeingMerchant","floor":9,"turns":4},{"damage":0,"enemies":"downfall:FleeingMerchant","floor":10,"turns":4},{"damage":7,"enemies":"Blue Slaver","floor":12,"turns":3},{"damage":0,"enemies":"2 Fungi Beasts","floor":14,"turns":1},{"damage":29,"enemies":"WA_ARCHETYPE_RETAIN","floor":16,"turns":5},{"damage":10,"enemies":"Spheric Guardian","floor":18,"turns":3},{"damage":0,"enemies":"Snecko","floor":19,"turns":4},{"damage":10,"enemies":"Snake Plant","floor":20,"turns":1},{"damage":9,"enemies":"Centurion and Healer","floor":22,"turns":4},{"damage":11,"enemies":"Cultist and Chosen","floor":25,"turns":6},{"damage":1,"enemies":"downfall:FleeingMerchant","floor":26,"turns":4},{"damage":1,"enemies":"downfall:FleeingMerchant","floor":29,"turns":2},{"damage":4,"enemies":"Snecko","floor":31,"turns":3},{"damage":12,"enemies":"DF_ARCHETYPE_CLAW","floor":33,"turns":4},{"damage":1,"enemies":"3 Darklings","floor":35,"turns":4},{"damage":0,"enemies":"Orb Walker","floor":36,"turns":2},{"damage":0,"enemies":"Sphere and 2 Shapes","floor":37,"turns":1},{"damage":26,"enemies":"Maw","floor":40,"turns":6},{"damage":8,"enemies":"3 Darklings","floor":42,"turns":2},{"damage":14,"enemies":"4 Shapes","floor":43,"turns":2},{"damage":27,"enemies":"Reptomancer","floor":45,"turns":3},{"damage":0,"enemies":"Sphere and 2 Shapes","floor":48,"turns":2},{"damage":30,"enemies":"IC_BLOCK_ARCHETYPE","floor":50,"turns":3},{"damage":94,"enemies":"downfall:CharBossMerchant","floor":52,"turns":5}],"seed_played":"2229024809675807312","potions_obtained":[{"floor":2,"key":"Doom Potion"},{"floor":3,"key":"Guardian:AcceleratePotion"},{"floor":8,"key":"EssenceOfSteel"},{"floor":13,"key":"sneckomod:MuddlingPotion"},{"floor":13,"key":"AttackPotion"},{"floor":16,"key":"Death Potion"},{"floor":22,"key":"BlessingOfTheForge"},{"floor":25,"key":"SkillPotion"},{"floor":31,"key":"hexamod:SoulburnPotion"},{"floor":33,"key":"bronze:BurnAndBuffPotion"},{"floor":36,"key":"sneckomod:MuddlingPotion"},{"floor":40,"key":"Fire Potion"},{"floor":43,"key":"LiquidBronze"},{"floor":48,"key":"DistilledChaos"}],"is_trial":false,"path_per_floor":["M","M","M","?","$","R","T","E","$","$","?","M","?","M","R","B",null,"M","M","M","?","M","?","T","M","$","R","?","$","R","M","R","B",null,"M","M","M","?","$","M","T","M","M","?","E","R","?","M","R","B",null,"E"],"character_chosen":"GUARDIAN","items_purchased":["Guardian:EvasiveProtocol","Dexterity Potion","BargainBundle","reliquary:SilkGlove","hubris:Spice","Guardian:SpikerProtocol","Guardian:RefractedBeam","conspire:GlowingRock","hubris:Spice"],"campfire_rested":3,"item_purchase_floors":[9,9,26,26,26,26,26,29,39],"current_hp_per_floor":[70,66,57,57,57,57,57,30,22,25,25,21,21,24,51,25,95,85,85,75,75,66,88,86,75,82,82,66,65,102,98,98,86,110,109,109,100,100,92,64,64,56,42,70,43,61,60,60,60,31,61,0,0,0],"gold":121,"neow_bonus":"ONE_RANDOM_RARE_CARD","is_daily":false,"chose_seed":false,"campfire_upgraded":4,"win_rate":0.0,"timestamp":1612159925,"path_taken":["M","M","M","?","$","R","T","E","?","$","?","M","?","M","R","BOSS","M","M","M","?","M","?","T","M","$","R","?","$","R","M","R","BOSS","M","M","M","?","$","M","T","M","?","?","E","R","?","?","R","BOSS","E"],"items_purchased_type":["Card","Potion","Relic","Relic","Relic","Card","Card","Relic","Relic"],"build_version":"2020-12-22","purchased_purges":2,"victory":false,"max_hp_per_floor":[80,80,80,80,80,80,80,80,83,86,86,89,89,92,92,95,95,95,95,93,88,88,88,86,86,94,94,94,92,102,102,102,102,110,110,110,100,100,92,90,82,82,82,70,62,62,60,60,60,61,61,61,61,61],"relic_stats":{"counters":[29,100],"Necronomicon":[25],"obtain_stats":[{"Gremlin Food":7,"BargainBundle":26,"reliquary:SilkGlove":26,"downfall:HeartBlessingRed":6,"CCEMRelics:TeddyBear":24,"ReplayTheSpireMod:Ring of Addiction":13,"SacredBark":13,"Guardian:ModeShifter":0,"downfall:HeartBlessingGreen":46,"Ring of Chaos":17,"downfall:TeleportStone":47,"relicPack:EdsArm":21,"conspire:GlowingRock":29,"CCEMRelics:Apple":8,"Chameleon Ring":13,"hubris:Spice":26,"downfall:HeartBlessingBlue":30,"Necronomicon":28,"Ring of Panic":13},{"Gremlin Food":4,"BargainBundle":16,"reliquary:SilkGlove":16,"downfall:HeartBlessingRed":4,"CCEMRelics:TeddyBear":14,"ReplayTheSpireMod:Ring of Addiction":8,"SacredBark":8,"Guardian:ModeShifter":0,"downfall:HeartBlessingGreen":26,"Ring of Chaos":10,"downfall:TeleportStone":26,"relicPack:EdsArm":13,"conspire:GlowingRock":17,"CCEMRelics:Apple":5,"Chameleon Ring":8,"hubris:Spice":16,"downfall:HeartBlessingBlue":17,"Necronomicon":16,"Ring of Panic":8},{"Gremlin Food":18,"BargainBundle":61,"reliquary:SilkGlove":61,"downfall:HeartBlessingRed":18,"CCEMRelics:TeddyBear":51,"ReplayTheSpireMod:Ring of Addiction":33,"SacredBark":33,"Guardian:ModeShifter":0,"downfall:HeartBlessingGreen":90,"Ring of Chaos":39,"downfall:TeleportStone":90,"relicPack:EdsArm":47,"conspire:GlowingRock":63,"CCEMRelics:Apple":22,"Chameleon Ring":33,"hubris:Spice":61,"downfall:HeartBlessingBlue":63,"Necronomicon":61,"Ring of Panic":33}]},"card_choices":[{"not_picked":["Guardian:Gem_Cyan","Guardian:Recover"],"picked":"Guardian:ArmoredProtocol","floor":1},{"not_picked":["Guardian:Emergency","Guardian:Gem_Blue"],"picked":"Guardian:ShieldCharger","floor":2},{"not_picked":["Guardian:Gem_Cyan","Guardian:Suspension"],"picked":"Guardian:WalkerClaw","floor":3},{"not_picked":["Guardian:Emergency","Guardian:CrystalBeam"],"picked":"Guardian:Gem_Crimson","floor":5},{"not_picked":["Guardian:Planning","Guardian:GatlingBeam"],"picked":"Guardian:Gem_Red","floor":8},{"not_picked":["Guardian:Gem_Blue","Guardian:Emergency"],"picked":"Guardian:TemporalStrike","floor":9},{"not_picked":["Guardian:Recover","Guardian:EvasiveProtocol"],"picked":"Guardian:HyperBeam_Guardian","floor":10},{"not_picked":["Guardian:EvasiveProtocol","Guardian:ShieldCharger"],"picked":"Guardian:ShieldSpikes","floor":12},{"not_picked":["Guardian:BodySlam","Guardian:Reroute","Guardian:MultiBeam"],"picked":"SKIP","floor":14},{"not_picked":["Guardian:FierceBash","Guardian:StasisEngine"],"picked":"Guardian:GemFinder","floor":16},{"not_picked":["Guardian:Gem_Green","Guardian:Gem_Lightblue"],"picked":"Guardian:Gem_Cyan","floor":18},{"not_picked":["Guardian:CrystalBeam","Guardian:Gem_Green"],"picked":"Guardian:Gem_Cyan","floor":18},{"not_picked":["Guardian:Gem_White","Guardian:Orbwalk+1"],"picked":"Guardian:PiercingHide+1","floor":19},{"not_picked":["Guardian:Gem_Red","Guardian:Gem_Green"],"picked":"Guardian:Gem_Lightblue","floor":19},{"not_picked":["Guardian:EvasiveProtocol","Guardian:Gem_Cyan"],"picked":"Guardian:CrystalBeam+1","floor":20},{"not_picked":["Guardian:Gem_Green","Guardian:WalkerClaw"],"picked":"Guardian:TemporalStrike","floor":22},{"not_picked":["Guardian:Emergency","Guardian:Planning+1"],"picked":"Guardian:GemFinder","floor":25},{"not_picked":["Guardian:Suspension+1","Guardian:TimeBomb"],"picked":"Guardian:CrystalBeam+1","floor":26},{"not_picked":["Guardian:TimeCapacitor+1","Guardian:BodySlam"],"picked":"Guardian:WalkerClaw","floor":29},{"not_picked":["Guardian:CrystalBeam","Guardian:ShieldCharger+1"],"picked":"Guardian:Gem_Lightblue","floor":31},{"not_picked":["Guardian:Gem_Green","Guardian:Gem_Cyan"],"picked":"Guardian:Gem_Red","floor":33},{"not_picked":["Guardian:StasisEngine","Guardian:BaubleBeam"],"picked":"Guardian:Gem_Synthetic","floor":33},{"not_picked":["Guardian:DonusPower","Guardian:ShieldCharger"],"picked":"Guardian:EvasiveProtocol+1","floor":35},{"not_picked":["Guardian:ShieldCharger+1","Guardian:TemporalShield+1"],"picked":"Guardian:VentSteam+1","floor":36},{"not_picked":["Guardian:Gem_Red","Guardian:Emergency"],"picked":"hubris:SpiceAddiction","floor":37},{"not_picked":["Guardian:Gem_Green","Guardian:Gem_Cyan"],"picked":"Guardian:Gem_Lightblue","floor":40},{"not_picked":["Guardian:WalkerClaw","Guardian:TemporalShield"],"picked":"Guardian:TemporalStrike+1","floor":40},{"not_picked":["Guardian:Gem_Cyan","Guardian:RollAttack"],"picked":"Guardian:PiercingHide","floor":42},{"not_picked":["Guardian:TemporalStrike","Guardian:Harden+1","Guardian:Incinerate+1"],"picked":"SKIP","floor":43},{"not_picked":["Guardian:PrismaticBeam+1","Guardian:FuturePlans+1"],"picked":"Guardian:WalkerClaw+1","floor":45},{"not_picked":["Guardian:PrismaticBarrier+1","Guardian:Gem_White"],"picked":"Guardian:PolyBeam+1","floor":48}],"player_experience":1092319,"relics_obtained":[{"floor":7,"key":"Gremlin Food"},{"floor":8,"key":"CCEMRelics:Apple"},{"floor":13,"key":"ReplayTheSpireMod:Ring of Addiction"},{"floor":13,"key":"Chameleon Ring"},{"floor":13,"key":"SacredBark"},{"floor":13,"key":"Ring of Panic"},{"floor":24,"key":"CCEMRelics:TeddyBear"},{"floor":28,"key":"Necronomicon"},{"floor":41,"key":"hubris:Spice"},{"floor":45,"key":"hubris:Spice"}],"event_choices":[],"is_beta":false,"boss_relics":[{"not_picked":["Replay:Ancient Bell","conspire:SeveredTorchhead"],"picked":"Ring of Chaos"},{"not_picked":["Honey Jar","Black Star"],"picked":"hubris:Spice"}],"items_purged_floors":[26,39],"is_endless":false,"potions_floor_spawned":[2,3,8,14,16,22,25,31,33,36,40,43,48],"killed_by":"downfall:CharBossMerchant","ascension_level":1}}