{"host":"edndssuekvzbh3is","time":1612157292,"event":{"mods":["BaseMod","Colored Map","Colored Powertips","Minty Spire (QoL Compilation)","SuperFastMode"],"gold_per_floor":[116,116,116,145,173,173,206,256,256,284,303,348,28,28,28,165,165,165,165],"floor_reached":18,"language":"ENG","playtime":627,"items_purged":["Strike_P"],"score":217,"play_id":"f15131a6-9bcc-431c-a3b4-1c29d6eabeb2","local_time":"20210201002812","is_ascension_mode":true,"campfire_choices":[{"data":"CarveReality","floor":6,"key":"SMITH"},{"data":"Eruption","floor":15,"key":"SMITH"}],"circlet_count":0,"master_deck":["Strike_P","Strike_P","Strike_P","Defend_P","Defend_P","Defend_P","Defend_P","Eruption+1","Vigilance","Halt","Consecrate","CarveReality+1","CutThroughFate","Conclude","BowlingBash","ClearTheMind","CarveReality+1","MentalFortress+1","ThirdEye","Blasphemy"],"relics":["PureWater","NeowsBlessing","Golden Idol","CeramicFish","Bird Faced Urn","Shuriken","Yang","DollysMirror","Runic Pyramid"],"acts_visited":["Exordium","TheCity"],"potions_floor_usage":[12,12,16],"damage_taken":[{"damage":0,"enemies":"2 Louse","floor":1,"turns":1},{"damage":0,"enemies":"Cultist","floor":4,"turns":1},{"damage":0,"enemies":"Jaw Worm","floor":5,"turns":1},{"damage":9,"enemies":"Looter","floor":7,"turns":4},{"damage":9,"enemies":"Gremlin Nob","floor":8,"turns":4},{"damage":10,"enemies":"Exordium Wildlife","floor":10,"turns":3},{"damage":0,"enemies":"Large Slime","floor":11,"turns":2},{"damage":0,"enemies":"Lagavulin","floor":12,"turns":4},{"damage":41,"enemies":"The Guardian","floor":16,"turns":10},{"damage":100015,"enemies":"3 Byrds","floor":18,"turns":4}],"seed_played":"-3328298150193976400","potions_obtained":[{"floor":7,"key":"LiquidMemories"},{"floor":8,"key":"PowerPotion"},{"floor":11,"key":"PowerPotion"}],"is_trial":false,"path_per_floor":["M","?","?","M","M","R","M","E","T","M","M","E","$","?","R","B",null,"M"],"character_chosen":"WATCHER","items_purchased":["DollysMirror","MentalFortress","ThirdEye"],"campfire_rested":0,"item_purchase_floors":[13,13,13],"current_hp_per_floor":[72,67,67,67,67,67,58,49,49,39,39,43,43,43,43,4,67,0,0],"gold":165,"neow_bonus":"THREE_ENEMY_KILL","is_daily":false,"chose_seed":false,"campfire_upgraded":2,"win_rate":0.0,"timestamp":1612157292,"path_taken":["M","?","?","M","?","R","M","E","T","M","M","E","$","?","R","BOSS","M"],"items_purchased_type":["Relic","Card","Card"],"build_version":"2020-12-22","purchased_purges":1,"victory":false,"max_hp_per_floor":[72,67,67,67,67,67,67,67,67,67,67,67,67,67,67,67,67,67,67],"card_choices":[{"not_picked":["FlyingSleeves","Consecrate"],"picked":"Halt","floor":1},{"not_picked":["PathToVictory","Halt"],"picked":"Consecrate","floor":4},{"not_picked":["Prostrate","Crescendo"],"picked":"CarveReality","floor":5},{"not_picked":["WreathOfFlame","ThirdEye"],"picked":"CutThroughFate","floor":7},{"not_picked":["Prostrate","Evaluate"],"picked":"Conclude","floor":8},{"not_picked":["Halt","Evaluate"],"picked":"BowlingBash","floor":10},{"not_picked":["BowlingBash","SpiritShield","DeceiveReality"],"picked":"SKIP","floor":11},{"not_picked":["PathToVictory","FlyingSleeves"],"picked":"ClearTheMind","floor":12},{"not_picked":["Judgement","Brilliance"],"picked":"Blasphemy","floor":16}],"player_experience":345034,"relics_obtained":[{"floor":3,"key":"CeramicFish"},{"floor":8,"key":"Bird Faced Urn"},{"floor":9,"key":"Shuriken"},{"floor":12,"key":"Yang"}],"event_choices":[{"damage_healed":0,"gold_gain":0,"player_choice":"Lose Max HP","damage_taken":0,"relics_obtained":["Golden Idol"],"max_hp_gain":0,"max_hp_loss":5,"event_name":"Golden Idol","floor":2,"gold_loss":0},{"damage_healed":0,"gold_gain":0,"player_choice":"Relic","damage_taken":0,"max_hp_gain":0,"max_hp_loss":0,"event_name":"Wheel of Change","floor":3,"gold_loss":0},{"damage_healed":0,"gold_gain":0,"player_choice":"Upgraded","damage_taken":0,"max_hp_gain":0,"max_hp_loss":0,"event_name":"Upgrade Shrine","floor":14,"gold_loss":0,"cards_upgraded":["MentalFortress"]}],"is_beta":false,"boss_relics":[{"not_picked":["HolyWater","Tiny House"],"picked":"Runic Pyramid"}],"items_purged_floors":[13],"is_endless":false,"potions_floor_spawned":[7,8,11],"killed_by":"3 Byrds","ascension_level":2}}