{"host":"6xnetdfutjfdr70g","time":1612202837,"event":{"mods":["BaseMod","Colored Powertips","Highlight Path","Minty Spire (QoL Compilation)","Relic Stats"],"gold_per_floor":[119,69,244,244,260,260,293,293,293,27,56,73,73,103,103,176,176,196,121,176,194,204,235,235,264,291,319,115,115,125,125,125,203,203,227,247,247,270,270,304,304,328,377,377,377],"floor_reached":44,"language":"ENG","playtime":1991,"items_purged":["Strike_R","Defend_R"],"score":913,"play_id":"d9e78d55-caf1-494b-8d70-897b2dcd76eb","local_time":"20210201120717","is_ascension_mode":true,"campfire_choices":[{"data":"Armaments","floor":6.0,"key":"SMITH"},{"data":"Shockwave","floor":8.0,"key":"SMITH"},{"data":"Bash","floor":13.0,"key":"SMITH"},{"floor":15.0,"key":"REST"},{"floor":24.0,"key":"REST"},{"floor":29.0,"key":"RECALL"},{"data":"Brutality","floor":32.0,"key":"SMITH"},{"data":"Metallicize","floor":41.0,"key":"SMITH"}],"circlet_count":0,"master_deck":["AscendersBane","Strike_R","Strike_R","Strike_R","Defend_R","Bash+1","Ghostly Armor","Armaments+1","Shockwave+1","Rampage","Spot Weakness","Headbutt","Reaper","Armaments+1","Twin Strike","Pommel Strike","Battle Trance+1","Brutality+1","Inflame","Shrug It Off","Metallicize+1","Iron Wave+1","Spot Weakness","Heavy Blade+1","Rage+1"],"relics":["Burning Blood","NeowsBlessing","White Beast Statue","Letter Opener","Bag of Preparation","Ornamental Fan","Nunchaku","Velvet Choker","Tiny Chest","Darkstone Periapt","CeramicFish","Bag of Marbles","SlaversCollar","Question Card","Regal Pillow","MealTicket"],"acts_visited":["Exordium","TheCity","TheBeyond"],"potions_floor_usage":[],"damage_taken":[{"damage":0.0,"enemies":"Cultist","floor":1.0,"turns":1.0},{"damage":0.0,"enemies":"2 Louse","floor":5.0,"turns":1.0},{"damage":0.0,"enemies":"Gremlin Nob","floor":7.0,"turns":1.0},{"damage":35.0,"enemies":"3 Sentries","floor":11.0,"turns":10.0},{"damage":5.0,"enemies":"Small Slimes","floor":12.0,"turns":3.0},{"damage":29.0,"enemies":"Gremlin Nob","floor":14.0,"turns":4.0},{"damage":29.0,"enemies":"Hexaghost","floor":16.0,"turns":8.0},{"damage":1.0,"enemies":"Shell Parasite","floor":18.0,"turns":5.0},{"damage":21.0,"enemies":"Spheric Guardian","floor":21.0,"turns":5.0},{"damage":16.0,"enemies":"Centurion and Healer","floor":22.0,"turns":6.0},{"damage":43.0,"enemies":"Book of Stabbing","floor":23.0,"turns":6.0},{"damage":17.0,"enemies":"Gremlin Leader","floor":25.0,"turns":7.0},{"damage":46.0,"enemies":"Slavers","floor":27.0,"turns":6.0},{"damage":26.0,"enemies":"Snake Plant","floor":30.0,"turns":4.0},{"damage":47.0,"enemies":"Champ","floor":33.0,"turns":9.0},{"damage":13.0,"enemies":"Orb Walker","floor":35.0,"turns":4.0},{"damage":6.0,"enemies":"3 Shapes","floor":36.0,"turns":6.0},{"damage":18.0,"enemies":"Sphere and 2 Shapes","floor":38.0,"turns":6.0},{"damage":21.0,"enemies":"Reptomancer","floor":40.0,"turns":6.0},{"damage":23.0,"enemies":"4 Shapes","floor":42.0,"turns":5.0},{"damage":51,"enemies":"Nemesis","floor":44,"turns":5}],"seed_played":"-1686332828158041212","potions_obtained":[{"floor":1.0,"key":"BloodPotion"},{"floor":11.0,"key":"Energy Potion"},{"floor":21.0,"key":"DuplicationPotion"},{"floor":25.0,"key":"Swift Potion"},{"floor":27.0,"key":"LiquidMemories"},{"floor":30.0,"key":"Energy Potion"},{"floor":33.0,"key":"Weak Potion"},{"floor":35.0,"key":"EssenceOfSteel"},{"floor":38.0,"key":"EssenceOfSteel"},{"floor":40.0,"key":"Fruit Juice"},{"floor":42.0,"key":"CultistPotion"}],"is_trial":false,"path_per_floor":["M","?","?","?","M","R","E","R","T","$","E","M","R","E","R","B",null,"M","?","T","M","M","E","R","E","T","E","$","R","M","?","R","B",null,"M","M","T","M","?","E","R","M","T","E"],"character_chosen":"IRONCLAD","items_purchased":["Bag of Preparation","Rampage","Inflame","Shrug It Off"],"campfire_rested":2,"item_purchase_floors":[10,10,28,28],"current_hp_per_floor":[74,74,74,74,75,75,75,75,75,75,46,47,47,24,46,23,62,72,72,72,72,65,41,63,69,69,65,65,65,52,52,52,23,62,65,65,65,53,53,61,61,49,49,0,0],"gold":377,"neow_bonus":"THREE_ENEMY_KILL","is_daily":false,"chose_seed":false,"campfire_upgraded":5,"win_rate":0.0,"timestamp":1612202837,"path_taken":["M","?","?","?","M","R","E","R","T","?","E","M","R","E","R","BOSS","M","?","?","?","M","E","R","E","T","E","$","R","?","?","R","BOSS","M","?","?","M","?","E","R","?","T","E"],"items_purchased_type":["Relic","Card","Card","Card"],"build_version":"2020-12-22","purchased_purges":2,"victory":false,"max_hp_per_floor":[75,75,75,75,75,75,75,75,75,75,75,75,75,75,75,75,75,75,75,75,75,75,75,75,75,75,75,75,75,75,75,75,75,75,75,75,75,75,75,75,75,80,80,80,80],"relic_stats":{"Darkstone Periapt":0,"Regal Pillow":0,"counters":[21,108],"CeramicFish":63,"Bag of Preparation":[36],"Letter Opener":[145],"Question Card":3,"Burning Blood":109,"Nunchaku":[16],"Ornamental Fan":[104],"Tiny Chest":1,"MealTicket":0,"obtain_stats":[{"Darkstone Periapt":25,"Regal Pillow":40,"NeowsBlessing":0,"CeramicFish":26,"Velvet Choker":17,"Bag of Preparation":10,"Letter Opener":9,"Question Card":37,"Burning Blood":0,"White Beast Statue":7,"SlaversCollar":34,"Nunchaku":14,"Ornamental Fan":11,"Tiny Chest":23,"MealTicket":43,"Bag of Marbles":27},{"Darkstone Periapt":12,"Regal Pillow":19,"NeowsBlessing":0,"CeramicFish":12,"Velvet Choker":7,"Bag of Preparation":3,"Letter Opener":3,"Question Card":17,"Burning Blood":0,"White Beast Statue":3,"SlaversCollar":15,"Nunchaku":6,"Ornamental Fan":4,"Tiny Chest":11,"MealTicket":20,"Bag of Marbles":13},{"Darkstone Periapt":57,"Regal Pillow":98,"NeowsBlessing":0,"CeramicFish":57,"Velvet Choker":28,"Bag of Preparation":3,"Letter Opener":3,"Question Card":86,"Burning Blood":0,"White Beast Statue":3,"SlaversCollar":76,"Nunchaku":20,"Ornamental Fan":13,"Tiny Chest":50,"MealTicket":103,"Bag of Marbles":63}]},"card_choices":[{"not_picked":["Wild Strike","Thunderclap"],"picked":"Ghostly Armor","floor":1.0},{"not_picked":["Iron Wave","Fiend Fire"],"picked":"Armaments","floor":5.0},{"not_picked":["Rupture","Dark Embrace"],"picked":"Shockwave","floor":7.0},{"not_picked":["Iron Wave","Reckless Charge","Havoc"],"picked":"SKIP","floor":11.0},{"not_picked":["Body Slam","Seeing Red"],"picked":"Spot Weakness","floor":12.0},{"not_picked":["Wild Strike","Thunderclap"],"picked":"Headbutt","floor":14.0},{"not_picked":["Exhume","Fiend Fire"],"picked":"Reaper","floor":16.0},{"not_picked":["Clash+1","Havoc"],"picked":"Armaments+1","floor":18.0},{"not_picked":["Clash","Shockwave"],"picked":"Twin Strike","floor":21.0},{"not_picked":["Armaments","Sever Soul"],"picked":"Pommel Strike","floor":22.0},{"not_picked":["Body Slam","Flame Barrier"],"picked":"Battle Trance+1","floor":23.0},{"not_picked":["Pommel Strike","Bloodletting+1"],"picked":"Brutality","floor":25.0},{"not_picked":["Second Wind","Thunderclap+1","Warcry"],"picked":"SKIP","floor":27.0},{"not_picked":["Body Slam+1","Armaments","Wild Strike"],"picked":"SKIP","floor":30.0},{"not_picked":["Flex","Seeing Red"],"picked":"Metallicize","floor":35.0},{"not_picked":["Reckless Charge","Fire Breathing"],"picked":"Iron Wave+1","floor":36.0},{"not_picked":["Thunderclap+1","Blood for Blood+1","Flex"],"picked":"Spot Weakness","floor":38.0},{"not_picked":["Battle Trance","Thunderclap","Rupture"],"picked":"Heavy Blade+1","floor":40.0},{"not_picked":["Sword Boomerang","Shrug It Off","Bloodletting"],"picked":"Rage+1","floor":42.0}],"player_experience":432992,"relics_obtained":[{"floor":7.0,"key":"White Beast Statue"},{"floor":9.0,"key":"Letter Opener"},{"floor":11.0,"key":"Ornamental Fan"},{"floor":14.0,"key":"Nunchaku"},{"floor":23.0,"key":"Tiny Chest"},{"floor":25.0,"key":"Darkstone Periapt"},{"floor":26.0,"key":"CeramicFish"},{"floor":27.0,"key":"Bag of Marbles"},{"floor":37.0,"key":"Question Card"},{"floor":40.0,"key":"Regal Pillow"},{"floor":43.0,"key":"MealTicket"}],"event_choices":[{"cards_removed":["Defend_R"],"damage_healed":0.0,"max_hp_gain":0.0,"max_hp_loss":0.0,"gold_gain":0.0,"event_name":"The Cleric","player_choice":"Card Removal","floor":2.0,"gold_loss":50.0,"damage_taken":0.0},{"damage_healed":0.0,"max_hp_gain":0.0,"max_hp_loss":0.0,"gold_gain":175.0,"event_name":"Liars Game","player_choice":"AGREE","floor":3.0,"gold_loss":0.0,"damage_taken":0.0,"cards_obtained":["Doubt"]},{"cards_removed":["Doubt"],"damage_healed":0.0,"max_hp_gain":0.0,"max_hp_loss":0.0,"gold_gain":0.0,"event_name":"Living Wall","player_choice":"Forget","floor":4.0,"gold_loss":0.0,"damage_taken":0.0},{"cards_removed":["Defend_R"],"damage_healed":0.0,"max_hp_gain":0.0,"max_hp_loss":0.0,"gold_gain":0.0,"event_name":"Beggar","player_choice":"Gave Gold","floor":19.0,"gold_loss":75.0,"damage_taken":0.0},{"damage_healed":0.0,"max_hp_gain":0.0,"max_hp_loss":0.0,"gold_gain":0.0,"event_name":"The Woman in Blue","player_choice":"Bought 0 Potions","floor":31.0,"gold_loss":0.0,"damage_taken":0.0},{"cards_removed":["Strike_R"],"damage_healed":0.0,"max_hp_gain":0.0,"max_hp_loss":0.0,"gold_gain":0.0,"event_name":"Purifier","player_choice":"Purged","floor":39.0,"gold_loss":0.0,"damage_taken":0.0}],"is_beta":false,"boss_relics":[{"not_picked":["SacredBark","Black Blood"],"picked":"Velvet Choker"},{"not_picked":["Coffee Dripper","Sozu"],"picked":"SlaversCollar"}],"items_purged_floors":[10,28],"is_endless":false,"potions_floor_spawned":[1,11,12,14,16,18,21,22,23,25,27,30,33,35,36,38,40,42],"killed_by":"Nemesis","ascension_level":14}}