{"host":"1c17lcvl7acx821p","time":1612201175,"event":{"mods":["AchievementEnabler","BaseMod","Colored Map","Minty Spire (QoL Compilation)","Quick Restart","Relic Sorter","StSLib"],"gold_per_floor":[111,122,141,161,161,196,208,261,273,306,30,52,52,87,87,168,168,191,290,302,302,320,351,368,380,407,440,440,466,493,513,513,600,600,618,618,424,447,458,458,484,537,537,553,573,130,130,148,148,148],"floor_reached":51,"language":"ENG","playtime":2266,"items_purged":["Defend_P","Strike_P","Strike_P"],"score":1388,"play_id":"01204f50-f1eb-45d9-bf7f-5f662ba1ee88","local_time":"20210201193935","is_ascension_mode":true,"campfire_choices":[{"data":"Tantrum","floor":7.0,"key":"SMITH"},{"floor":15.0,"key":"REST"},{"floor":28.0,"key":"REST"},{"floor":32.0,"key":"REST"},{"data":"DevaForm","floor":40.0,"key":"SMITH"},{"floor":47.0,"key":"REST"},{"data":"Blasphemy","floor":49.0,"key":"SMITH"}],"circlet_count":0,"master_deck":["AscendersBane","Strike_P+1","Defend_P+1","Defend_P+1","Eruption","Vigilance+1","ThirdEye+1","Tantrum+1","Wallop","EmptyBody+1","FearNoEvil","FearNoEvil+1","TalkToTheHand+1","Tantrum+1","CrushJoints+1","Tantrum","LessonLearned+1","MentalFortress+1","FearNoEvil+1","FearNoEvil+1","DevaForm+1","Tantrum","Scrawl","Blasphemy+1","Madness","Madness"],"relics":["Snecko Eye","CeramicFish","MawBank","Pear","The Courier","PreservedInsect","Thread and Needle","Empty Cage","War Paint","Boot","Oddly Smooth Stone","Turnip","Black Star","TheAbacus","Mummified Hand","White Beast Statue","Lizard Tail","Question Card","HandDrill"],"acts_visited":["Exordium","TheCity","TheBeyond"],"potions_floor_usage":[50,50],"damage_taken":[{"damage":0.0,"enemies":"2 Louse","floor":1.0,"turns":1.0},{"damage":0.0,"enemies":"Small Slimes","floor":2.0,"turns":2.0},{"damage":0.0,"enemies":"Jaw Worm","floor":3.0,"turns":2.0},{"damage":0.0,"enemies":"2 Fungi Beasts","floor":4.0,"turns":2.0},{"damage":21.0,"enemies":"3 Sentries","floor":6.0,"turns":13.0},{"damage":11.0,"enemies":"Gremlin Nob","floor":8.0,"turns":3.0},{"damage":0.0,"enemies":"Red Slaver","floor":10.0,"turns":2.0},{"damage":5.0,"enemies":"3 Louse","floor":12.0,"turns":2.0},{"damage":0.0,"enemies":"Lagavulin","floor":14.0,"turns":1.0},{"damage":8.0,"enemies":"Hexaghost","floor":16.0,"turns":7.0},{"damage":8.0,"enemies":"Chosen","floor":18.0,"turns":3.0},{"damage":0.0,"enemies":"Shell Parasite","floor":20.0,"turns":3.0},{"damage":0.0,"enemies":"Chosen and Byrds","floor":22.0,"turns":3.0},{"damage":12.0,"enemies":"Gremlin Leader","floor":23.0,"turns":4.0},{"damage":14.0,"enemies":"Snake Plant","floor":24.0,"turns":3.0},{"damage":2.0,"enemies":"Cultist and Chosen","floor":25.0,"turns":6.0},{"damage":4.0,"enemies":"Slavers","floor":27.0,"turns":3.0},{"damage":1.0,"enemies":"Centurion and Healer","floor":29.0,"turns":6.0},{"damage":13.0,"enemies":"Shelled Parasite and Fungi","floor":30.0,"turns":5.0},{"damage":0.0,"enemies":"Snecko","floor":31.0,"turns":5.0},{"damage":16.0,"enemies":"Champ","floor":33.0,"turns":10.0},{"damage":16.0,"enemies":"3 Shapes","floor":35.0,"turns":6.0},{"damage":6.0,"enemies":"Orb Walker","floor":38.0,"turns":6.0},{"damage":0.0,"enemies":"Transient","floor":39.0,"turns":5.0},{"damage":0.0,"enemies":"Reptomancer","floor":41.0,"turns":5.0},{"damage":22.0,"enemies":"2 Orb Walkers","floor":42.0,"turns":5.0},{"damage":14.0,"enemies":"Jaw Worm Horde","floor":44.0,"turns":3.0},{"damage":17.0,"enemies":"4 Shapes","floor":45.0,"turns":5.0},{"damage":33,"enemies":"Time Eater","floor":50,"turns":8}],"seed_played":"-8937438464094983248","potions_obtained":[{"floor":2.0,"key":"LiquidBronze"},{"floor":4.0,"key":"PowerPotion"},{"floor":6.0,"key":"Ambrosia"},{"floor":10.0,"key":"SteroidPotion"},{"floor":22.0,"key":"AttackPotion"},{"floor":23.0,"key":"PowerPotion"},{"floor":25.0,"key":"Swift Potion"},{"floor":27.0,"key":"LiquidMemories"},{"floor":29.0,"key":"DuplicationPotion"},{"floor":38.0,"key":"Swift Potion"},{"floor":41.0,"key":"Ancient Potion"},{"floor":42.0,"key":"Energy Potion"},{"floor":44.0,"key":"SteroidPotion"},{"floor":45.0,"key":"Dexterity Potion"}],"is_trial":false,"path_per_floor":["M","M","M","M","?","E","R","E","T","M","$","M","?","E","R","B",null,"M","?","M","?","M","E","M","M","T","E","R","M","M","M","R","B",null,"M","?","$","M","M","R","E","?","T","M","M","$","R","?","R","B",null],"character_chosen":"WATCHER","items_purchased":["PreservedInsect","TalkToTheHand","Tantrum","TheAbacus","Scrawl","Blasphemy","HandDrill"],"campfire_rested":4,"item_purchase_floors":[11,11,11,37,46,46,46],"current_hp_per_floor":[61,61,61,61,54,33,33,32,32,32,32,27,27,27,50,42,69,61,61,61,61,61,49,35,33,33,29,52,51,38,38,61,45,70,54,54,54,48,48,48,48,26,26,12,39,39,62,52,52,19],"gold":148,"neow_bonus":"BOSS_RELIC","is_daily":false,"chose_seed":false,"campfire_upgraded":3,"win_rate":0.0,"timestamp":1612201175,"path_taken":["M","M","M","M","?","E","R","E","T","M","$","M","?","E","R","BOSS","M","?","M","?","M","E","M","M","T","E","R","M","M","?","R","BOSS","M","?","$","?","M","R","E","?","T","M","M","$","R","?","R","BOSS"],"items_purchased_type":["Relic","Card","Card","Relic","Card","Card","Relic"],"build_version":"2020-12-22","purchased_purges":3,"victory":true,"max_hp_per_floor":[68,68,68,68,68,68,68,78,78,78,78,78,78,78,78,78,78,78,78,78,78,78,78,78,78,78,78,78,78,78,78,78,78,78,78,78,78,78,78,78,78,78,78,78,78,78,78,78,78,78],"card_choices":[{"not_picked":["SashWhip","Evaluate"],"picked":"ThirdEye","floor":1.0},{"not_picked":["FlyingSleeves","Crescendo"],"picked":"Tantrum","floor":2.0},{"not_picked":["WindmillStrike","ReachHeaven"],"picked":"Wallop","floor":3.0},{"not_picked":["BowlingBash","PathToVictory"],"picked":"EmptyBody","floor":4.0},{"not_picked":["FlurryOfBlows","ClearTheMind"],"picked":"FearNoEvil","floor":6.0},{"not_picked":["BattleHymn","Omniscience"],"picked":"FearNoEvil","floor":8.0},{"not_picked":["BowlingBash","PathToVictory"],"picked":"Halt","floor":10.0},{"not_picked":["PathToVictory","JustLucky"],"picked":"CrushJoints","floor":12.0},{"not_picked":["Vengeance","SashWhip"],"picked":"Tantrum","floor":14.0},{"not_picked":["Judgement","Scrawl"],"picked":"LessonLearned","floor":16.0},{"not_picked":["FearNoEvil","EmptyFist"],"picked":"MentalFortress","floor":18.0},{"not_picked":["FlurryOfBlows","Prostrate","Evaluate"],"picked":"SKIP","floor":20.0},{"not_picked":["Protect","DeceiveReality","Prostrate"],"picked":"SKIP","floor":22.0},{"not_picked":["SignatureMove","ForeignInfluence+1","FollowUp"],"picked":"SKIP","floor":23.0},{"not_picked":["FollowUp","Nirvana","WreathOfFlame"],"picked":"SKIP","floor":24.0},{"not_picked":["Vengeance","Prostrate","Crescendo"],"picked":"SKIP","floor":25.0},{"not_picked":["Collect","MasterReality","WindmillStrike"],"picked":"SKIP","floor":27.0},{"not_picked":["SignatureMove","Prostrate"],"picked":"FearNoEvil","floor":29.0},{"not_picked":["Evaluate","FlyingSleeves"],"picked":"FearNoEvil+1","floor":30.0},{"not_picked":["WreathOfFlame","InnerPeace","Halt+1"],"picked":"SKIP","floor":31.0},{"not_picked":["Blasphemy","Devotion"],"picked":"DevaForm","floor":33.0},{"not_picked":["FlyingSleeves","PathToVictory","ReachHeaven"],"picked":"SKIP","floor":35.0},{"not_picked":["CutThroughFate","WreathOfFlame"],"picked":"Tantrum","floor":38.0},{"not_picked":["PathToVictory","BowlingBash","Evaluate+1"],"picked":"SKIP","floor":39.0},{"not_picked":["CrushJoints","SignatureMove","Vengeance+1"],"picked":"SKIP","floor":41.0},{"not_picked":["EmptyBody","ForeignInfluence","ClearTheMind+1","Collect"],"picked":"SKIP","floor":44.0},{"not_picked":["Consecrate","ClearTheMind","BowlingBash","CrushJoints+1"],"picked":"SKIP","floor":45.0}],"player_experience":266536,"relics_obtained":[{"floor":6.0,"key":"MawBank"},{"floor":8.0,"key":"Pear"},{"floor":9.0,"key":"The Courier"},{"floor":14.0,"key":"Thread and Needle"},{"floor":23.0,"key":"Boot"},{"floor":26.0,"key":"Oddly Smooth Stone"},{"floor":27.0,"key":"Turnip"},{"floor":41.0,"key":"Mummified Hand"},{"floor":41.0,"key":"White Beast Statue"},{"floor":42.0,"key":"Lizard Tail"},{"floor":43.0,"key":"Question Card"}],"event_choices":[{"damage_healed":0.0,"max_hp_gain":0.0,"max_hp_loss":0.0,"gold_gain":0.0,"event_name":"Scrap Ooze","player_choice":"Success","floor":5.0,"gold_loss":0.0,"damage_taken":7.0,"relics_obtained":["CeramicFish"]},{"damage_healed":0.0,"max_hp_gain":0.0,"max_hp_loss":0.0,"gold_gain":0.0,"event_name":"Living Wall","player_choice":"Grow","floor":13.0,"gold_loss":0.0,"damage_taken":0.0,"cards_upgraded":["TalkToTheHand"]},{"damage_healed":0.0,"max_hp_gain":0.0,"max_hp_loss":0.0,"gold_gain":99.0,"event_name":"Nest","player_choice":"Stole From Cult","floor":19.0,"gold_loss":0.0,"damage_taken":0.0},{"cards_removed":["Halt"],"damage_healed":0.0,"max_hp_gain":0.0,"max_hp_loss":0.0,"gold_gain":0.0,"event_name":"WeMeetAgain","player_choice":"Gave Card","floor":21.0,"gold_loss":0.0,"damage_taken":0.0,"relics_obtained":["War Paint"]},{"damage_healed":0.0,"max_hp_gain":0.0,"max_hp_loss":0.0,"gold_gain":0.0,"event_name":"Match and Keep!","player_choice":"0 cards matched","floor":36.0,"gold_loss":0.0,"damage_taken":0.0,"cards_obtained":[]},{"damage_healed":0.0,"max_hp_gain":0.0,"max_hp_loss":0.0,"gold_gain":0.0,"event_name":"Mysterious Sphere","player_choice":"Fight","floor":42.0,"gold_loss":0.0,"damage_taken":0.0},{"damage_healed":0.0,"max_hp_gain":0.0,"max_hp_loss":0.0,"gold_gain":0.0,"event_name":"Winding Halls","player_choice":"Embrace Madness","floor":48.0,"gold_loss":0.0,"damage_taken":10.0,"cards_obtained":["Madness","Madness"]}],"is_beta":false,"boss_relics":[{"not_picked":["Sozu","Runic Dome"],"picked":"Empty Cage"},{"not_picked":["Coffee Dripper","SacredBark"],"picked":"Black Star"}],"items_purged_floors":[11,37,46],"is_endless":false,"potions_floor_spawned":[2,4,6,10,22,23,25,27,29,33,38,41,42,44,45],"ascension_level":14}}