{"host":"lfvf97io7xuhaz8c","time":1612176110,"event":{"mods":["2.2 Compatiblity","BaseMod","Bestiary","Colored Map","Colored Powertips","Curses Come First","Highlight Path","Minty Spire (QoL Compilation)","Relic Stats","StSLib","SuperFastMode"],"gold_per_floor":[99,99,99,99,99,99,99,99,99,99,99,24,9,9,9,9,9,9,9,9,9,9,9,9,9],"floor_reached":24,"language":"FRA","playtime":1426,"items_purged":["Strike_R"],"score":270,"play_id":"03921871-030d-4f11-803b-b6cad2608479","local_time":"20210201114150","is_ascension_mode":true,"campfire_choices":[{"data":"Dual Wield","floor":6,"key":"SMITH"},{"data":"Uppercut","floor":8,"key":"SMITH"},{"floor":15,"key":"REST"},{"floor":23,"key":"REST"}],"circlet_count":0,"master_deck":["Defend_R+1","Defend_R","Defend_R+1","Defend_R+1","Bash+1","Shrug It Off","Pommel Strike","Dual Wield+1","Clothesline","Uppercut+1","Fire Breathing","Barricade","Rupture+1","Evolve+1","Limit Break+1","Second Wind","Feel No Pain"],"relics":["Ectoplasm","CeramicFish","War Paint","Astrolabe"],"acts_visited":["Exordium","TheCity"],"potions_floor_usage":[4,7,10,24],"damage_taken":[{"damage":1,"enemies":"Cultist","floor":1,"turns":3},{"damage":1,"enemies":"2 Louse","floor":2,"turns":3},{"damage":0,"enemies":"Small Slimes","floor":4,"turns":2},{"damage":0,"enemies":"Exordium Wildlife","floor":5,"turns":4},{"damage":5,"enemies":"Gremlin Nob","floor":7,"turns":3},{"damage":0,"enemies":"3 Louse","floor":10,"turns":3},{"damage":4,"enemies":"Exordium Thugs","floor":13,"turns":4},{"damage":0,"enemies":"Blue Slaver","floor":14,"turns":3},{"damage":12,"enemies":"Slime Boss","floor":16,"turns":8},{"damage":8,"enemies":"Shell Parasite","floor":18,"turns":9},{"damage":26,"enemies":"Spheric Guardian","floor":21,"turns":6},{"damage":30,"enemies":"Centurion and Healer","floor":22,"turns":12},{"damage":40,"enemies":"Gremlin Leader","floor":24,"turns":3}],"seed_played":"6494265423819488136","potions_obtained":[{"floor":2,"key":"Fire Potion"},{"floor":5,"key":"LiquidBronze"},{"floor":7,"key":"SpeedPotion"},{"floor":22,"key":"SpeedPotion"}],"is_trial":false,"path_per_floor":["M","M","?","M","M","R","E","R","T","M","?","$","M","M","R","B",null,"M","?","?","M","M","R","E"],"character_chosen":"IRONCLAD","items_purchased":[],"campfire_rested":2,"item_purchase_floors":[],"current_hp_per_floor":[71,70,54,54,54,54,49,49,49,49,42,42,38,38,62,50,73,65,65,65,39,9,33,0,0],"gold":9,"neow_bonus":"BOSS_RELIC","is_daily":false,"chose_seed":false,"campfire_upgraded":2,"win_rate":0.0,"timestamp":1612176110,"path_taken":["M","?","?","M","M","R","E","R","T","M","?","$","M","M","R","BOSS","M","?","?","?","M","R","E"],"items_purchased_type":[],"build_version":"2020-12-22","purchased_purges":1,"victory":false,"max_hp_per_floor":[80,80,80,80,80,80,80,80,80,80,80,80,80,80,80,80,80,80,80,80,80,80,80,80,80],"relic_stats":{"counters":[13,63],"CeramicFish":0,"Astrolabe":["Rupture","Evolve","Limit Break"],"Ectoplasm":610,"War Paint":["Defend_R","Defend_R"],"obtain_stats":[{"CeramicFish":7,"Astrolabe":17,"Ectoplasm":0,"War Paint":9,"Burning Blood":0},{"CeramicFish":5,"Astrolabe":9,"Ectoplasm":0,"War Paint":5,"Burning Blood":0},{"CeramicFish":15,"Astrolabe":33,"Ectoplasm":0,"War Paint":15,"Burning Blood":0}]},"card_choices":[{"not_picked":["Body Slam","Evolve"],"picked":"Shrug It Off","floor":1},{"not_picked":["Feel No Pain","Spot Weakness"],"picked":"Pommel Strike","floor":2},{"not_picked":["Headbutt","Havoc"],"picked":"Dual Wield","floor":4},{"not_picked":["Havoc","Carnage"],"picked":"Clothesline","floor":5},{"not_picked":["Pummel","Sentinel"],"picked":"Uppercut","floor":7},{"not_picked":["Headbutt","Berserk"],"picked":"Fire Breathing","floor":10},{"not_picked":["Dark Embrace","Bloodletting","Blood for Blood"],"picked":"SKIP","floor":13},{"not_picked":["Body Slam","Warcry","Feel No Pain"],"picked":"SKIP","floor":14},{"not_picked":["Immolate","Exhume"],"picked":"Barricade","floor":16},{"not_picked":["Clash","Havoc+1"],"picked":"Second Wind","floor":18},{"not_picked":["Evolve","Seeing Red"],"picked":"Feel No Pain","floor":21},{"not_picked":["Pommel Strike","Sword Boomerang","Warcry"],"picked":"SKIP","floor":22}],"player_experience":1493916,"relics_obtained":[{"floor":7,"key":"CeramicFish"},{"floor":9,"key":"War Paint"}],"event_choices":[{"damage_healed":0,"gold_gain":0,"player_choice":"Entered Light","damage_taken":16,"max_hp_gain":0,"max_hp_loss":0,"event_name":"Shining Light","floor":3,"gold_loss":0,"cards_upgraded":["Defend_R","Bash"]},{"cards_removed":["Strike_R"],"damage_healed":0,"gold_gain":0,"player_choice":"Card Removal","damage_taken":7,"max_hp_gain":0,"max_hp_loss":0,"event_name":"Golden Wing","floor":11,"gold_loss":0},{"damage_healed":0,"gold_gain":0,"player_choice":"Ignored","damage_taken":0,"max_hp_gain":0,"max_hp_loss":0,"event_name":"Vampires","floor":19,"gold_loss":0},{"damage_healed":0,"gold_gain":200,"player_choice":"Gold","damage_taken":0,"max_hp_gain":0,"max_hp_loss":0,"event_name":"Wheel of Change","floor":20,"gold_loss":0}],"is_beta":false,"boss_relics":[{"not_picked":["SacredBark","Tiny House"],"picked":"Astrolabe"}],"items_purged_floors":[12],"is_endless":false,"potions_floor_spawned":[2,5,7,22],"killed_by":"Gremlin Leader","ascension_level":7}}