{"host":"benup6enu91i1qg3","time":1612194970,"event":{"mods":["Act Like it!","BaseMod","Challenge The Spire","Downfall","Minty Spire (QoL Compilation)","Reorder Act Four","Replay The Spire","StSLib","UnlockEverythingMod"],"gold_per_floor":[99,113,133,150,167,167,191,201,201,17,17,17,17,34,52,52,52,52],"floor_reached":16,"language":"ZHS","playtime":759,"items_purged":[],"score":99,"play_id":"c72340c4-927f-4cf9-a4ed-b9501ecb9193","local_time":"20210201235610","is_ascension_mode":true,"campfire_choices":[{"floor":1,"key":"DIG"},{"data":"Slimebound:SplitLeeching","floor":11,"key":"SMITH"},{"data":"Slimebound:Split","floor":13,"key":"SMITH"}],"circlet_count":0,"master_deck":["Slimebound:Strike_Slimebound","Slimebound:Strike_Slimebound","Slimebound:Strike_Slimebound","Slimebound:Tackle","Slimebound:Defend_Slimebound","Slimebound:Defend_Slimebound","Slimebound:Defend_Slimebound","Slimebound:Defend_Slimebound","Slimebound:Split+1","Slimebound:CorrosiveSpit+1","Slimebound:ProtectTheBoss","Slimebound:SpikyOuterGoop","Slimebound:ProtectTheBoss","Slimebound:SplitLeeching+1","Slimebound:MinionMaster","Slimebound:SlimeTap+1","expansioncontent:DashGenerateEvil+1","Slimebound:SplitMire","Slimebound:Schlurp"],"relics":["Slimebound:AbsorbEndCombat","Gambling Chip","Pen Nib","Golden Egg"],"acts_visited":["Exordium"],"potions_floor_usage":[],"damage_taken":[{"damage":3,"enemies":"2 Louse","floor":2,"turns":3},{"damage":0,"enemies":"Cultist","floor":3,"turns":4},{"damage":0,"enemies":"Small Slimes","floor":4,"turns":5},{"damage":9,"enemies":"2 Fungi Beasts","floor":5,"turns":4},{"damage":3,"enemies":"Large Slime","floor":8,"turns":6},{"damage":2,"enemies":"downfall:FleeingMerchant","floor":10,"turns":4},{"damage":0,"enemies":"Red Slaver","floor":14,"turns":4},{"damage":5,"enemies":"Lots of Slimes","floor":15,"turns":4},{"damage":65,"enemies":"SI_SHIV_ARCHETYPE","floor":16,"turns":7}],"seed_played":"-1183870028783247415","potions_obtained":[{"floor":6,"key":"ColorlessPotion"},{"floor":6,"key":"Fire Potion"},{"floor":6,"key":"Slimebound:SpawnSlimePotion"},{"floor":14,"key":"Milkshake"}],"is_trial":false,"path_per_floor":["R","M","M","M","M","?","T","M","T","$","R","?","R","M","M","B"],"character_chosen":"SLIMEBOUND","items_purchased":["expansioncontent:DashGenerateEvil"],"campfire_rested":0,"item_purchase_floors":[10],"current_hp_per_floor":[59,56,59,59,54,54,54,55,55,57,57,57,57,59,58,0,0,0],"gold":52,"neow_bonus":"ONE_RARE_RELIC","is_daily":false,"chose_seed":false,"campfire_upgraded":2,"win_rate":0.0,"timestamp":1612194970,"path_taken":["R","M","M","M","M","?","T","?","?","?","R","?","R","M","M","BOSS"],"items_purchased_type":["Card"],"build_version":"2020-12-22","purchased_purges":0,"victory":false,"max_hp_per_floor":[59,59,59,59,59,59,59,59,59,59,59,59,59,59,59,59,59,59],"card_choices":[{"not_picked":["Slimebound:LeechEnergy","Slimebound:SplitLeeching"],"picked":"Slimebound:ProtectTheBoss","floor":2},{"not_picked":["Slimebound:LivingWall","Slimebound:ViciousTackle"],"picked":"Slimebound:SpikyOuterGoop","floor":3},{"not_picked":["Slimebound:LeechEnergy","Slimebound:TongueLash"],"picked":"Slimebound:ProtectTheBoss","floor":4},{"not_picked":["Slimebound:Schlurp","Slimebound:HauntingLick"],"picked":"Slimebound:SplitLeeching","floor":5},{"not_picked":["Slimebound:SplitLeeching","Slimebound:RejuvenatingLick"],"picked":"Slimebound:MinionMaster","floor":8},{"not_picked":["Slimebound:ForwardTackle","Slimebound:Prepare"],"picked":"Slimebound:SlimeTap","floor":10},{"not_picked":["Slimebound:SplitAcid","Slimebound:SlimeBarrage"],"picked":"Slimebound:SplitMire","floor":14},{"not_picked":["Slimebound:SplitMire","Slimebound:DisruptingSlam"],"picked":"Slimebound:Schlurp","floor":15}],"player_experience":33623,"relics_obtained":[{"floor":1,"key":"Blue Doll"},{"floor":7,"key":"Pen Nib"},{"floor":9,"key":"Golden Egg"}],"event_choices":[],"is_beta":false,"boss_relics":[],"items_purged_floors":[],"is_endless":false,"potions_floor_spawned":[14,15],"killed_by":"SI_SHIV_ARCHETYPE","ascension_level":1}}