{"host":"plbsiuh3vwan8ocg","time":1612156333,"event":{"mods":["BaseMod","Downfall","Minty Spire (QoL Compilation)","Quick Restart","StSLib"],"gold_per_floor":[99,119,130,148,158,158,158,183,83,102,102,2,18,53,76,180,180,180,200,219,68,68,108,159,180,206,49,49,92,111,111,130,237,287,287,299,318,339,409,429,429,56,106,106,6,6,6,30,50,50,50,50,50,50],"floor_reached":52,"language":"ENG","playtime":9832,"items_purged":["Pain","Pride"],"score":847,"play_id":"ea83b900-8816-4d59-bb60-df1106972d0c","local_time":"20210201001213","is_ascension_mode":true,"campfire_choices":[{"floor":1.0,"key":"RECALL"},{"data":"hexamod:HexaLevel","floor":9.0,"key":"SMITH"},{"floor":12.0,"key":"REST"},{"data":"hexamod:GhostOfSpirePresent","floor":18.0,"key":"SMITH"},{"data":"hexamod:RecurringNightmare","floor":35.0,"key":"SMITH"},{"data":"expansioncontent:DashGenerateEvil","floor":45,"key":"SMITH"},{"floor":47,"key":"REST"}],"circlet_count":0,"master_deck":["hexamod:Strike","hexamod:Strike","hexamod:Strike","hexamod:Strike","hexamod:Defend","hexamod:Defend","hexamod:Defend","hexamod:Defend+1","hexamod:Sear","hexamod:Float","hexamod:Incineration","hexamod:SuperheatedStrike","hexamod:ThermalTransfer","hexamod:HeatCrush","hexamod:HexaLevel+1","hexamod:GhostShield","hexamod:SecondSeal","hexamod:EtherealExpedition","hexamod:NightmareStrike","hexamod:GhostOfSpirePresent+1","hexamod:SkipABeat+1","hexamod:RadiantFlame+1","hexamod:FirstSeal","hexamod:FlamesFromBeyond","hexamod:BurningTouch+1","hexamod:NightmareGuise+1","hexamod:RecurringNightmare+1","hexamod:TimeOfNeed","hexamod:HeatMetal","downfall:Bewildered","hexamod:SpectralAdrenaline","hexamod:UnleashSpirits","hexamod:RainOfEmbers","hexamod:SwordOfDarkness+1","hexamod:SoulSteal","hexamod:SpectralSpark+1","hexamod:FlamesFromBeyond+1","expansioncontent:DashGenerateEvil+1","hexamod:ThirdSeal","Jack Of All Trades","Magnetism","hexamod:RecurringNightmare+1","hexamod:FastForward+1","hexamod:SkipABeat+1","hexamod:InspiringFlames+1"],"relics":["hexamod:SpiritBrand","TungstenRod","White Beast Statue","Nunchaku","downfall:HeartBlessingRed","WarpedTongs","downfall:HeartBlessingGreen","Bottled Lightning","hexamod:IceCube","Bronze Scales","Question Card","Bag of Preparation","Lee\u0027s Waffle","Regal Pillow","hexamod:MatchstickCase","sneckomod:BabySnecko","Tiny House","FossilizedHelix","downfall:HeartBlessingBlue"],"acts_visited":["Exordium","TheCity","TheBeyond","TheEnding"],"potions_floor_usage":[43,50],"damage_taken":[{"damage":0.0,"enemies":"Cultist","floor":2.0,"turns":3.0},{"damage":6.0,"enemies":"Jaw Worm","floor":3.0,"turns":3.0},{"damage":3.0,"enemies":"2 Louse","floor":4.0,"turns":2.0},{"damage":7.0,"enemies":"Exordium Wildlife","floor":5.0,"turns":3.0},{"damage":18.0,"enemies":"Lagavulin","floor":8.0,"turns":5.0},{"damage":0.0,"enemies":"3 Louse","floor":10.0,"turns":3.0},{"damage":4.0,"enemies":"Large Slime","floor":13.0,"turns":3.0},{"damage":6.0,"enemies":"3 Sentries","floor":14.0,"turns":8.0},{"damage":19.0,"enemies":"Gremlin Gang","floor":15.0,"turns":4.0},{"damage":35.0,"enemies":"WA_ARCHETYPE_RETAIN","floor":16.0,"turns":10.0},{"damage":4.0,"enemies":"Spheric Guardian","floor":19.0,"turns":4.0},{"damage":22.0,"enemies":"3 Byrds","floor":20.0,"turns":3.0},{"damage":0.0,"enemies":"downfall:FleeingMerchant","floor":21.0,"turns":4.0},{"damage":0.0,"enemies":"Snake Plant","floor":22.0,"turns":1.0},{"damage":25.0,"enemies":"Slavers","floor":23.0,"turns":6.0},{"damage":13.0,"enemies":"Chosen and Byrds","floor":25.0,"turns":5.0},{"damage":16.0,"enemies":"3 Cultists","floor":26.0,"turns":4.0},{"damage":0.0,"enemies":"downfall:FleeingMerchant","floor":27.0,"turns":4.0},{"damage":9.0,"enemies":"Book of Stabbing","floor":29.0,"turns":4.0},{"damage":3.0,"enemies":"Centurion and Healer","floor":30.0,"turns":5.0},{"damage":0.0,"enemies":"Chosen and Byrds","floor":32.0,"turns":4.0},{"damage":23.0,"enemies":"DF_ARCHETYPE_CLAW","floor":33.0,"turns":7.0},{"damage":26.0,"enemies":"3 Darklings","floor":36.0,"turns":5.0},{"damage":17.0,"enemies":"Orb Walker","floor":37.0,"turns":3.0},{"damage":0.0,"enemies":"3 Darklings","floor":38.0,"turns":4.0},{"damage":0.0,"enemies":"downfall:FleeingMerchant","floor":39.0,"turns":2.0},{"damage":8.0,"enemies":"4 Shapes","floor":40.0,"turns":5.0},{"damage":14,"floor":43,"turns":5},{"damage":0,"enemies":"Transient","floor":48,"turns":5},{"damage":0,"enemies":"Maw","floor":49,"turns":5},{"damage":95,"enemies":"SI_POISON_ARCHETYPE","floor":50,"turns":7},{"damage":158,"enemies":"downfall:CharBossMerchant","floor":52,"turns":8}],"seed_played":"-2270327219727516937","potions_obtained":[{"floor":8.0,"key":"Guardian:BlockOnCardUsePotion"},{"floor":10.0,"key":"Dexterity Potion"},{"floor":13.0,"key":"Block Potion"},{"floor":14.0,"key":"hexamod:SoulburnPotion"},{"floor":15.0,"key":"ColorlessPotion"},{"floor":16.0,"key":"LiquidBronze"},{"floor":19.0,"key":"FearPotion"},{"floor":20.0,"key":"SmokeBomb"},{"floor":21.0,"key":"hexamod:SoulburnPotion"},{"floor":23.0,"key":"SteroidPotion"},{"floor":26.0,"key":"LiquidMemories"},{"floor":27.0,"key":"SpeedPotion"},{"floor":29.0,"key":"GamblersBrew"},{"floor":33.0,"key":"AttackPotion"},{"floor":34.0,"key":"BlessingOfTheForge"},{"floor":36.0,"key":"ColorlessPotion"},{"floor":37.0,"key":"hexamod:SoulburnPotion"},{"floor":38.0,"key":"FairyPotion"},{"floor":43,"key":"ColorlessPotion"},{"floor":49,"key":"CultistPotion"}],"is_trial":false,"path_per_floor":["R","M","M","M","M","?","T","E","R","M","?","R","M","E","M","B",null,"R","M","M","$","M","E","T","M","M","$","?","E","M","?","M","B",null,"R","M","M","M","?","M","T","$","?","$","R","?","R","M","M","B",null,"E"],"character_chosen":"THE_SPIRIT","items_purchased":["Bronze Scales","Lee\u0027s Waffle","expansioncontent:DashGenerateEvil","Jack Of All Trades","Magnetism"],"campfire_rested":2,"item_purchase_floors":[21,27,39,42,42],"current_hp_per_floor":[77,77,71,68,61,61,61,43,43,43,43,66,62,56,37,2,77,77,73,51,51,51,33,33,27,18,84,84,75,79,79,79,63,89,89,70,60,67,67,66,66,66,59,59,69,69,99,99,99,11,99,0,0,0],"gold":50,"neow_bonus":"TEN_PERCENT_HP_BONUS","is_daily":false,"chose_seed":false,"campfire_upgraded":4,"win_rate":0.0,"timestamp":1612156333,"path_taken":["R","M","M","M","M","?","T","E","R","?","?","R","?","E","M","BOSS","R","M","M","$","M","E","T","M","?","$","?","E","M","?","M","BOSS","R","M","M","M","?","M","T","$","?","?","R","?","R","M","M","BOSS","E"],"items_purchased_type":["Relic","Relic","Card","Card","Card"],"build_version":"2020-12-22","purchased_purges":2,"victory":false,"max_hp_per_floor":[77,77,77,77,77,77,77,77,77,77,77,77,77,77,77,77,77,77,77,77,77,77,77,77,77,77,84,84,84,84,84,84,84,89,89,89,89,89,89,89,89,89,89,89,99,99,99,99,99,99,99,99,99,99],"card_choices":[{"not_picked":["hexamod:Hexaguard","hexamod:GhostShield"],"picked":"hexamod:Incineration","floor":2.0},{"not_picked":["hexamod:HeatCrush","hexamod:NightmareStrike"],"picked":"hexamod:SuperheatedStrike","floor":3.0},{"not_picked":["hexamod:DynamicBlow","hexamod:Firestarter"],"picked":"hexamod:ThermalTransfer","floor":4.0},{"not_picked":["hexamod:RetreatToShadows","hexamod:HeatMetal"],"picked":"hexamod:HeatCrush","floor":5.0},{"not_picked":["hexamod:StepThrough","hexamod:HauntingEcho"],"picked":"hexamod:HexaLevel","floor":8.0},{"not_picked":["hexamod:ChargedBarrage","hexamod:Firestarter"],"picked":"hexamod:GhostShield","floor":10.0},{"not_picked":["hexamod:SpectralSpark","hexamod:GhostShield"],"picked":"hexamod:SecondSeal","floor":13.0},{"not_picked":["hexamod:HeatShield","hexamod:ShieldOfDarkness"],"picked":"hexamod:EtherealExpedition","floor":14.0},{"not_picked":["hexamod:AdvancingGuard","hexamod:Firestarter"],"picked":"hexamod:NightmareStrike","floor":15.0},{"not_picked":["hexamod:WildfireWeapon","hexamod:GhostflameInferno"],"picked":"hexamod:GhostOfSpirePresent","floor":16.0},{"not_picked":["hexamod:NightmareGuise","hexamod:HauntingEcho+1"],"picked":"hexamod:SkipABeat+1","floor":19.0},{"not_picked":["hexamod:Haunt","hexamod:SwordOfDarkness"],"picked":"hexamod:RadiantFlame+1","floor":20.0},{"not_picked":["hexamod:AdvancingGuard","hexamod:InspiringFlames+1"],"picked":"hexamod:FirstSeal","floor":21.0},{"not_picked":["hexamod:Firestarter","hexamod:BurningTouch+1"],"picked":"hexamod:FlamesFromBeyond","floor":23.0},{"not_picked":["hexamod:PhantomCloak","hexamod:InspiringFlames","hexamod:Hexaguard"],"picked":"hexamod:BurningTouch+1","floor":25.0},{"not_picked":["hexamod:FlamesFromBeyond","hexamod:AdvancingGuard","hexamod:ExtraCrispy"],"picked":"hexamod:NightmareGuise+1","floor":26.0},{"not_picked":["hexamod:HeatMetal","hexamod:GhostLash+1","hexamod:SecondSeal"],"picked":"hexamod:RecurringNightmare","floor":27.0},{"not_picked":["hexamod:NecessarySacrifice","hexamod:SpectralSpark","hexamod:HauntingEcho+1"],"picked":"hexamod:TimeOfNeed","floor":29.0},{"not_picked":["hexamod:HeatCrush","hexamod:BacktrackSmack","hexamod:RadiantFlame"],"picked":"hexamod:HeatMetal","floor":30.0},{"not_picked":["hexamod:Again","hexamod:Haunt","hexamod:GhostOfSpirePast+1"],"picked":"hexamod:SpectralAdrenaline","floor":32.0},{"not_picked":["hexamod:SearingWound","hexamod:GhostflameInferno","hexamod:GhostOfSpirePresent"],"picked":"hexamod:UnleashSpirits","floor":33.0},{"not_picked":["hexamod:GhostLash","hexamod:NightmareGuise+1","hexamod:DynamicBlow"],"picked":"hexamod:RainOfEmbers","floor":34.0},{"not_picked":["hexamod:Haunt+1","hexamod:NecessarySacrifice+1","hexamod:BacktrackSmack+1"],"picked":"hexamod:SwordOfDarkness+1","floor":36.0},{"not_picked":["hexamod:HeatMetal","hexamod:ExtraCrispy+1","hexamod:GhostShield"],"picked":"hexamod:SoulSteal","floor":37.0},{"not_picked":["hexamod:FirstSeal","hexamod:BacktrackSmack","hexamod:GhostOfSpireFuture"],"picked":"hexamod:SpectralSpark+1","floor":38.0},{"not_picked":["hexamod:StepThrough+1","hexamod:SuperheatedStrike","hexamod:HeatMetal"],"picked":"hexamod:FlamesFromBeyond+1","floor":39.0},{"not_picked":["hexamod:GhostShield","hexamod:Haunt+1","hexamod:DynamicBlow"],"picked":"hexamod:ThirdSeal","floor":40.0},{"not_picked":["hexamod:GhostflameBarrier","hexamod:HeatShield+1","hexamod:NightmareStrike+1"],"picked":"hexamod:RecurringNightmare+1","floor":43},{"not_picked":["hexamod:GhostOfSpirePresent","hexamod:SuperheatedStrike+1","hexamod:BurningTouch+1"],"picked":"hexamod:FastForward+1","floor":48},{"not_picked":["hexamod:SpectersWail+1","hexamod:HeatMetal","hexamod:BacktrackSmack+1"],"picked":"hexamod:SkipABeat+1","floor":48},{"not_picked":["hexamod:BurningTouch+1","hexamod:GhostShield+1","hexamod:ThermalTransfer"],"picked":"hexamod:InspiringFlames+1","floor":49}],"player_experience":482345,"relics_obtained":[{"floor":6.0,"key":"TungstenRod"},{"floor":7.0,"key":"White Beast Statue"},{"floor":8.0,"key":"Nunchaku"},{"floor":14.0,"key":"Bottled Lightning"},{"floor":23.0,"key":"Question Card"},{"floor":24.0,"key":"Bag of Preparation"},{"floor":29.0,"key":"hexamod:MatchstickCase"},{"floor":43,"key":"FossilizedHelix"}],"event_choices":[{"damage_healed":0.0,"max_hp_gain":0.0,"max_hp_loss":0.0,"gold_gain":0.0,"event_name":"Wheel of Change","player_choice":"Relic","floor":6.0,"gold_loss":0.0,"damage_taken":0.0},{"damage_healed":0.0,"max_hp_gain":0.0,"max_hp_loss":0.0,"gold_gain":0.0,"event_name":"Accursed Blacksmith","player_choice":"Rummage","floor":11.0,"gold_loss":0.0,"damage_taken":0.0,"relics_obtained":["WarpedTongs"],"cards_obtained":["Pain"]},{"damage_healed":0.0,"max_hp_gain":0.0,"max_hp_loss":0.0,"gold_gain":0.0,"event_name":"Addict","player_choice":"Stole Relic","floor":28.0,"gold_loss":0.0,"damage_taken":0.0,"relics_obtained":["Regal Pillow"],"cards_obtained":["Pride"]}],"is_beta":false,"boss_relics":[{"not_picked":["Sozu","SlaversCollar"],"picked":"hexamod:IceCube"},{"not_picked":["Philosopher\u0027s Stone","Black Star"],"picked":"Tiny House"}],"items_purged_floors":[39,42],"is_endless":false,"potions_floor_spawned":[8,10,13,14,15,16,19,20,21,22,23,25,26,27,29,30,32,33,36,37,38,39,40,43,48,49],"killed_by":"downfall:CharBossMerchant","ascension_level":1}}