{"host":"mmz2kvn5kzkhi5zs","time":1612158678,"event":{"mods":["Act Like it!","BaseMod","Downfall","Hallownest","Marisa????????","Minty Spire (QoL Compilation)","Replay The Spire","StSLib","The Bug Knight","The Cursed","The Jungle"],"gold_per_floor":[118,136,136,28,38,38,63,81,153,163,163,163,177,1,1,97,97,107,107,107,122,17,17,28,41,92,0,11,25,25,41,41,141,141,157,157,167,180,203,203,221,239,239,202,202,219,65,76,76,76,76],"floor_reached":50,"language":"ENG","playtime":6103,"items_purged":[],"score":825,"play_id":"b0649542-605d-40a7-bfac-73a5bc288480","local_time":"20210131235118","is_ascension_mode":false,"campfire_choices":[{"data":"Replay:Poison Smokescreen","floor":6,"key":"SMITH"},{"floor":15,"key":"REST"},{"floor":23,"key":"REST"},{"floor":30,"key":"REST"},{"floor":32,"key":"REST"},{"floor":40,"key":"REST"},{"floor":45,"key":"REST"},{"floor":49,"key":"REST"}],"circlet_count":0,"master_deck":["Defend_G+1","Defend_G+1","Defend_G+1","Defend_G+1","Defend_G+1","Survivor","Neutralize","UpSweep","Bullet Time","Fluid Movement","Bane","Replay:Poison Smokescreen+1","Choke","ReplayTheSpireMod:Tripwire","Dagger Spray","Blade Dance","Night Terror+1","PiercingWail","Hidden Blade+1","Malaise+1","Poisoned Stab","Bite","Bite","Bite","Bite","Bite","Dagger Throw","Bouncing Flask+1","Bane+1","Sucker Punch","ReplayTheSpireMod:The Works","Specialist+1","Terror","Noxious Fumes+1","Distraction+1","ReplayTheSpireMod:Exploit Weakness","Footwork+1","Endless Agony","Catalyst+1","Flying Knee+1","Prepared+1","Acrobatics+1","ReplayTheSpireMod:IOU","Atom Bomb+1","ReplayTheSpireMod:IOU","ReplayTheSpireMod:IOU","Secret Weapon+1","ReplayTheSpireMod:IOU","ReplayTheSpireMod:Scrap Shanks+1","Outmaneuver+1","ReplayTheSpireMod:IOU","Finesse+1","Quick Slash"],"relics":["Ring of the Snake","Calipers","Golden Egg","Bag of Marbles","Honey Jar","Replay:Mystery Machine","Replay:Wax Seal","Bird Faced Urn","Snake Skull"],"acts_visited":["Exordium","TheCity","TheBeyond"],"potions_floor_usage":[7,7,8,16,29,33,37,38,42,46,50],"damage_taken":[{"damage":2,"enemies":"Jaw Worm","floor":1,"turns":4},{"damage":1,"enemies":"Cultist","floor":2,"turns":3},{"damage":0,"enemies":"Small Slimes","floor":5,"turns":3},{"damage":27,"enemies":"3 Sentries","floor":7,"turns":10},{"damage":0,"enemies":"Exordium Thugs","floor":8,"turns":4},{"damage":12,"enemies":"Large Slime","floor":10,"turns":6},{"damage":0,"enemies":"Exordium Wildlife","floor":13,"turns":3},{"damage":54,"enemies":"Hexaghost","floor":16,"turns":13},{"damage":29,"enemies":"Spheric Guardian","floor":18,"turns":7},{"damage":4,"enemies":"Shell Parasite","floor":21,"turns":3},{"damage":16,"enemies":"Cultist and Chosen","floor":24,"turns":7},{"damage":0,"enemies":"Snecko","floor":25,"turns":5},{"damage":20,"enemies":"Centurion and Healer","floor":28,"turns":9},{"damage":17,"enemies":"Shelled Parasite and Fungi","floor":29,"turns":5},{"damage":0,"enemies":"Snecko","floor":31,"turns":5},{"damage":30,"enemies":"Pondfish","floor":33,"turns":12},{"damage":11,"enemies":"Orb Walker","floor":35,"turns":5},{"damage":8,"enemies":"3 Darklings","floor":37,"turns":5},{"damage":33,"enemies":"Spire Growth","floor":38,"turns":5},{"damage":7,"enemies":"Sphere and 2 Shapes","floor":41,"turns":5},{"damage":21,"enemies":"4 Shapes","floor":42,"turns":5},{"damage":4,"enemies":"Maw","floor":46,"turns":5},{"damage":8,"enemies":"Sphere and 2 Shapes","floor":48,"turns":4},{"damage":76,"enemies":"Donu and Deca","floor":50,"turns":6}],"seed_played":"6459264352514271916","potions_obtained":[{"floor":1,"key":"Swift Potion"},{"floor":5,"key":"champ:CounterPotion"},{"floor":7,"key":"Block Potion"},{"floor":13,"key":"CultistPotion"},{"floor":21,"key":"SpeedPotion"},{"floor":29,"key":"Toxic Potion"},{"floor":33,"key":"Elixir"},{"floor":35,"key":"Fire Potion"},{"floor":37,"key":"SpeedPotion"},{"floor":38,"key":"Block Potion"},{"floor":42,"key":"LifebloodPotion"}],"is_trial":false,"path_per_floor":["M","M","?","$","M","R","E","M","T","M","?","?","M","$","R","B",null,"M","?","?","M","$","R","M","M","T","$","M","M","R","M","R","B",null,"M","?","M","M","T","R","M","M","T","$","R","M","$","M","R","B"],"character_chosen":"THE_SILENT","items_purchased":["Replay:Poison Smokescreen","Choke","Bag of Marbles","Hidden Blade","Bouncing Flask","Bane","Specialist","Prepared+1","Snake Skull","Atom Bomb","Secret Weapon","ReplayTheSpireMod:Scrap Shanks","Outmaneuver","Finesse"],"campfire_rested":7,"item_purchase_floors":[4,4,14,14,22,22,27,44,47,47,47,47,47,47],"current_hp_per_floor":[68,67,67,67,67,67,40,40,40,28,45,45,45,45,65,11,67,38,38,38,36,36,46,34,44,44,44,30,23,36,40,46,27,46,39,56,50,23,23,39,40,27,27,27,43,47,47,43,56,0,0],"gold":76,"neow_bonus":"THREE_RARE_CARDS","is_daily":false,"chose_seed":false,"campfire_upgraded":1,"win_rate":0.0,"timestamp":1612158678,"path_taken":["M","M","?","$","M","R","E","?","T","M","?","?","?","$","R","BOSS","M","?","?","M","$","R","M","M","T","?","M","M","R","?","R","BOSS","M","?","?","M","?","R","?","M","T","$","R","M","$","M","R","BOSS"],"items_purchased_type":["Card","Card","Relic","Card","Card","Card","Card","Card","Relic","Card","Card","Card","Card","Card"],"build_version":"2020-12-22","purchased_purges":0,"victory":false,"max_hp_per_floor":[70,70,70,70,70,70,70,70,70,70,70,67,67,67,67,67,67,67,67,46,46,46,46,46,46,46,46,46,46,46,46,46,46,46,46,56,56,56,56,56,56,56,56,56,56,56,56,56,56,56,56],"card_choices":[{"not_picked":["Unload","Glass Knife"],"picked":"Bullet Time","floor":0},{"not_picked":["Terror","Poisoned Stab"],"picked":"Fluid Movement","floor":1},{"not_picked":["PiercingWail","Underhanded Strike"],"picked":"Bane","floor":2},{"not_picked":["Flying Knee","Dagger Spray"],"picked":"ReplayTheSpireMod:Tripwire","floor":5},{"not_picked":["Bane","Escape Plan"],"picked":"Dagger Spray","floor":7},{"not_picked":["Deflect","Escape Plan"],"picked":"Blade Dance","floor":8},{"not_picked":["Outmaneuver","Dagger Spray"],"picked":"Night Terror","floor":10},{"not_picked":["Deflect","Underhanded Strike"],"picked":"PiercingWail","floor":13},{"not_picked":["Night Terror","Unload"],"picked":"Malaise","floor":16},{"not_picked":["Quick Slash","Bane","Finisher"],"picked":"Poisoned Stab","floor":18},{"not_picked":["Slice","Dodge and Roll","Sucker Punch"],"picked":"Dagger Throw","floor":21},{"not_picked":["Dagger Spray","Deflect","Acrobatics"],"picked":"Sucker Punch","floor":24},{"not_picked":["Leg Sweep","Outmaneuver","Slice"],"picked":"ReplayTheSpireMod:The Works","floor":25},{"not_picked":["Prepared+1","Dagger Spray","Die Die Die"],"picked":"Terror","floor":28},{"not_picked":["Tactician","ReplayTheSpireMod:The Works","Terror+1"],"picked":"Noxious Fumes+1","floor":29},{"not_picked":["Hidden Blade","Sucker Punch","Dodge and Roll"],"picked":"Distraction+1","floor":31},{"not_picked":["Glass Knife","Wraith Form v2","Phantasmal Killer"],"picked":"Corpse Explosion","floor":33},{"not_picked":["Prepared","Blade Dance+1","Hidden Blade"],"picked":"ReplayTheSpireMod:Exploit Weakness","floor":35},{"not_picked":["Acrobatics+1","Catalyst+1","Flying Knee+1"],"picked":"Footwork+1","floor":37},{"not_picked":["Deflect","Flying Knee","Sucker Punch+1"],"picked":"Endless Agony","floor":38},{"not_picked":["Flying Knee","Outmaneuver","Blade Dance"],"picked":"Catalyst+1","floor":41},{"not_picked":["ReplayTheSpireMod:Tripwire+1","Slice+1","Bane"],"picked":"Flying Knee+1","floor":42},{"not_picked":["Dodge and Roll+1","Sneak Up+1","Underhanded Strike+1"],"picked":"Acrobatics+1","floor":46},{"not_picked":["Deflect","Sucker Punch","Hidden Blade"],"picked":"Quick Slash","floor":48}],"player_experience":20040,"relics_obtained":[{"floor":7,"key":"Calipers"},{"floor":9,"key":"Golden Egg"},{"floor":26,"key":"Replay:Mystery Machine"},{"floor":39,"key":"Replay:Wax Seal"},{"floor":43,"key":"Bird Faced Urn"}],"event_choices":[{"cards_removed":["Strike_G"],"damage_healed":0,"gold_gain":0,"player_choice":"Purged","damage_taken":0,"max_hp_gain":0,"max_hp_loss":0,"event_name":"Purifier","floor":3,"gold_loss":0},{"damage_healed":17,"gold_gain":0,"player_choice":"Healed and dodged fight","damage_taken":0,"max_hp_gain":0,"max_hp_loss":0,"event_name":"Mushrooms","floor":11,"gold_loss":0,"cards_obtained":["Parasite"]},{"cards_removed":["Parasite"],"damage_healed":0,"gold_gain":0,"player_choice":"Removed Curses","damage_taken":0,"max_hp_gain":0,"max_hp_loss":0,"event_name":"Fountain of Cleansing","floor":12,"gold_loss":0},{"damage_healed":0,"gold_gain":0,"player_choice":"Simplicity","damage_taken":0,"max_hp_gain":0,"max_hp_loss":0,"event_name":"Back to Basics","floor":19,"gold_loss":0,"cards_upgraded":["Strike_G","Strike_G","Strike_G","Strike_G","Defend_G","Defend_G","Defend_G","Defend_G","Defend_G","hexamod:Strike"]},{"damage_healed":0,"gold_gain":0,"player_choice":"Became a vampire","damage_taken":0,"max_hp_gain":0,"max_hp_loss":21,"event_name":"Vampires","floor":20,"gold_loss":0,"cards_obtained":["Bite","Bite","Bite","Bite","Bite"]},{"cards_removed":["Corpse Explosion"],"damage_healed":7,"gold_gain":0,"player_choice":"Offered Rare","damage_taken":0,"max_hp_gain":10,"max_hp_loss":0,"event_name":"Bonfire Elementals","floor":36,"gold_loss":0}],"is_beta":false,"boss_relics":[{"not_picked":["Kintsugi","Replay:Drink Me"],"picked":"Honey Jar"},{"not_picked":[]}],"items_purged_floors":[],"is_endless":false,"potions_floor_spawned":[1,5,7,13,21,29,33,35,37,38,42],"killed_by":"Donu and Deca","ascension_level":0}}