{"host":"z5bn7jsck728mmiq","time":1612172243,"event":{"mods":["BaseMod","Bestiary","DeckTracker","Minty Spire (QoL Compilation)","StSLib"],"gold_per_floor":[112,112,129,129,58,85,105,105,158,158,178,178,209,223,223,318,318,308,318,329,329,329,329,329,329,410,410,427,49,65,98,98,98,98],"floor_reached":33,"language":"ENG","playtime":1269,"items_purged":[],"score":300,"play_id":"b43cfe32-d2c9-4633-a8d4-b87217301f10","local_time":"20210201013723","is_ascension_mode":false,"campfire_choices":[{"floor":10,"key":"REST"},{"floor":12,"key":"DIG"},{"floor":15,"key":"REST"},{"floor":23,"key":"REST"},{"floor":25,"key":"REST"},{"floor":32,"key":"REST"}],"circlet_count":0,"master_deck":["Defend_B","Defend_B","Defend_B","Zap","Dualcast","Cold Snap","Reinforced Body","Loop","Streamline","Gash","Turbo","Reboot","Fusion","Creative AI","Double Energy","Turbo+1","Consume","Bite","Bite","Bite","Bite","Bite","Necronomicurse","Turbo+1","Barrage+1","FTL+1","Gash+1","Hologram+1"],"relics":["FrozenCore","Lantern","Gambling Chip","Shovel","Centennial Puzzle","Mummified Hand","Orichalcum","Necronomicon","Molten Egg 2","Juzu Bracelet","Chemical X","Frozen Egg 2"],"acts_visited":["Exordium","TheCity"],"potions_floor_usage":[13,13,13,16,31],"damage_taken":[{"damage":7,"enemies":"Jaw Worm","floor":1,"turns":4},{"damage":4,"enemies":"Cultist","floor":3,"turns":3},{"damage":46,"enemies":"3 Sentries","floor":6,"turns":10},{"damage":0,"enemies":"2 Louse","floor":7,"turns":3},{"damage":10,"enemies":"Blue Slaver","floor":11,"turns":3},{"damage":3,"enemies":"Gremlin Nob","floor":13,"turns":3},{"damage":12,"enemies":"Exordium Thugs","floor":14,"turns":5},{"damage":18,"enemies":"Hexaghost","floor":16,"turns":11},{"damage":12,"enemies":"2 Thieves","floor":18,"turns":4},{"damage":11,"enemies":"3 Byrds","floor":19,"turns":7},{"damage":37,"enemies":"Snake Plant","floor":20,"turns":5},{"damage":22,"enemies":"3 Cultists","floor":28,"turns":7},{"damage":7,"enemies":"Shelled Parasite and Fungi","floor":30,"turns":8},{"damage":24,"enemies":"Gremlin Leader","floor":31,"turns":11},{"damage":56,"enemies":"Automaton","floor":33,"turns":6}],"seed_played":"7488462397969078437","potions_obtained":[{"floor":6,"key":"Weak Potion"},{"floor":7,"key":"AttackPotion"},{"floor":11,"key":"ColorlessPotion"},{"floor":13,"key":"FocusPotion"},{"floor":30,"key":"DistilledChaos"}],"is_trial":false,"path_per_floor":["M","?","M","?","$","E","M","T","T","R","M","R","E","M","R","B",null,"M","M","M","?","?","R","?","R","T","?","M","$","M","E","R","B"],"character_chosen":"DEFECT","items_purchased":["Loop","FTL+1","Juzu Bracelet","Chemical X"],"campfire_rested":5,"item_purchase_floors":[5,29,29,29],"current_hp_per_floor":[68,68,64,64,64,18,18,18,18,40,30,30,27,15,37,19,75,63,52,15,15,15,30,14,29,29,29,17,17,28,28,43,0,0],"gold":98,"neow_bonus":"RANDOM_COMMON_RELIC","is_daily":false,"chose_seed":false,"campfire_upgraded":0,"win_rate":0.0,"timestamp":1612172243,"path_taken":["M","?","?","?","$","E","M","?","T","R","?","R","E","M","R","BOSS","M","?","M","?","?","R","?","R","T","?","?","?","M","E","R","BOSS"],"items_purchased_type":["Card","Card","Relic","Relic"],"build_version":"2020-12-22","purchased_purges":0,"victory":false,"max_hp_per_floor":[75,75,75,75,75,75,75,75,75,75,75,75,75,75,75,75,75,75,75,75,52,52,52,52,52,52,52,52,52,52,52,52,52,52],"card_choices":[{"not_picked":["Streamline","Barrage"],"picked":"Cold Snap","floor":1},{"not_picked":["Rebound","Self Repair"],"picked":"Reinforced Body","floor":3},{"not_picked":["Hologram","Cold Snap"],"picked":"Streamline","floor":6},{"not_picked":["Sweeping Beam","Rebound"],"picked":"Gash","floor":7},{"not_picked":["Undo","Force Field"],"picked":"Turbo","floor":11},{"not_picked":["Capacitor","Rebound"],"picked":"Reboot","floor":13},{"not_picked":["Barrage","Rip and Tear"],"picked":"Fusion","floor":14},{"not_picked":["Fission","Core Surge"],"picked":"Creative AI","floor":16},{"not_picked":["Barrage","White Noise"],"picked":"Double Energy","floor":18},{"not_picked":["Redo+1","Hologram+1"],"picked":"Turbo+1","floor":19},{"not_picked":["Beam Cell","Steam Power"],"picked":"Consume","floor":20},{"not_picked":["Heatsinks","Turbo"],"picked":"Barrage+1","floor":28},{"not_picked":["Conserve Battery","Stack"],"picked":"Gash+1","floor":30},{"not_picked":["Barrage+1","Coolheaded"],"picked":"Hologram+1","floor":31}],"player_experience":92599,"relics_obtained":[{"floor":6,"key":"Gambling Chip"},{"floor":8,"key":"Shovel"},{"floor":9,"key":"Centennial Puzzle"},{"floor":12,"key":"Mummified Hand"},{"floor":13,"key":"Orichalcum"},{"floor":24,"key":"Necronomicon"},{"floor":26,"key":"Molten Egg 2"},{"floor":31,"key":"Frozen Egg 2"}],"event_choices":[{"cards_removed":["Defend_B"],"damage_healed":0,"gold_gain":0,"player_choice":"Purged","damage_taken":0,"max_hp_gain":0,"max_hp_loss":0,"event_name":"Purifier","floor":2,"gold_loss":0},{"damage_healed":0,"gold_gain":0,"player_choice":"Ignored","damage_taken":0,"max_hp_gain":0,"max_hp_loss":0,"event_name":"Liars Game","floor":4,"gold_loss":0},{"damage_healed":0,"gold_gain":0,"player_choice":"Became a vampire","damage_taken":0,"max_hp_gain":0,"max_hp_loss":23,"event_name":"Vampires","floor":21,"gold_loss":0,"cards_obtained":["Bite","Bite","Bite","Bite","Bite"]},{"damage_healed":0,"gold_gain":0,"player_choice":"Ignored","damage_taken":0,"max_hp_gain":0,"max_hp_loss":0,"event_name":"The Mausoleum","floor":22,"gold_loss":0},{"damage_healed":0,"gold_gain":0,"player_choice":"Obtained Book","damage_taken":16,"max_hp_gain":0,"max_hp_loss":0,"event_name":"Cursed Tome","floor":24,"gold_loss":0},{"damage_healed":0,"gold_gain":0,"player_choice":"Copied","damage_taken":0,"max_hp_gain":0,"max_hp_loss":0,"event_name":"Duplicator","floor":27,"gold_loss":0,"cards_obtained":["Turbo"]}],"is_beta":false,"boss_relics":[{"not_picked":["Coffee Dripper","Calling Bell"],"picked":"FrozenCore"}],"items_purged_floors":[],"is_endless":false,"potions_floor_spawned":[6,7,11,13,30],"killed_by":"Automaton","ascension_level":0}}