{"host":"pq8o62wp0h1hflf3","time":1612206086,"event":{"mods":["BaseMod","Colored Map","Minty Spire (QoL Compilation)","Relic Stats","ojb\u0027s Info Mod"],"gold_per_floor":[114,189,189,209,228,228,271,271,316,316,261,276,276,317,317,416,416,431,37,62,62,83,123,123,146,146,146,167,181,219,238,238,337,337,356,375,375,11,11,50,50,64,110,144,160,176,72,405,405,405,405,405,405,170,202,202],"floor_reached":57,"language":"ENG","playtime":7702,"items_purged":["Strike_G","Strike_G","Strike_G"],"score":2845,"play_id":"2b017d97-473d-476e-8d98-b4c102d73c38","local_time":"20210201140126","is_ascension_mode":true,"campfire_choices":[{"data":"Riddle With Holes","floor":6.0,"key":"SMITH"},{"data":"Footwork","floor":8.0,"key":"SMITH"},{"floor":10.0,"key":"REST"},{"data":"Noxious Fumes","floor":13.0,"key":"SMITH"},{"floor":15.0,"key":"REST"},{"data":"Burst","floor":24.0,"key":"SMITH"},{"data":"Ghostly","floor":27.0,"key":"SMITH"},{"data":"Ghostly","floor":32.0,"key":"SMITH"},{"data":"Night Terror","floor":41.0,"key":"SMITH"},{"floor":49,"key":"RECALL"},{"data":"Well Laid Plans","floor":53,"key":"SMITH"}],"circlet_count":0,"master_deck":["AscendersBane","Defend_G","Defend_G","Defend_G","Defend_G","Defend_G","Survivor","Neutralize","Die Die Die","Dagger Throw","Riddle With Holes+1","Dagger Spray","Footwork+1","Noxious Fumes+1","Poisoned Stab","Burst+1","Well Laid Plans+1","Deadly Poison","Ghostly+1","Ghostly","Ghostly+1","Dodge and Roll+1","Backflip+1","Noxious Fumes","Leg Sweep","Acrobatics","Blur","Night Terror+1","Calculated Gamble","Malaise","Footwork"],"relics":["Ring of the Snake","Potion Belt","Bronze Scales","Regal Pillow","Dream Catcher","Empty Cage","Bird Faced Urn","Mango","PreservedInsect","Thread and Needle","Oddly Smooth Stone","Velvet Choker","Membership Card","HornCleat","Pear","Art of War","Happy Flower"],"acts_visited":["Exordium","TheCity","TheBeyond","TheEnding"],"potions_floor_usage":[54,55,56,56,56],"damage_taken":[{"damage":5.0,"enemies":"Jaw Worm","floor":1.0,"turns":5.0},{"damage":0.0,"enemies":"2 Louse","floor":4.0,"turns":1.0},{"damage":0.0,"enemies":"Small Slimes","floor":5.0,"turns":3.0},{"damage":22.0,"enemies":"3 Sentries","floor":7.0,"turns":6.0},{"damage":8.0,"enemies":"Gremlin Gang","floor":12.0,"turns":3.0},{"damage":28.0,"enemies":"Gremlin Nob","floor":14.0,"turns":4.0},{"damage":11.0,"enemies":"Slime Boss","floor":16.0,"turns":9.0},{"damage":18.0,"enemies":"Spheric Guardian","floor":18.0,"turns":7.0},{"damage":1.0,"enemies":"3 Byrds","floor":20.0,"turns":3.0},{"damage":25.0,"enemies":"3 Cultists","floor":22.0,"turns":6.0},{"damage":0.0,"enemies":"Gremlin Leader","floor":23.0,"turns":8.0},{"damage":8.0,"enemies":"Chosen and Byrds","floor":28.0,"turns":7.0},{"damage":11.0,"enemies":"Snecko","floor":29.0,"turns":8.0},{"damage":1.0,"enemies":"Book of Stabbing","floor":30.0,"turns":7.0},{"damage":0.0,"enemies":"Cultist and Chosen","floor":31.0,"turns":9.0},{"damage":0.0,"enemies":"Collector","floor":33.0,"turns":12.0},{"damage":29.0,"enemies":"3 Darklings","floor":35.0,"turns":6.0},{"damage":4.0,"enemies":"3 Shapes","floor":36.0,"turns":7.0},{"damage":0.0,"enemies":"Giant Head","floor":40.0,"turns":10.0},{"damage":4.0,"enemies":"Maw","floor":42.0,"turns":10.0},{"damage":14.0,"enemies":"Nemesis","floor":44.0,"turns":9.0},{"damage":3.0,"enemies":"Sphere and 2 Shapes","floor":45.0,"turns":7.0},{"damage":0,"enemies":"Jaw Worm Horde","floor":46,"turns":6},{"damage":20,"enemies":"Time Eater","floor":50,"turns":20},{"damage":9,"enemies":"Awakened One","floor":51,"turns":28},{"damage":2,"enemies":"Shield and Spear","floor":55,"turns":12},{"damage":34,"enemies":"The Heart","floor":56,"turns":17}],"seed_played":"-8942155365244807162","potions_obtained":[{"floor":1.0,"key":"SteroidPotion"},{"floor":7.0,"key":"SkillPotion"},{"floor":14.0,"key":"Fire Potion"},{"floor":29.0,"key":"BlessingOfTheForge"},{"floor":30.0,"key":"Fire Potion"},{"floor":31.0,"key":"LiquidMemories"},{"floor":33.0,"key":"Regen Potion"},{"floor":36.0,"key":"GhostInAJar"},{"floor":40.0,"key":"Swift Potion"},{"floor":44.0,"key":"PowerPotion"},{"floor":55,"key":"Block Potion"}],"is_trial":false,"path_per_floor":["M","?","?","M","M","R","E","R","T","R","?","M","R","E","R","B",null,"M","$","M","?","M","E","R","T","T","R","M","M","E","M","R","B",null,"M","M","?","$","?","E","R","M","T","E","M","M","$","?","R","B","B",null,"R","$","E","B",null],"character_chosen":"THE_SILENT","items_purchased":["Bird Faced Urn","Well Laid Plans","Membership Card","HornCleat","Block Potion","Fruit Juice","Malaise","GhostInAJar","Footwork"],"campfire_rested":2,"item_purchase_floors":[19,19,38,38,38,47,54,54,54],"current_hp_per_floor":[54,43,43,43,43,43,21,21,21,39,39,31,31,3,36,25,51,33,33,38,30,7,27,27,27,27,27,25,22,29,37,37,44,44,33,37,37,37,37,52,52,52,52,40,45,52,52,52,52,32,31,47,47,52,57,28],"gold":202,"neow_bonus":"ONE_RANDOM_RARE_CARD","is_daily":false,"chose_seed":false,"campfire_upgraded":8,"win_rate":0.0,"timestamp":1612206086,"path_taken":["M","?","?","M","M","R","E","R","T","R","?","M","R","E","R","BOSS","M","$","?","?","M","E","R","?","T","R","M","M","E","M","R","BOSS","M","?","?","$","?","E","R","M","T","E","?","M","$","?","R","BOSS","BOSS","R","$","E","BOSS"],"items_purchased_type":["Relic","Card","Relic","Relic","Potion","Potion","Card","Potion","Card"],"build_version":"2020-12-22","purchased_purges":3,"victory":true,"max_hp_per_floor":[66,66,60,60,60,60,60,60,60,60,60,60,60,60,60,60,60,60,60,60,30,30,44,44,44,44,44,44,44,44,44,44,44,44,44,44,42,42,42,52,52,52,52,52,52,52,52,52,52,52,52,52,52,57,57,57],"relic_stats":{"Regal Pillow":15,"Dream Catcher":1,"Happy Flower":[5],"counters":[27,230],"Bronze Scales":[1028],"Bird Faced Urn":[109],"PreservedInsect":300,"Art of War":[57],"obtain_stats":[{"Potion Belt":7,"Regal Pillow":11,"Pear":40,"Happy Flower":55,"Golden Idol":3,"Oddly Smooth Stone":30,"Velvet Choker":34,"Mango":23,"Thread and Needle":26,"PreservedInsect":25,"Empty Cage":17,"Dream Catcher":14,"HornCleat":38,"Bronze Scales":9,"Bird Faced Urn":19,"Art of War":44,"Membership Card":38,"Ring of the Snake":0},{"Potion Belt":4,"Regal Pillow":4,"Pear":19,"Happy Flower":26,"Golden Idol":1,"Oddly Smooth Stone":14,"Velvet Choker":16,"Mango":11,"Thread and Needle":11,"PreservedInsect":11,"Empty Cage":7,"Dream Catcher":6,"HornCleat":18,"Bronze Scales":4,"Bird Faced Urn":8,"Art of War":21,"Membership Card":18,"Ring of the Snake":0},{"Potion Belt":15,"Regal Pillow":15,"Pear":121,"Happy Flower":213,"Golden Idol":5,"Oddly Smooth Stone":77,"Velvet Choker":98,"Mango":55,"Thread and Needle":55,"PreservedInsect":55,"Empty Cage":31,"Dream Catcher":22,"HornCleat":111,"Bronze Scales":15,"Bird Faced Urn":38,"Art of War":140,"Membership Card":111,"Ring of the Snake":0}],"Ring of the Snake":[54]},"card_choices":[{"not_picked":["Accuracy","Prepared"],"picked":"Dagger Throw","floor":1.0},{"not_picked":["Deflect","Prepared"],"picked":"Riddle With Holes","floor":4.0},{"not_picked":["Calculated Gamble","Choke"],"picked":"Dagger Spray","floor":5.0},{"not_picked":["Quick Slash","Flying Knee"],"picked":"Footwork","floor":7.0},{"not_picked":["Bouncing Flask","Deadly Poison"],"picked":"Noxious Fumes","floor":12.0},{"not_picked":["Expertise","Noxious Fumes","Bouncing Flask"],"picked":"SKIP","floor":14.0},{"not_picked":["Tactician","Slice"],"picked":"Poisoned Stab","floor":15.0},{"not_picked":["Grand Finale","A Thousand Cuts"],"picked":"Burst","floor":16.0},{"not_picked":["Choke","Slice","Poisoned Stab"],"picked":"SKIP","floor":18.0},{"not_picked":["Slice","Setup"],"picked":"Deadly Poison","floor":20.0},{"not_picked":["Well Laid Plans","Escape Plan"],"picked":"Dodge and Roll+1","floor":22.0},{"not_picked":["Sucker Punch","Dodge and Roll"],"picked":"Backflip+1","floor":23.0},{"not_picked":["Noxious Fumes","Backflip","A Thousand Cuts"],"picked":"SKIP","floor":28.0},{"not_picked":["Backflip","A Thousand Cuts"],"picked":"Noxious Fumes","floor":28.0},{"not_picked":["Expertise","Acrobatics"],"picked":"Leg Sweep","floor":29.0},{"not_picked":["Concentrate+1","Prepared"],"picked":"Acrobatics","floor":30.0},{"not_picked":["Dagger Spray","Leg Sweep"],"picked":"Blur","floor":31.0},{"not_picked":["Storm of Steel","Unload"],"picked":"Night Terror","floor":33.0},{"not_picked":["Flechettes","Sucker Punch","Masterful Stab"],"picked":"SKIP","floor":35.0},{"not_picked":["Sucker Punch","Reflex","Setup"],"picked":"SKIP","floor":36.0},{"not_picked":["Slice+1","Deflect"],"picked":"Calculated Gamble","floor":40.0},{"not_picked":["Backflip","Prepared","Underhanded Strike"],"picked":"SKIP","floor":42.0},{"not_picked":["Bane","Blur","Reflex+1"],"picked":"SKIP","floor":44.0},{"not_picked":["Infinite Blades","Deadly Poison","Quick Slash"],"picked":"SKIP","floor":45},{"not_picked":["Caltrops+1","Heel Hook","Reflex+1"],"picked":"SKIP","floor":46},{"not_picked":["Distraction+1","Eviscerate+1","Flying Knee"],"picked":"SKIP","floor":55}],"player_experience":1171475,"relics_obtained":[{"floor":7.0,"key":"Potion Belt"},{"floor":9.0,"key":"Bronze Scales"},{"floor":14.0,"key":"Dream Catcher"},{"floor":23.0,"key":"Mango"},{"floor":25.0,"key":"PreservedInsect"},{"floor":26.0,"key":"Thread and Needle"},{"floor":30.0,"key":"Oddly Smooth Stone"},{"floor":40.0,"key":"Pear"},{"floor":44.0,"key":"Art of War"},{"floor":55,"key":"Happy Flower"}],"event_choices":[{"damage_healed":0.0,"max_hp_gain":0.0,"max_hp_loss":0.0,"gold_gain":75.0,"event_name":"World of Goop","player_choice":"Gather Gold","floor":2.0,"gold_loss":0.0,"damage_taken":11.0},{"damage_healed":0.0,"max_hp_gain":0.0,"max_hp_loss":6.0,"gold_gain":0.0,"event_name":"Golden Idol","player_choice":"Lose Max HP","floor":3.0,"gold_loss":0.0,"damage_taken":0.0,"relics_obtained":["Golden Idol"]},{"damage_healed":0.0,"max_hp_gain":0.0,"max_hp_loss":0.0,"gold_gain":0.0,"event_name":"WeMeetAgain","player_choice":"Paid Gold","floor":11.0,"gold_loss":55.0,"damage_taken":0.0,"relics_obtained":["Regal Pillow"]},{"damage_healed":0.0,"max_hp_gain":0.0,"max_hp_loss":30.0,"gold_gain":0.0,"event_name":"Ghosts","player_choice":"Became a Ghost","floor":21.0,"gold_loss":0.0,"damage_taken":0.0,"cards_obtained":["Ghostly","Ghostly","Ghostly"]},{"damage_healed":0.0,"max_hp_gain":0.0,"max_hp_loss":2.0,"gold_gain":0.0,"event_name":"Winding Halls","player_choice":"Max HP","floor":37.0,"gold_loss":0.0,"damage_taken":0.0},{"damage_healed":0.0,"max_hp_gain":0.0,"max_hp_loss":0.0,"gold_gain":0.0,"event_name":"SecretPortal","player_choice":"Ignored","floor":39.0,"gold_loss":0.0,"damage_taken":0.0},{"damage_healed":0,"gold_gain":333,"player_choice":"Gave Idol","damage_taken":0,"max_hp_gain":0,"max_hp_loss":0,"event_name":"The Moai Head","floor":48,"relics_lost":["Golden Idol"],"gold_loss":0}],"is_beta":false,"boss_relics":[{"not_picked":["WristBlade","Runic Dome"],"picked":"Empty Cage"},{"not_picked":["Snecko Eye","Runic Pyramid"],"picked":"Velvet Choker"}],"items_purged_floors":[38,47,54],"is_endless":false,"potions_floor_spawned":[1,7,14,29,30,31,33,36,40,44,55],"ascension_level":20}}