{"host":"neeznpvpgo0qgfkd","time":1612215196,"event":{"mods":["AchievementEnabler","BaseMod","BetterRewards","Colored Map","Colored Powertips","Exacting","Minty Spire (QoL Compilation)","Permanent Neow","Quick Restart","Shop Mod"],"gold_per_floor":[134,134,162,162,180,208,208,208,208],"floor_reached":8,"language":"ENG","playtime":326,"items_purged":[],"score":112,"play_id":"5b19bfed-fc47-45d7-af00-5a574dce916b","local_time":"20210201163316","is_ascension_mode":true,"campfire_choices":[{"floor":7,"key":"REST"}],"circlet_count":0,"master_deck":["AscendersBane","Strike_G","Strike_G","Strike_G","Strike_G","Defend_G","Defend_G","Defend_G","Defend_G","Defend_G","Survivor","Neutralize","Dramatic Entrance","Blade Dance","Poisoned Stab","Regret","Deflect","Dagger Spray","Footwork"],"relics":["Ring of the Snake","The Specimen","Snake Skull","Pantograph","Strawberry"],"acts_visited":["Exordium"],"potions_floor_usage":[6],"damage_taken":[{"damage":4,"enemies":"Jaw Worm","floor":1,"turns":4},{"damage":2,"enemies":"2 Louse","floor":3,"turns":2},{"damage":3,"enemies":"Cultist","floor":5,"turns":3},{"damage":28,"enemies":"Lagavulin","floor":6,"turns":5},{"damage":57,"enemies":"Gremlin Nob","floor":8,"turns":4}],"seed_played":"8640576221505826021","potions_obtained":[{"floor":1,"key":"Poison Potion"}],"is_trial":false,"path_per_floor":["M","?","M","?","M","E","R","E"],"character_chosen":"THE_SILENT","items_purchased":["Snake Skull","Dramatic Entrance","Blade Dance"],"campfire_rested":1,"item_purchase_floors":[0,0,0],"current_hp_per_floor":[55,55,53,53,50,29,50,0,0],"gold":208,"neow_bonus":"","is_daily":false,"chose_seed":false,"campfire_upgraded":0,"win_rate":0.0,"timestamp":1612215196,"path_taken":["M","?","M","?","M","E","R","E"],"items_purchased_type":["Relic","Card","Card"],"build_version":"2020-12-22","purchased_purges":0,"victory":false,"max_hp_per_floor":[66,66,66,66,66,73,73,73,73],"card_choices":[{"not_picked":["Expertise","Sucker Punch"],"picked":"Poisoned Stab","floor":1},{"not_picked":["Endless Agony","Slice"],"picked":"Deflect","floor":3},{"not_picked":["Heel Hook","Infinite Blades"],"picked":"Dagger Spray","floor":5},{"not_picked":["Flechettes","Caltrops"],"picked":"Footwork","floor":6}],"player_experience":1972720,"relics_obtained":[{"floor":6,"key":"Strawberry"}],"event_choices":[{"damage_healed":0,"gold_gain":0,"player_choice":"Box","damage_taken":0,"relics_obtained":["Pantograph"],"max_hp_gain":0,"max_hp_loss":0,"event_name":"Big Fish","floor":2,"gold_loss":0,"cards_obtained":["Regret"]},{"damage_healed":0,"gold_gain":0,"player_choice":"Ignored","damage_taken":0,"max_hp_gain":0,"max_hp_loss":0,"event_name":"Golden Wing","floor":4,"gold_loss":0}],"is_beta":false,"boss_relics":[],"items_purged_floors":[],"is_endless":false,"potions_floor_spawned":[1],"killed_by":"Gremlin Nob","ascension_level":20}}