{"host":"l029r2dqxfiqiq5i","time":1612191582,"event":{"mods":["ATMod(°¢èªMod)","Act Like it!","BaseMod","Minty Spire (QoL Compilation)","StSLib","óô»ðÖ¸ÄÏ"],"gold_per_floor":[114,39,39,53,69,98,98,118,118,138,57,57,57,57,57,155,155,171,183,8,27,27,55,55,71,94,104,104,129,129,142,142,245,245,263,263,138,157,75,75,110,128,128,128,128,128,478,497,497,497,497,347,136,171,171],"floor_reached":56,"language":"ZHS","playtime":2591,"items_purged":["Defend_G","Strike_G","Strike_G","Strike_G","Strike_G"],"score":1265,"play_id":"3a16e155-f10f-461c-8cda-e76049e9b9cb","local_time":"20210201225942","is_ascension_mode":false,"campfire_choices":[{"floor":7.0,"key":"REST"},{"data":"AT_FocusSwordFire","floor":15.0,"key":"SMITH"},{"data":"Tactician","floor":24.0,"key":"SMITH"},{"data":"Tactician","floor":28.0,"key":"SMITH"},{"data":"Tactician","floor":30.0,"key":"SMITH"},{"floor":32.0,"key":"REST"},{"data":"Expertise","floor":40.0,"key":"SMITH"},{"floor":44.0,"key":"RECALL"},{"data":"Calculated Gamble","floor":46.0,"key":"SMITH"},{"data":"Tactician","floor":49.0,"key":"SMITH"}],"circlet_count":0,"master_deck":["Strike_G","Defend_G","Defend_G","Defend_G","Defend_G","Survivor","Neutralize","Calculated Gamble+1","Backflip","Endless Agony+1","Noxious Fumes+1","AT_WindFlip","AT_FocusSwordFire+1","AT_EssenceShift+1","Tactician+1","Tactician+1","Tactician+1","Endless Agony","Finisher","AT_EmpoweredMortalDraw","Sadistic Nature","Expertise+1","Calculated Gamble+1","AT_WindRun+1","Tactician+1","Expertise"],"relics":["Ring of the Serpent","AT_ATBox","MealTicket","AT_SunfireAegis","Mercury Hourglass","Darkstone Periapt","AT_MortalBlade","AT_SpeedBoots","Pantograph","Old Coin","AT_TimeSand"],"acts_visited":["Exordium","TheCity","TheBeyond","TheEnding"],"potions_floor_usage":[55,55,55,55,55],"damage_taken":[{"damage":0.0,"enemies":"Small Slimes","floor":1.0,"turns":4.0},{"damage":0.0,"enemies":"Cultist","floor":4.0,"turns":6.0},{"damage":0.0,"enemies":"2 Louse","floor":5.0,"turns":3.0},{"damage":76.0,"enemies":"Gremlin Nob","floor":6.0,"turns":7.0},{"damage":0.0,"enemies":"2 Fungi Beasts","floor":8.0,"turns":4.0},{"damage":0.0,"enemies":"Red Slaver","floor":10.0,"turns":5.0},{"damage":32.0,"enemies":"The Guardian","floor":16.0,"turns":10.0},{"damage":0.0,"enemies":"Chosen","floor":18.0,"turns":3.0},{"damage":0.0,"enemies":"3 Byrds","floor":19.0,"turns":4.0},{"damage":12.0,"enemies":"Centurion and Healer","floor":21.0,"turns":5.0},{"damage":4.0,"enemies":"Gremlin Leader","floor":23.0,"turns":5.0},{"damage":15.0,"enemies":"Snake Plant","floor":25.0,"turns":4.0},{"damage":0.0,"enemies":"Chosen and Byrds","floor":27.0,"turns":3.0},{"damage":18.0,"enemies":"Slavers","floor":29.0,"turns":4.0},{"damage":8.0,"enemies":"Snecko","floor":31.0,"turns":4.0},{"damage":17.0,"enemies":"Collector","floor":33.0,"turns":5.0},{"damage":0.0,"enemies":"3 Shapes","floor":35.0,"turns":2.0},{"damage":7.0,"enemies":"Orb Walker","floor":38.0,"turns":3.0},{"damage":0.0,"enemies":"Nemesis","floor":41.0,"turns":3.0},{"damage":0.0,"enemies":"Maw","floor":42.0,"turns":3.0},{"damage":14.0,"enemies":"2 Orb Walkers","floor":47.0,"turns":4.0},{"damage":6.0,"enemies":"Spire Growth","floor":48.0,"turns":3.0},{"damage":75.0,"enemies":"Awakened One","floor":50.0,"turns":8.0},{"damage":47,"enemies":"Shield and Spear","floor":54,"turns":4},{"damage":14,"enemies":"The Heart","floor":55,"turns":3}],"seed_played":"5955991288216550462","potions_obtained":[{"floor":1.0,"key":"Dexterity Potion"},{"floor":8.0,"key":"Weak Potion"},{"floor":16.0,"key":"Strength Potion"},{"floor":33.0,"key":"GamblersBrew"},{"floor":42.0,"key":"EntropicBrew"}],"is_trial":false,"path_per_floor":["M","$","?","M","M","E","R","M","T","M","$","?","?","$","R","B",null,"M","M","$","M","?","E","R","M","T","M","R","E","R","M","R","B",null,"M","?","$","M","$","R","E","M","T","R","$","R","?","M","R","B",null,"R","$","E","B",null],"character_chosen":"THE_SILENT","items_purchased":["AT_FocusSwordFire","Tactician","Expertise","Expertise"],"campfire_rested":2,"item_purchase_floors":[11,20,39,53],"current_hp_per_floor":[77,77,77,77,77,1,24,24,24,24,39,24,29,44,44,12,82,82,82,82,70,70,66,66,51,51,51,51,33,33,25,49,32,82,82,82,82,75,82,82,82,82,82,82,82,82,68,62,62,7,82,82,82,35,46],"gold":171,"neow_bonus":"TEN_PERCENT_HP_BONUS","is_daily":false,"chose_seed":false,"campfire_upgraded":7,"win_rate":0.0,"timestamp":1612191582,"path_taken":["M","$","?","?","M","E","R","M","T","M","$","?","?","$","R","BOSS","M","M","$","M","?","E","R","M","T","?","R","E","R","M","R","BOSS","M","?","$","M","?","R","E","M","T","R","$","R","?","M","R","BOSS","R","$","E","BOSS"],"items_purchased_type":["Card","Card","Card","Card"],"build_version":"2020-12-22","purchased_purges":5,"victory":true,"max_hp_per_floor":[77,77,77,77,77,77,77,77,77,77,77,77,82,82,82,82,82,82,82,82,82,82,82,82,82,82,82,82,82,82,82,82,82,82,82,82,82,82,82,82,82,82,82,82,82,82,82,82,82,82,82,82,82,82,82],"card_choices":[{"not_picked":["Dagger Spray","AT_ThistleTea"],"picked":"Calculated Gamble","floor":1.0},{"not_picked":["Deflect","Poisoned Stab"],"picked":"Backflip","floor":4.0},{"not_picked":["AT_WindFlip","Dagger Spray"],"picked":"Endless Agony","floor":5.0},{"not_picked":["Cloak And Dagger","Bane"],"picked":"Noxious Fumes","floor":6.0},{"not_picked":["All Out Attack","Skewer"],"picked":"AT_WindFlip","floor":8.0},{"not_picked":["Underhanded Strike","Blur","Cloak And Dagger"],"picked":"SKIP","floor":10.0},{"not_picked":["Phantasmal Killer","A Thousand Cuts"],"picked":"AT_EssenceShift","floor":16.0},{"not_picked":["PiercingWail+1","Poisoned Stab"],"picked":"Tactician","floor":18.0},{"not_picked":["Acrobatics","Riddle With Holes","Underhanded Strike"],"picked":"SKIP","floor":19.0},{"not_picked":["Crippling Poison","Dodge and Roll+1","AT_WindFlip+1"],"picked":"SKIP","floor":21.0},{"not_picked":["Slice","Blade Dance"],"picked":"Tactician","floor":23.0},{"not_picked":["AT_ShadowStep+1","AT_TwilightShroud"],"picked":"Endless Agony","floor":25.0},{"not_picked":["Choke","Distraction"],"picked":"Finisher","floor":27.0},{"not_picked":["PiercingWail+1","Cloak And Dagger","AT_WindFlip+1"],"picked":"SKIP","floor":29.0},{"not_picked":["Bullet Time","Deflect","AT_WindFlip"],"picked":"SKIP","floor":31.0},{"not_picked":["PiercingWail","Flying Knee","Finisher+1"],"picked":"SKIP","floor":35.0},{"not_picked":["Dark Shackles","Flash of Steel"],"picked":"Sadistic Nature","floor":36.0},{"not_picked":["Underhanded Strike","Dagger Spray","Deflect"],"picked":"SKIP","floor":38.0},{"not_picked":["Dagger Throw","Predator+1"],"picked":"Calculated Gamble","floor":41.0},{"not_picked":["PiercingWail","Prepared"],"picked":"AT_WindRun+1","floor":42.0},{"not_picked":["Backflip","Deflect"],"picked":"Tactician","floor":47.0},{"not_picked":["Skewer","Leg Sweep","Distraction"],"picked":"SKIP","floor":48.0},{"not_picked":["Caltrops+1","Unload","Skewer"],"picked":"SKIP","floor":54}],"player_experience":173273,"relics_obtained":[{"floor":6.0,"key":"MealTicket"},{"floor":9.0,"key":"AT_SunfireAegis"},{"floor":23.0,"key":"Mercury Hourglass"},{"floor":29.0,"key":"Darkstone Periapt"},{"floor":41.0,"key":"AT_SpeedBoots"},{"floor":43.0,"key":"Pantograph"},{"floor":47.0,"key":"Old Coin"},{"floor":54,"key":"AT_TimeSand"}],"event_choices":[{"damage_healed":0.0,"max_hp_gain":0.0,"max_hp_loss":0.0,"gold_gain":0.0,"event_name":"Upgrade Shrine","player_choice":"Upgraded","floor":3.0,"gold_loss":0.0,"damage_taken":0.0,"cards_upgraded":["Calculated Gamble"]},{"damage_healed":0.0,"max_hp_gain":0.0,"max_hp_loss":0.0,"gold_gain":0.0,"event_name":"Shining Light","player_choice":"Entered Light","floor":12.0,"gold_loss":0.0,"damage_taken":15.0,"cards_upgraded":["Endless Agony","Noxious Fumes"]},{"damage_healed":0.0,"max_hp_gain":5.0,"max_hp_loss":0.0,"gold_gain":0.0,"event_name":"Big Fish","player_choice":"Donut","floor":13.0,"gold_loss":0.0,"damage_taken":0.0},{"damage_healed":0.0,"max_hp_gain":0.0,"max_hp_loss":0.0,"gold_gain":0.0,"event_name":"Upgrade Shrine","player_choice":"Upgraded","floor":22.0,"gold_loss":0.0,"damage_taken":0.0,"cards_upgraded":["AT_EssenceShift"]},{"damage_healed":0.0,"max_hp_gain":0.0,"max_hp_loss":0.0,"gold_gain":0.0,"event_name":"SensoryStone","player_choice":"Memory 1","floor":36.0,"gold_loss":0.0,"damage_taken":0.0},{"damage_healed":0.0,"max_hp_gain":0.0,"max_hp_loss":0.0,"gold_gain":0.0,"event_name":"Mysterious Sphere","player_choice":"Fight","floor":47.0,"gold_loss":0.0,"damage_taken":0.0}],"is_beta":false,"boss_relics":[{"not_picked":["Tiny House","Black Star"],"picked":"Ring of the Serpent"},{"not_picked":["Sozu","Philosopher\u0027s Stone"],"picked":"AT_MortalBlade"}],"items_purged_floors":[2,20,37,52,53],"is_endless":false,"potions_floor_spawned":[1,8,16,18,23,29,33,38,42,48,54],"ascension_level":0}}