{"host":"8u7tvcybuv0u72fd","time":1612150781,"event":{"mods":["BaseMod","BetterRewards","Colored Map","Colored Powertips","Minty Spire (QoL Compilation)","Quick Restart","Shop Mod"],"gold_per_floor":[118,70,84,98,98,125,125,137,137,137,177,195,195,205,205,315,315,329,338,338,356,379,379,391,425,425,425,441,441,458,161,161,161,161],"floor_reached":33,"language":"ENG","playtime":1617,"items_purged":["Strike_R"],"score":404,"play_id":"d117d972-1c81-4704-a6c3-177926373b6e","local_time":"20210131223941","is_ascension_mode":false,"campfire_choices":[{"data":"Bash","floor":7.0,"key":"SMITH"},{"data":"Shrug It Off","floor":10.0,"key":"SMITH"},{"data":"Inflame","floor":13.0,"key":"SMITH"},{"data":"Disarm","floor":15.0,"key":"SMITH"},{"data":"Body Slam","floor":23.0,"key":"SMITH"},{"data":"Juggernaut","floor":29.0,"key":"SMITH"},{"floor":32,"key":"REST"}],"circlet_count":0,"master_deck":["Strike_R","Strike_R","Strike_R","Strike_R","Defend_R","Defend_R","Defend_R","Defend_R","Bash+1","Shrug It Off+1","Sword Boomerang","Inflame+1","Disarm+1","Juggernaut+1","Body Slam+1","Rampage+1"],"relics":["Black Blood","Lee\u0027s Waffle","Torii","Mango","Champion Belt","CeramicFish","Shovel","Singing Bowl","MutagenicStrength","MerchantsRug","Toxic Egg 2"],"acts_visited":["Exordium","TheCity"],"potions_floor_usage":[33],"damage_taken":[{"damage":1.0,"enemies":"Cultist","floor":1.0,"turns":3.0},{"damage":0.0,"enemies":"2 Louse","floor":3.0,"turns":4.0},{"damage":1.0,"enemies":"Small Slimes","floor":4.0,"turns":4.0},{"damage":32.0,"enemies":"Lagavulin","floor":6.0,"turns":10.0},{"damage":2.0,"enemies":"Looter","floor":8.0,"turns":3.0},{"damage":20.0,"enemies":"3 Sentries","floor":11.0,"turns":10.0},{"damage":1.0,"enemies":"Blue Slaver","floor":12.0,"turns":4.0},{"damage":4.0,"enemies":"Exordium Thugs","floor":14.0,"turns":6.0},{"damage":40.0,"enemies":"Slime Boss","floor":16.0,"turns":11.0},{"damage":20.0,"enemies":"Spheric Guardian","floor":18.0,"turns":5.0},{"damage":17.0,"enemies":"2 Thieves","floor":21.0,"turns":4.0},{"damage":5.0,"enemies":"Snake Plant","floor":22.0,"turns":6.0},{"damage":59.0,"enemies":"Sentry and Sphere","floor":24.0,"turns":8.0},{"damage":64.0,"enemies":"Gremlin Leader","floor":25.0,"turns":9.0},{"damage":50.0,"enemies":"3 Cultists","floor":28.0,"turns":6.0},{"damage":8.0,"enemies":"Snecko","floor":30.0,"turns":4.0},{"damage":56,"enemies":"Collector","floor":33,"turns":6}],"seed_played":"-116680452516947496","potions_obtained":[{"floor":3.0,"key":"EntropicBrew"},{"floor":6.0,"key":"Energy Potion"},{"floor":14.0,"key":"AttackPotion"},{"floor":16.0,"key":"Energy Potion"},{"floor":22.0,"key":"Block Potion"}],"is_trial":false,"path_per_floor":["M","$","M","M","?","E","R","M","T","R","E","M","R","M","R","B",null,"M","?","?","M","M","R","M","E","T","?","M","R","M","$","R","B"],"character_chosen":"IRONCLAD","items_purchased":["Lee\u0027s Waffle","Torii","Mango","BlessingOfTheForge","FearPotion","Shrug It Off","MerchantsRug","Toxic Egg 2","Swift Potion"],"campfire_rested":1,"item_purchase_floors":[0,0,0,0,0,2,31,31,31],"current_hp_per_floor":[101,101,101,101,94,68,68,72,72,72,58,63,63,65,65,31,101,93,93,93,88,95,95,48,53,53,53,17,17,23,23,54,0,0],"gold":161,"neow_bonus":"","is_daily":false,"chose_seed":false,"campfire_upgraded":6,"win_rate":0.0,"timestamp":1612150781,"path_taken":["M","?","M","?","?","E","R","M","T","R","E","M","R","M","R","BOSS","M","?","?","M","?","R","M","E","T","?","M","R","M","$","R","BOSS"],"items_purchased_type":["Relic","Relic","Relic","Potion","Potion","Card","Relic","Relic","Potion"],"build_version":"2020-12-22","purchased_purges":1,"victory":false,"max_hp_per_floor":[101,101,101,101,101,101,101,101,101,101,101,101,101,101,101,101,101,101,101,101,101,101,101,101,101,101,101,103,103,105,105,105,105,105],"card_choices":[{"not_picked":["Anger","Perfected Strike","Second Wind"],"picked":"SKIP","floor":1.0},{"not_picked":["Anger","Dark Embrace","Sword Boomerang"],"picked":"SKIP","floor":3.0},{"not_picked":["Wild Strike","Clash"],"picked":"Sword Boomerang","floor":4.0},{"not_picked":["Feel No Pain","Wild Strike"],"picked":"Inflame","floor":6.0},{"not_picked":["Wild Strike","Whirlwind","Sword Boomerang"],"picked":"SKIP","floor":8.0},{"not_picked":["Bloodletting","Ghostly Armor"],"picked":"Disarm","floor":11.0},{"not_picked":["Warcry","Perfected Strike","Cleave"],"picked":"SKIP","floor":12.0},{"not_picked":["Feel No Pain","Burning Pact","Clash"],"picked":"SKIP","floor":14.0},{"not_picked":["Bludgeon","Impervious"],"picked":"Juggernaut","floor":16.0},{"not_picked":["Clothesline+1","Searing Blow+1","Entrench"],"picked":"SKIP","floor":18.0},{"not_picked":["Thunderclap","Rampage","Seeing Red"],"picked":"SKIP","floor":21.0},{"not_picked":["Thunderclap","Flex"],"picked":"Rampage+1","floor":22.0},{"not_picked":["Flex","Body Slam","Shrug It Off+1"],"picked":"SKIP","floor":24.0},{"not_picked":["Double Tap","Clash","Warcry"],"picked":"SKIP","floor":25.0},{"not_picked":["Anger","Twin Strike","Second Wind"],"picked":"Singing Bowl","floor":28.0},{"not_picked":["Anger","Pommel Strike","Havoc"],"picked":"Singing Bowl","floor":30.0}],"player_experience":1472257,"relics_obtained":[{"floor":6.0,"key":"WingedGreaves"},{"floor":9.0,"key":"Champion Belt"},{"floor":11.0,"key":"CeramicFish"},{"floor":25.0,"key":"Shovel"},{"floor":26.0,"key":"Singing Bowl"}],"event_choices":[{"damage_healed":0.0,"max_hp_gain":0.0,"max_hp_loss":0.0,"gold_gain":0.0,"event_name":"Scrap Ooze","player_choice":"Success","floor":5.0,"gold_loss":0.0,"damage_taken":7.0,"relics_obtained":["Lizard Tail"]},{"damage_healed":0.0,"max_hp_gain":0.0,"max_hp_loss":0.0,"gold_gain":0.0,"event_name":"The Library","player_choice":"Read","floor":19.0,"gold_loss":0.0,"damage_taken":0.0,"cards_obtained":["Body Slam"]},{"damage_healed":0.0,"max_hp_gain":0.0,"max_hp_loss":0.0,"gold_gain":0.0,"event_name":"Lab","player_choice":"Got Potions","floor":20.0,"gold_loss":0.0,"damage_taken":0.0},{"damage_healed":0.0,"max_hp_gain":0.0,"max_hp_loss":0.0,"gold_gain":0.0,"event_name":"Drug Dealer","player_choice":"Inject Mutagens","floor":27.0,"gold_loss":0.0,"damage_taken":0.0,"relics_obtained":["MutagenicStrength"]}],"is_beta":false,"boss_relics":[{"not_picked":["Runic Dome","Pandora\u0027s Box"],"picked":"Black Blood"}],"items_purged_floors":[0],"is_endless":false,"potions_floor_spawned":[3,6,8,14,16,18,22],"killed_by":"Collector","ascension_level":0}}