{"host":"hrvs05np4ys7itky","time":1612223959,"event":{"mods":["BaseMod","Colored Map","Colored Powertips","Downfall","Emptier Cage","Hermit","Highlight Path","Minty Spire (QoL Compilation)","Permanent Neow","Rare Cards Sparkle","Relic Stats","Replay The Spire","StSLib","everything is the same but u backflip on backflip"],"gold_per_floor":[99,114,132,151,163,197,197,212,238,138,152,152,168,187,207,311,311,311,311,311],"floor_reached":19,"language":"ENG","playtime":5705,"items_purged":[],"score":183,"play_id":"fc10786d-12bb-4b1e-8763-9aed892af2db","local_time":"20210201185919","is_ascension_mode":false,"campfire_choices":[{"floor":1.0,"key":"DIG"},{"floor":10,"key":"REST"},{"floor":12,"key":"REST"},{"data":"hermit:Brawl","floor":18,"key":"SMITH"}],"circlet_count":0,"master_deck":["hermit:Strike_Hermit","hermit:Strike_Hermit","hermit:Strike_Hermit","hermit:Strike_Hermit","hermit:Defend_Hermit","hermit:Defend_Hermit","hermit:Defend_Hermit","hermit:Defend_Hermit","hermit:Snapshot","hermit:Covet","hermit:Vantage","hermit:Desperado","hermit:Brawl+1","hermit:Magnum","hermit:Reprieve","hermit:Snipe","hermit:Dive","hermit:Desperado","hermit:Quickdraw","hermit:Adapt"],"relics":["hermit:Momento","ReplayTheSpireMod:Lightbulb","Sundial","Counterbalance","Turnip","Simple Rune","downfall:HeartBlessingGreen","Replay:Bronze Core"],"acts_visited":["Exordium","TheCity"],"potions_floor_usage":[13,13],"damage_taken":[{"damage":2.0,"enemies":"Small Slimes","floor":2.0,"turns":4.0},{"damage":4.0,"enemies":"Jaw Worm","floor":3.0,"turns":3.0},{"damage":0.0,"enemies":"Cultist","floor":4.0,"turns":3.0},{"damage":16.0,"enemies":"Exordium Thugs","floor":5.0,"turns":6.0},{"damage":20.0,"enemies":"Lagavulin","floor":6.0,"turns":6.0},{"damage":0.0,"enemies":"Exordium Wildlife","floor":8.0,"turns":4.0},{"damage":38,"enemies":"3 Sentries","floor":9,"turns":9},{"damage":0,"enemies":"3 Louse","floor":11,"turns":5},{"damage":0,"enemies":"Lots of Slimes","floor":13,"turns":5},{"damage":0,"enemies":"Blue Slaver","floor":14,"turns":4},{"damage":4,"enemies":"Gremlin Gang","floor":15,"turns":3},{"damage":48,"enemies":"IC_STATUS_ARCHETYPE","floor":16,"turns":9},{"damage":1,"enemies":"3 Byrds","floor":19,"turns":4}],"seed_played":"-2986834602888185970","potions_obtained":[{"floor":3.0,"key":"Strength Potion"},{"floor":6.0,"key":"PowerPotion"},{"floor":9,"key":"GamblersBrew"},{"floor":11,"key":"Fire Potion"},{"floor":14,"key":"hermit:Tonic"},{"floor":15,"key":"EntropicBrew"}],"is_trial":false,"path_per_floor":["R_BF","M","M","M","M","E","T","M","E","R","M","R","M","M","M","B",null,"R","M"],"character_chosen":"HERMIT","items_purchased":[],"campfire_rested":2,"item_purchase_floors":[],"current_hp_per_floor":[75,73,69,69,53,33,33,37,3,25,29,51,55,55,55,11,75,75,74,74],"gold":311,"neow_bonus":"RANDOM_COMMON_RELIC","is_daily":false,"chose_seed":false,"campfire_upgraded":1,"win_rate":0.0,"timestamp":1612223959,"path_taken":["R_BF","M","M","M","M","E","T","M","E","R","M","R","M","M","M","BOSS","R","M"],"items_purchased_type":[],"build_version":"2020-12-22","purchased_purges":0,"victory":false,"max_hp_per_floor":[75,75,75,75,75,75,75,75,75,75,75,75,75,75,75,75,75,75,75,75],"relic_stats":{"counters":[13,65],"Sundial":[10],"Turnip":[31],"obtain_stats":[{"Sundial":1,"Counterbalance":6,"Replay:Bronze Core":17,"Simple Rune":9,"downfall:HeartBlessingGreen":10,"Turnip":7,"ReplayTheSpireMod:Lightbulb":0,"hermit:Momento":0},{"Sundial":0,"Counterbalance":5,"Replay:Bronze Core":12,"Simple Rune":7,"downfall:HeartBlessingGreen":7,"Turnip":5,"ReplayTheSpireMod:Lightbulb":0,"hermit:Momento":0},{"Sundial":0,"Counterbalance":22,"Replay:Bronze Core":61,"Simple Rune":35,"downfall:HeartBlessingGreen":35,"Turnip":22,"ReplayTheSpireMod:Lightbulb":0,"hermit:Momento":0}]},"card_choices":[{"not_picked":["hermit:HighCaliber","hermit:Midnight"],"picked":"hermit:Vantage","floor":2.0},{"not_picked":["hermit:CursedWeapon","hermit:TrackingShot"],"picked":"hermit:Desperado","floor":3.0},{"not_picked":["hermit:Showdown","hermit:TakeAim"],"picked":"hermit:Brawl","floor":4.0},{"not_picked":["hermit:Vantage","hermit:Midnight"],"picked":"hermit:Magnum","floor":5.0},{"not_picked":["hermit:Headshot","hermit:CalledShot"],"picked":"hermit:Reprieve","floor":6.0},{"not_picked":["hermit:Feint","hermit:Roulette"],"picked":"hermit:Snipe","floor":8.0},{"not_picked":["hermit:EyeOfTheStorm","hermit:Headshot"],"picked":"hermit:Dive","floor":9},{"not_picked":["hermit:Quickdraw","hermit:Headshot"],"picked":"hermit:Desperado","floor":11},{"not_picked":["hermit:Coalescence","hermit:Horror","hermit:ItchyTrigger"],"picked":"SKIP","floor":13},{"not_picked":["hermit:Gestalt","hermit:EyeOfTheStorm"],"picked":"hermit:Quickdraw","floor":14},{"not_picked":["hermit:FatalDesire","hermit:SprayPray","hermit:TrackingShot"],"picked":"SKIP","floor":15},{"not_picked":["hermit:Purgatory","hermit:Gambit"],"picked":"hermit:Adapt","floor":16}],"player_experience":1025063,"relics_obtained":[{"floor":1.0,"key":"Sundial"},{"floor":6.0,"key":"Counterbalance"},{"floor":7.0,"key":"Turnip"},{"floor":9,"key":"Simple Rune"}],"event_choices":[],"is_beta":false,"boss_relics":[{"not_picked":["SlaversCollar","Busted Crown"],"picked":"Replay:Bronze Core"}],"items_purged_floors":[],"is_endless":false,"potions_floor_spawned":[3,6,9,11,14,15],"killed_by":"3 Byrds","ascension_level":0}}