{"host":"qav5943cxrzanrh1","time":1612157753,"event":{"mods":["Aspiration","BaseMod","BetterRewards","ChefMod","Colored Map","Conspire","FoggyMod","Highlight Path","Hubris","Marisa????????","Minty Spire (QoL Compilation)","RRrroohrrRGHHhhh!!","RatMod","SacredBarkPlus","Shop Mod","Spicy Shops","Spikes Relics","StSLib","The Blue Laboratory","Trackpad","thorton"],"gold_per_floor":[119,138,138,313,313,344,344,355,355,355,390,390,78,78,78,174,174,188,188,188,202,215,250,250,250,250,525,539,539,564,237,237,333,333,346,316,99,118,130,142,183,195,233,245,257,286,298,323,335,347,347],"floor_reached":50,"language":"ENG","playtime":4872,"items_purged":["Regret","chefmod:Strike"],"score":762,"play_id":"e10405dc-c050-4927-ab20-88a0ef3f73dd","local_time":"20210201003553","is_ascension_mode":false,"campfire_choices":[{"data":"chefmod:CandyBowl","floor":7,"key":"SMITH"},{"floor":15,"key":"REST"},{"data":"chefmod:SearedScallops","floor":25,"key":"SMITH"},{"data":"chefmod:CandyBowl","floor":32,"key":"SMITH"},{"floor":40,"key":"RECALL"},{"data":"chefmod:RisingDough","floor":49,"key":"SMITH"}],"circlet_count":0,"master_deck":["thethorton:BusinessCard+1","chefmod:QuickThaw","chefmod:TodaysSpecial+1","chefmod:Flambe","chefmod:Sorbet","chefmod:QuickThaw","Blind","chefmod:CandyBowl+1","chefmod:Omelette","chefmod:FireUp","chefmod:SearedScallops+1","chefmod:CandyBowl+1","chefmod:Chop","chefmod:KnifeFlurry","chefmod:FryPan+1","chefmod:DinoKale","chefmod:Omelette","chefmod:DeathByChocolate","chefmod:RisingDough+1","chefmod:OldCookbook+1","chefmod:FireUp","chefmod:FarmersMarket+1"],"relics":["chefmod:TrustyPot","trackpad:BottledShadow","Bag of Preparation","conspire:GiftBox","conspire:Dentures","Thread and Needle","Strawberry","conspire:TopHat","Omamori","Busted Crown","Rawhide","hubris:GlazedTorus","aspiration:RitualStick","hubris:64BitClover","SpikesRelics:ToyHorsey","Rawhide","trackpad:WindUpAutoDealer","trackpad:AdjectivePendant","Pandora\u0027s Box","chefmod:CookieJar","MawBank","hubris:ToyBattleship","Akabeko"],"acts_visited":["Exordium","TheCity","TheBeyond"],"potions_floor_usage":[6,11,23,23,30,30,50,50],"damage_taken":[{"damage":1,"enemies":"Cultist","floor":1,"turns":4},{"damage":0,"enemies":"2 Louse","floor":2,"turns":3},{"damage":6,"enemies":"Lagavulin","floor":6,"turns":8},{"damage":4,"enemies":"Jaw Worm","floor":8,"turns":4},{"damage":46,"enemies":"3 Sentries","floor":11,"turns":14},{"damage":19,"enemies":"Hexaghost","floor":16,"turns":13},{"damage":0,"enemies":"Chosen","floor":18,"turns":6},{"damage":0,"enemies":"Shell Parasite","floor":21,"turns":4},{"damage":5,"enemies":"Snake Plant","floor":22,"turns":5},{"damage":0,"enemies":"conspire:Head Lice","floor":23,"turns":4},{"damage":2,"enemies":"Centurion and Healer","floor":28,"turns":5},{"damage":5,"enemies":"Slavers","floor":30,"turns":6},{"damage":13,"enemies":"Collector","floor":33,"turns":8},{"damage":1,"enemies":"3 Darklings","floor":35,"turns":4},{"damage":2,"enemies":"3 Shapes","floor":38,"turns":4},{"damage":0,"enemies":"Giant Head","floor":41,"turns":7},{"damage":0,"enemies":"Spire Growth","floor":46,"turns":3},{"damage":6,"enemies":"4 Shapes","floor":48,"turns":5},{"damage":96,"enemies":"hubris:GrandSnecko","floor":50,"turns":11}],"seed_played":"7122668806188504764","potions_obtained":[{"floor":6,"key":"ColorlessPotion"},{"floor":16,"key":"blueLaboratory:Moonshine"},{"floor":21,"key":"BlessingOfTheForge"},{"floor":22,"key":"DistilledChaos"},{"floor":28,"key":"SkillPotion"},{"floor":36,"key":"blueLaboratory:FrostheartPotion"},{"floor":36,"key":"blueLaboratory:NullPotion"},{"floor":46,"key":"blueLaboratory:BottleOfRum"}],"is_trial":false,"path_per_floor":["M","M","?","?","?","E","R","M","T","T","E","?","$","?","R","B",null,"M","?","?","M","M","E","?","R","T","?","M","?","E","$","R","B",null,"M","?","$","M","?","R","E","?","T","?","$","M","?","M","R","B"],"character_chosen":"THE_CHEF","items_purchased":["trackpad:BottledShadow","Bag of Preparation","blueLaboratory:FruitPunch","chefmod:SearedScallops","Omamori","trackpad:WindUpAutoDealer","trackpad:AdjectivePendant","chefmod:FireUp","chefmod:CookieJar"],"campfire_rested":1,"item_purchase_floors":[0,0,0,13,13,31,31,37,37],"current_hp_per_floor":[75,75,75,75,75,71,71,67,67,67,28,28,28,28,53,34,85,85,85,85,85,80,80,63,63,63,63,61,61,56,56,56,43,85,84,84,84,82,82,82,85,85,85,85,85,85,85,79,79,0,0],"gold":347,"neow_bonus":"","is_daily":false,"chose_seed":false,"campfire_upgraded":4,"win_rate":0.0,"timestamp":1612157753,"path_taken":["M","?","?","?","?","E","R","?","T","?","E","?","$","?","R","BOSS","M","?","?","?","?","E","?","R","T","?","?","?","E","$","R","BOSS","M","?","$","?","?","R","E","?","T","?","?","?","?","?","R","BOSS"],"items_purchased_type":["Relic","Relic","Potion","Card","Relic","Relic","Relic","Card","Relic"],"build_version":"2020-12-22","purchased_purges":2,"victory":false,"max_hp_per_floor":[76,76,76,76,76,78,78,78,78,78,85,85,85,85,85,85,85,85,85,85,85,85,85,85,85,85,85,85,85,85,85,85,85,85,85,85,85,85,85,85,85,85,85,85,85,85,85,85,85,85,85],"card_choices":[{"not_picked":["chefmod:Julienne","chefmod:ColdSteel"],"picked":"chefmod:Flambe","floor":1},{"not_picked":["chefmod:FryPan","chefmod:ColdSteel"],"picked":"chefmod:Sorbet","floor":2},{"not_picked":["chefmod:TwoForOne","chefmod:FrozenTuna"],"picked":"chefmod:CandyBowl","floor":6},{"not_picked":["chefmod:VegetableTart","chefmod:Escargot"],"picked":"chefmod:Omelette","floor":6},{"not_picked":["chefmod:DimSum","chefmod:Mince"],"picked":"chefmod:FireUp","floor":8},{"not_picked":["chefmod:Chop","chefmod:CayenneCloud","chefmod:ColdSteel"],"picked":"SKIP","floor":11},{"not_picked":["chefmod:TwoForOne","chefmod:OrderUp"],"picked":"chefmod:CandyBowl","floor":16},{"not_picked":["chefmod:Leftovers+1"],"picked":"SKIP","floor":18},{"not_picked":["chefmod:Ratatouille+1"],"picked":"SKIP","floor":21},{"not_picked":[],"picked":"chefmod:FryPan+1","floor":22},{"not_picked":["chefmod:Gelato"],"picked":"SKIP","floor":23},{"not_picked":["chefmod:HotSoup"],"picked":"SKIP","floor":28},{"not_picked":["chefmod:DinoKale"],"picked":"SKIP","floor":30},{"not_picked":[],"picked":"chefmod:OldCookbook+1","floor":35},{"not_picked":["chefmod:Puree"],"picked":"SKIP","floor":38},{"not_picked":["chefmod:GroceryDelivery"],"picked":"SKIP","floor":41},{"not_picked":["chefmod:Fillet"],"picked":"SKIP","floor":46},{"not_picked":[],"picked":"chefmod:FarmersMarket+1","floor":48}],"player_experience":670810,"relics_obtained":[{"floor":6,"key":"conspire:GiftBox"},{"floor":9,"key":"conspire:Dentures"},{"floor":11,"key":"Strawberry"},{"floor":23,"key":"hubris:GlazedTorus"},{"floor":26,"key":"hubris:64BitClover"},{"floor":30,"key":"Rawhide"},{"floor":41,"key":"hubris:ToyBattleship"},{"floor":43,"key":"Akabeko"}],"event_choices":[{"damage_healed":0,"gold_gain":175,"player_choice":"AGREE","damage_taken":0,"max_hp_gain":0,"max_hp_loss":0,"event_name":"Liars Game","floor":4,"gold_loss":0,"cards_obtained":["Doubt"]},{"damage_healed":0,"gold_gain":0,"player_choice":"2 cards matched","damage_taken":0,"max_hp_gain":0,"max_hp_loss":0,"event_name":"Match and Keep!","floor":5,"gold_loss":0,"cards_obtained":["chefmod:QuickThaw","Blind"]},{"damage_healed":0,"gold_gain":0,"player_choice":"Box","damage_taken":0,"relics_obtained":["conspire:TopHat"],"max_hp_gain":0,"max_hp_loss":0,"event_name":"Big Fish","floor":12,"gold_loss":0,"cards_obtained":["Regret"]},{"cards_removed":["Doubt"],"damage_healed":0,"gold_gain":0,"player_choice":"Forget","damage_taken":0,"max_hp_gain":0,"max_hp_loss":0,"event_name":"Living Wall","floor":14,"gold_loss":0},{"damage_healed":0,"gold_gain":0,"cards_transformed":["chefmod:Strike","chefmod:Strike"],"player_choice":"Became Test Subject","damage_taken":0,"max_hp_gain":0,"max_hp_loss":0,"event_name":"Drug Dealer","floor":19,"gold_loss":0,"cards_obtained":["chefmod:Chop","chefmod:KnifeFlurry"]},{"cards_removed":["Injury"],"damage_healed":0,"gold_gain":0,"player_choice":"Purged","damage_taken":0,"max_hp_gain":0,"max_hp_loss":0,"event_name":"Purifier","floor":20,"gold_loss":0},{"damage_healed":0,"gold_gain":275,"player_choice":"Desecrate","damage_taken":0,"max_hp_gain":0,"max_hp_loss":0,"event_name":"Golden Shrine","floor":27,"gold_loss":0,"cards_obtained":["Regret"]},{"damage_healed":0,"gold_gain":0,"player_choice":"Stole Relic","damage_taken":0,"relics_obtained":["SpikesRelics:ToyHorsey"],"max_hp_gain":0,"max_hp_loss":0,"event_name":"Addict","floor":29,"gold_loss":0,"cards_obtained":["Shame"]},{"damage_healed":0,"gold_gain":0,"player_choice":"Bought 2 Potions","damage_taken":0,"max_hp_gain":0,"max_hp_loss":0,"event_name":"The Woman in Blue","floor":36,"gold_loss":0},{"damage_healed":0,"gold_gain":0,"player_choice":"Leave","damage_taken":0,"max_hp_gain":0,"max_hp_loss":0,"event_name":"conspire:Investor","floor":39,"gold_loss":0},{"cards_removed":["chefmod:FryPan"],"damage_healed":0,"gold_gain":0,"player_choice":"Removed Attack","damage_taken":0,"max_hp_gain":0,"max_hp_loss":0,"event_name":"Falling","floor":44,"gold_loss":0},{"damage_healed":0,"gold_gain":0,"player_choice":"Got Potions","damage_taken":0,"max_hp_gain":0,"max_hp_loss":0,"event_name":"Lab","floor":47,"gold_loss":0}],"is_beta":false,"boss_relics":[{"not_picked":["conspire:SpecialSausage","conspire:SeveredTorchhead"],"picked":"Busted Crown"},{"not_picked":["hubris:RunicObelisk","Sandwich"],"picked":"Pandora\u0027s Box"}],"items_purged_floors":[13,31],"is_endless":false,"potions_floor_spawned":[6,16,21,22,28,38,46],"killed_by":"hubris:GrandSnecko","ascension_level":0}}