{"host":"4rvakrj1idbgia3f","time":1612178642,"event":{"mods":["BaseMod","Colored Map","Colored Powertips","DeckTracker","Highlight Path","Minty Spire (QoL Compilation)","Random Character Button","StSLib"],"gold_per_floor":[119,119,119,119,137,137,171,187,237,251,291,291,25,41,41,137,137,162,182,206,256,270,270,309,309,335,335,335],"floor_reached":27,"language":"JPN","playtime":1146,"items_purged":[],"score":536,"play_id":"8a445f32-fb6d-4284-8654-8271a094f587","local_time":"20210201202402","is_ascension_mode":true,"campfire_choices":[{"data":"Zap","floor":6,"key":"SMITH"},{"data":"Barrage","floor":12,"key":"SMITH"},{"data":"Go for the Eyes","floor":15,"key":"SMITH"},{"data":"Chaos","floor":23,"key":"SMITH"},{"data":"Glacier","floor":25,"key":"SMITH"}],"circlet_count":0,"master_deck":["AscendersBane","Strike_B+1","Strike_B","Strike_B","Strike_B+1","Defend_B","Defend_B","Defend_B","Defend_B","Zap+1","Dualcast","Go for the Eyes+1","Decay","Coolheaded","Cold Snap","Barrage+1","Ball Lightning","Reinforced Body","Cold Snap","Echo Form","Loop","Chaos+1","Coolheaded","Self Repair","Glacier+1"],"relics":["Cracked Core","NeowsBlessing","Golden Idol","Blood Vial","Orichalcum","Whetstone","Symbiotic Virus","Velvet Choker","Smiling Mask","Bronze Scales"],"acts_visited":["Exordium","TheCity"],"potions_floor_usage":[10,11,14,20,20,24],"damage_taken":[{"damage":0,"enemies":"2 Louse","floor":1,"turns":1},{"damage":0,"enemies":"Small Slimes","floor":5,"turns":1},{"damage":0,"enemies":"Gremlin Nob","floor":7,"turns":1},{"damage":0,"enemies":"Cultist","floor":8,"turns":4},{"damage":0,"enemies":"2 Fungi Beasts","floor":10,"turns":2},{"damage":8,"enemies":"3 Sentries","floor":11,"turns":7},{"damage":12,"enemies":"Lots of Slimes","floor":14,"turns":3},{"damage":46,"enemies":"The Guardian","floor":16,"turns":15},{"damage":17,"enemies":"Shell Parasite","floor":18,"turns":4},{"damage":17,"enemies":"2 Thieves","floor":19,"turns":3},{"damage":1,"enemies":"Cultist and Chosen","floor":20,"turns":5},{"damage":8,"enemies":"Centurion and Healer","floor":22,"turns":8},{"damage":22,"enemies":"Book of Stabbing","floor":24,"turns":7},{"damage":11,"enemies":"Gremlin Leader","floor":27,"turns":1}],"seed_played":"999945592521751430","potions_obtained":[{"floor":5,"key":"Energy Potion"},{"floor":7,"key":"AttackPotion"},{"floor":11,"key":"Fruit Juice"},{"floor":14,"key":"Fruit Juice"},{"floor":16,"key":"Fire Potion"},{"floor":22,"key":"GamblersBrew"},{"floor":24,"key":"GamblersBrew"}],"is_trial":false,"path_per_floor":["M","?","?","?","M","R","E","M","T","M","E","R","$","M","R","B",null,"M","M","M","?","M","R","E","R","T","E"],"character_chosen":"DEFECT","items_purchased":["Symbiotic Virus"],"campfire_rested":0,"item_purchase_floors":[13],"current_hp_per_floor":[64,64,64,64,64,64,64,64,64,64,61,61,61,56,56,12,59,44,29,30,30,24,24,4,4,4,0,0],"gold":335,"neow_bonus":"THREE_ENEMY_KILL","is_daily":false,"chose_seed":false,"campfire_upgraded":5,"win_rate":0.0,"timestamp":1612178642,"path_taken":["M","?","?","?","M","R","E","M","T","M","E","R","$","M","R","BOSS","M","M","?","?","?","R","E","R","T","E"],"items_purchased_type":["Relic"],"build_version":"2020-12-22","purchased_purges":0,"victory":false,"max_hp_per_floor":[71,71,64,64,64,64,64,64,64,64,69,69,69,74,74,74,74,74,74,74,74,74,74,74,74,74,74,74],"card_choices":[{"not_picked":["Turbo","Steam"],"picked":"Go for the Eyes","floor":1},{"not_picked":["Rebound","Leap"],"picked":"Coolheaded","floor":5},{"not_picked":["Static Discharge","Streamline"],"picked":"Cold Snap","floor":7},{"not_picked":["Heatsinks","Compile Driver"],"picked":"Barrage","floor":8},{"not_picked":["Streamline","Reboot"],"picked":"Ball Lightning","floor":10},{"not_picked":["Force Field","Conserve Battery"],"picked":"Reinforced Body","floor":11},{"not_picked":["Stack","Streamline"],"picked":"Cold Snap","floor":14},{"not_picked":["Creative AI","Reboot"],"picked":"Echo Form","floor":16},{"not_picked":["Redo","Conserve Battery"],"picked":"Loop","floor":18},{"not_picked":["Rebound","Ball Lightning"],"picked":"Chaos","floor":19},{"not_picked":["Cold Snap","Loop"],"picked":"Coolheaded","floor":20},{"not_picked":["Conserve Battery","Reinforced Body"],"picked":"Self Repair","floor":22},{"not_picked":["Barrage","Hyperbeam"],"picked":"Glacier","floor":24}],"player_experience":2180348,"relics_obtained":[{"floor":7,"key":"Blood Vial"},{"floor":9,"key":"Orichalcum"},{"floor":11,"key":"Whetstone"},{"floor":24,"key":"Smiling Mask"},{"floor":26,"key":"Bronze Scales"}],"event_choices":[{"damage_healed":0,"gold_gain":0,"player_choice":"Ignored","damage_taken":0,"max_hp_gain":0,"max_hp_loss":0,"event_name":"Shining Light","floor":2,"gold_loss":0},{"damage_healed":0,"gold_gain":0,"player_choice":"Lose Max HP","damage_taken":0,"relics_obtained":["Golden Idol"],"max_hp_gain":0,"max_hp_loss":7,"event_name":"Golden Idol","floor":3,"gold_loss":0},{"damage_healed":0,"gold_gain":0,"player_choice":"Cursed","damage_taken":0,"max_hp_gain":0,"max_hp_loss":0,"event_name":"Wheel of Change","floor":4,"gold_loss":0,"cards_obtained":["Decay"]},{"damage_healed":0,"gold_gain":50,"player_choice":"Pray","damage_taken":0,"max_hp_gain":0,"max_hp_loss":0,"event_name":"Golden Shrine","floor":21,"gold_loss":0}],"is_beta":false,"boss_relics":[{"not_picked":["Philosopher\u0027s Stone","Astrolabe"],"picked":"Velvet Choker"}],"items_purged_floors":[],"is_endless":false,"potions_floor_spawned":[5,7,11,14,16,18,22,24],"killed_by":"Gremlin Leader","ascension_level":20}}