{"host":"qm4rv4rkpk76sbxu","time":1612175978,"event":{"mods":["BaseMod","Bestiary","Block Reminder","DeckTracker","Filter the Spire","Keyboard Shortcuts","Minty Spire (QoL Compilation)","MonsterHotkey","Quick Restart","Random Character Button","Relic Stats","Slay-I","StSLib","Unceasing Turn Reminder","ojb\u0027s Better Paths Mod","ojb\u0027s Info Mod"],"gold_per_floor":[116,134,134,153,153,169,202,202,270,270,1,1,1,25,25,25,25],"floor_reached":16,"language":"ENG","playtime":547,"items_purged":["Regret"],"score":120,"play_id":"0907069e-a4b9-4e61-9d6d-3a7c5f13fed4","local_time":"20210201113938","is_ascension_mode":true,"campfire_choices":[{"data":"Zap","floor":8,"key":"SMITH"},{"data":"Dualcast","floor":10,"key":"SMITH"},{"data":"All For One","floor":12,"key":"SMITH"},{"data":"White Noise","floor":15,"key":"SMITH"}],"circlet_count":0,"master_deck":["Strike_B","Strike_B+1","Strike_B+1","Defend_B","Defend_B","Defend_B","Defend_B","Zap+1","Dualcast+1","All For One+1","Cold Snap","Rip and Tear","Cold Snap","Glacier","White Noise+1"],"relics":["Cracked Core","Golden Idol","Mango","The Courier","CeramicFish"],"acts_visited":["Exordium"],"potions_floor_usage":[14,16,16,16],"damage_taken":[{"damage":3,"enemies":"Cultist","floor":1,"turns":3},{"damage":4,"enemies":"Jaw Worm","floor":2,"turns":3},{"damage":4,"enemies":"Small Slimes","floor":4,"turns":3},{"damage":10,"enemies":"Looter","floor":6,"turns":3},{"damage":30,"enemies":"Lagavulin","floor":7,"turns":7},{"damage":1,"enemies":"Gremlin Gang","floor":14,"turns":3},{"damage":25,"enemies":"Slime Boss","floor":16,"turns":8}],"seed_played":"-4552684269018747569","potions_obtained":[{"floor":7,"key":"GamblersBrew"},{"floor":14,"key":"DistilledChaos"}],"is_trial":false,"path_per_floor":["M","M","?","M","?","M","E","R","T","R","$","R","?","M","R","B"],"character_chosen":"DEFECT","items_purchased":["CeramicFish","SkillPotion","SteroidPotion"],"campfire_rested":0,"item_purchase_floors":[11,11,11],"current_hp_per_floor":[72,68,53,49,49,39,23,23,23,23,23,23,23,22,22,0,0],"gold":25,"neow_bonus":"THREE_RARE_CARDS","is_daily":false,"chose_seed":false,"campfire_upgraded":4,"win_rate":0.0,"timestamp":1612175978,"path_taken":["M","?","?","M","?","M","E","R","T","R","?","R","?","M","R","BOSS"],"items_purchased_type":["Relic","Potion","Potion"],"build_version":"2020-12-22","purchased_purges":1,"victory":false,"max_hp_per_floor":[75,75,75,75,69,69,83,83,83,83,83,83,83,83,83,83,83],"relic_stats":{"counters":[7,30],"Golden Idol":15,"CeramicFish":0,"obtain_stats":[{"Golden Idol":5,"CeramicFish":11,"Mango":7,"The Courier":9,"Cracked Core":0},{"Golden Idol":3,"CeramicFish":5,"Mango":5,"The Courier":5,"Cracked Core":0},{"Golden Idol":9,"CeramicFish":19,"Mango":19,"The Courier":19,"Cracked Core":0}]},"card_choices":[{"not_picked":["Fission","Buffer"],"picked":"All For One","floor":0},{"not_picked":["Stack","Coolheaded"],"picked":"Cold Snap","floor":1},{"not_picked":["Streamline","Rebound"],"picked":"Rip and Tear","floor":2},{"not_picked":["Beam Cell","Barrage"],"picked":"Cold Snap","floor":4},{"not_picked":["Conserve Battery","Steam"],"picked":"Glacier","floor":6},{"not_picked":["Leap","Conserve Battery"],"picked":"White Noise","floor":7},{"not_picked":["Sweeping Beam","Heatsinks","Rebound"],"picked":"SKIP","floor":14}],"player_experience":1475006,"relics_obtained":[{"floor":7,"key":"Mango"},{"floor":9,"key":"The Courier"}],"event_choices":[{"damage_healed":0,"gold_gain":0,"player_choice":"Entered Light","damage_taken":15,"max_hp_gain":0,"max_hp_loss":0,"event_name":"Shining Light","floor":3,"gold_loss":0,"cards_upgraded":["Strike_B","Strike_B"]},{"damage_healed":0,"gold_gain":0,"player_choice":"Lose Max HP","damage_taken":0,"relics_obtained":["Golden Idol"],"max_hp_gain":0,"max_hp_loss":6,"event_name":"Golden Idol","floor":5,"gold_loss":0},{"cards_removed":["Strike_B"],"damage_healed":0,"gold_gain":0,"player_choice":"Purged","damage_taken":0,"max_hp_gain":0,"max_hp_loss":0,"event_name":"Purifier","floor":13,"gold_loss":0}],"is_beta":false,"boss_relics":[],"items_purged_floors":[11],"is_endless":false,"potions_floor_spawned":[7,14],"killed_by":"Slime Boss","ascension_level":4}}