{"host":"d5i1qeb9dejicw1z","time":1612152323,"event":{"mods":["AchievementEnabler","BaseMod","Better Note","BetterRewards","Evolution","Gold Saver","Minty Spire (QoL Compilation)","Permanent Neow","Relic Filter Mod","Reliquary","StSLib"],"gold_per_floor":[258,258,269,26,40,75,75,91,91,91,116,116,5,18,18,93,93,110,110,125,125,141,141,141,158,158,172,186,17,17,30,30,30,30],"floor_reached":33,"language":"ENG","playtime":951,"items_purged":["Defend_B"],"score":518,"play_id":"04ac6028-2cd6-465a-a4de-0859d2cb7b4f","local_time":"20210131200523","is_ascension_mode":true,"campfire_choices":[{"floor":7,"key":"REST"},{"floor":12,"key":"REST"},{"floor":15,"key":"REST"},{"floor":23,"key":"REST"},{"floor":32,"key":"REST"}],"circlet_count":0,"master_deck":["AscendersBane","Strike_B","Strike_B","Strike_B","Strike_B","Defend_B","Defend_B","Defend_B","Zap+1","Dualcast","Conserve Battery","Leap","Auto Shields","BootSequence","Streamline+1","Go for the Eyes+1","Beam Cell+1","Go for the Eyes+1","Electrodynamics+1","Defragment+1","Redo+1","Loop","Gash+1","Chill"],"relics":["Cracked Core","EVO:Axolotl","GremlinMask","Bronze Scales","Molten Egg 2","Kunai","Nuclear Battery","Nloth\u0027s Gift","Omamori","DataDisk"],"acts_visited":["Exordium","TheCity"],"potions_floor_usage":[11,14,16,22,33,33],"damage_taken":[{"damage":4,"enemies":"Jaw Worm","floor":1,"turns":4},{"damage":0,"enemies":"Cultist","floor":3,"turns":3},{"damage":7,"enemies":"Small Slimes","floor":5,"turns":3},{"damage":48,"enemies":"Lagavulin","floor":6,"turns":7},{"damage":0,"enemies":"3 Louse","floor":8,"turns":4},{"damage":26,"enemies":"Gremlin Nob","floor":11,"turns":4},{"damage":12,"enemies":"2 Fungi Beasts","floor":14,"turns":2},{"damage":49,"enemies":"Slime Boss","floor":16,"turns":9},{"damage":0,"enemies":"3 Byrds","floor":18,"turns":1},{"damage":13,"enemies":"Spheric Guardian","floor":20,"turns":4},{"damage":7,"enemies":"Snecko","floor":22,"turns":4},{"damage":7,"enemies":"Centurion and Healer","floor":25,"turns":6},{"damage":0,"enemies":"Snake Plant","floor":27,"turns":3},{"damage":28,"enemies":"Shelled Parasite and Fungi","floor":28,"turns":5},{"damage":23,"enemies":"Snecko","floor":31,"turns":5},{"damage":55,"enemies":"Automaton","floor":33,"turns":6}],"seed_played":"-329934703348961742","potions_obtained":[{"floor":6,"key":"ColorlessPotion"},{"floor":11,"key":"GamblersBrew"},{"floor":20,"key":"Fire Potion"},{"floor":22,"key":"Strength Potion"},{"floor":27,"key":"Strength Potion"}],"is_trial":false,"path_per_floor":["M","?","M","$","M","E","R","M","T","?","E","R","$","M","R","B",null,"M","?","M","?","M","R","?","M","T","M","M","$","?","M","R","B"],"character_chosen":"DEFECT","items_purchased":["Bronze Scales","Beam Cell+1","SkillPotion","DataDisk"],"campfire_rested":5,"item_purchase_floors":[4,13,13,29],"current_hp_per_floor":[60,60,60,60,53,5,26,26,26,31,5,36,36,24,55,6,59,59,59,46,46,39,73,73,66,66,66,38,38,38,15,37,0,0],"gold":30,"neow_bonus":"UPGRADE_CARD","is_daily":false,"chose_seed":false,"campfire_upgraded":0,"win_rate":0.0,"timestamp":1612152323,"path_taken":["M","?","?","$","M","E","R","?","T","?","E","R","$","M","R","BOSS","M","?","?","?","M","R","?","?","T","M","M","$","?","M","R","BOSS"],"items_purchased_type":["Relic","Card","Potion","Relic"],"build_version":"2020-12-22","purchased_purges":1,"victory":false,"max_hp_per_floor":[71,71,71,71,71,71,71,71,71,76,76,76,76,76,76,76,76,76,76,76,76,76,76,76,76,76,76,76,76,76,76,76,76,76],"card_choices":[{"not_picked":["Leap","Rip and Tear"],"picked":"Conserve Battery","floor":1},{"not_picked":["Redo","Consume"],"picked":"Leap","floor":3},{"not_picked":["Stack","Redo"],"picked":"Auto Shields","floor":5},{"not_picked":["Hello World","Hologram"],"picked":"BootSequence","floor":6},{"not_picked":["Hologram","Reprogram"],"picked":"Streamline+1","floor":8},{"not_picked":["Hello World","Turbo"],"picked":"Go for the Eyes+1","floor":11},{"not_picked":["Ball Lightning+1","Redo"],"picked":"Go for the Eyes+1","floor":14},{"not_picked":["Fission","Reboot"],"picked":"Electrodynamics","floor":16},{"not_picked":["Sunder+1","Heatsinks","Stack"],"picked":"SKIP","floor":18},{"not_picked":["Steam","Double Energy","BootSequence"],"picked":"SKIP","floor":20},{"not_picked":["Conserve Battery","Steam Power"],"picked":"Redo+1","floor":22},{"not_picked":["Steam","Sweeping Beam+1","Streamline+1"],"picked":"SKIP","floor":25},{"not_picked":["Barrage+1","Recycle"],"picked":"Loop","floor":27},{"not_picked":["Amplify","Streamline+1"],"picked":"Gash+1","floor":28},{"not_picked":["Doom and Gloom+1","Steam"],"picked":"Chill","floor":31}],"player_experience":1216311,"relics_obtained":[{"floor":6,"key":"Molten Egg 2"},{"floor":9,"key":"Kunai"},{"floor":11,"key":"Eternal Feather"},{"floor":26,"key":"Omamori"}],"event_choices":[{"damage_healed":0,"gold_gain":0,"player_choice":"Trade","damage_taken":0,"relics_obtained":["GremlinMask"],"max_hp_gain":0,"max_hp_loss":0,"event_name":"FaceTrader","floor":2,"gold_loss":0},{"damage_healed":0,"gold_gain":0,"player_choice":"Donut","damage_taken":0,"max_hp_gain":5,"max_hp_loss":0,"event_name":"Big Fish","floor":10,"gold_loss":0},{"damage_healed":0,"gold_gain":0,"player_choice":"Forge","damage_taken":0,"max_hp_gain":0,"max_hp_loss":0,"event_name":"Accursed Blacksmith","floor":19,"gold_loss":0,"cards_upgraded":["Electrodynamics"]},{"damage_healed":0,"gold_gain":0,"player_choice":"Take","damage_taken":0,"max_hp_gain":0,"max_hp_loss":0,"event_name":"betterNote:BetterNote","floor":21,"gold_loss":0,"cards_obtained":["Defragment"]},{"damage_healed":0,"gold_gain":0,"player_choice":"Traded Relic","damage_taken":0,"relics_obtained":["Nloth\u0027s Gift"],"max_hp_gain":0,"max_hp_loss":0,"event_name":"N\u0027loth","floor":24,"relics_lost":["Eternal Feather"],"gold_loss":0},{"damage_healed":0,"gold_gain":0,"player_choice":"Ignored","damage_taken":0,"max_hp_gain":0,"max_hp_loss":0,"event_name":"The Mausoleum","floor":30,"gold_loss":0}],"is_beta":false,"boss_relics":[{"not_picked":["Coffee Dripper","FrozenCore"],"picked":"Nuclear Battery"}],"items_purged_floors":[4],"is_endless":false,"potions_floor_spawned":[6,11,20,22,27],"killed_by":"Automaton","ascension_level":20}}