{"host":"5raohst9sk3kvp5v","time":1612154163,"event":{"mods":["BaseMod","Colored Powertips","Highlight Path","Minty Spire (QoL Compilation)","Quick Restart","Relic Stats","StSLib"],"gold_per_floor":[116,41,0,10,10,10,10,38,88,88,101,112,112,123,123,123,123],"floor_reached":16,"language":"ENG","playtime":492,"items_purged":[],"score":195,"play_id":"59a3c592-dc6c-4d97-a568-5aae4c11f002","local_time":"20210131223603","is_ascension_mode":true,"campfire_choices":[{"data":"Blood for Blood","floor":6.0,"key":"SMITH"},{"data":"Brutality","floor":10.0,"key":"SMITH"},{"floor":13.0,"key":"REST"},{"floor":15.0,"key":"REST"}],"circlet_count":0,"master_deck":["AscendersBane","Strike_R","Strike_R","Strike_R","Defend_R","Defend_R","Defend_R","Defend_R","Bash","Armaments","Blood for Blood+1","Rupture","Brutality+1","Headbutt","Spot Weakness","Power Through"],"relics":["Burning Blood","Omamori","Toy Ornithopter"],"acts_visited":["Exordium"],"potions_floor_usage":[16],"damage_taken":[{"damage":5.0,"enemies":"2 Louse","floor":1.0,"turns":3.0},{"damage":2.0,"enemies":"Cultist","floor":4.0,"turns":4.0},{"damage":61.0,"enemies":"Lagavulin","floor":8.0,"turns":9.0},{"damage":11.0,"enemies":"Jaw Worm","floor":11.0,"turns":3.0},{"damage":9.0,"enemies":"Blue Slaver","floor":12.0,"turns":2.0},{"damage":25.0,"enemies":"Exordium Thugs","floor":14.0,"turns":4.0},{"damage":54,"enemies":"The Guardian","floor":16,"turns":9}],"seed_played":"6131522303078288455","potions_obtained":[{"floor":1.0,"key":"Fruit Juice"},{"floor":8.0,"key":"ColorlessPotion"},{"floor":14.0,"key":"AttackPotion"}],"is_trial":false,"path_per_floor":["M","?","$","M","$","R","?","E","T","R","M","M","R","M","R","B"],"character_chosen":"IRONCLAD","items_purchased":["Rupture"],"campfire_rested":2,"item_purchase_floors":[3],"current_hp_per_floor":[74,74,74,78,78,78,78,23,23,23,18,15,39,25,49,0,0],"gold":123,"neow_bonus":"TRANSFORM_CARD","is_daily":false,"chose_seed":false,"campfire_upgraded":2,"win_rate":0.0,"timestamp":1612154163,"path_taken":["M","?","$","M","$","R","?","E","T","R","M","?","R","?","R","BOSS"],"items_purchased_type":["Card"],"build_version":"2020-12-22","purchased_purges":0,"victory":false,"max_hp_per_floor":[80,80,80,80,80,80,80,80,80,80,80,80,80,80,80,80,80],"relic_stats":{"counters":[7,33],"obtain_stats":[{"Omamori":7,"Burning Blood":0,"Toy Ornithopter":8},{"Omamori":2,"Burning Blood":0,"Toy Ornithopter":3},{"Omamori":7,"Burning Blood":0,"Toy Ornithopter":16}],"Burning Blood":36,"Toy Ornithopter":10},"card_choices":[{"not_picked":["Sword Boomerang","Shockwave"],"picked":"Blood for Blood","floor":1.0},{"not_picked":["Perfected Strike","True Grit"],"picked":"Seeing Red","floor":4.0},{"not_picked":["Sentinel","Wild Strike"],"picked":"Brutality","floor":8.0},{"not_picked":["Body Slam","Flex"],"picked":"Headbutt","floor":11.0},{"not_picked":["Metallicize","Clash"],"picked":"Spot Weakness","floor":12.0},{"not_picked":["Corruption","Body Slam"],"picked":"Power Through","floor":14.0}],"player_experience":1715789,"relics_obtained":[{"floor":8.0,"key":"Toy Ornithopter"}],"event_choices":[{"cards_removed":["Strike_R"],"damage_healed":0.0,"max_hp_gain":0.0,"max_hp_loss":0.0,"gold_gain":0.0,"event_name":"The Cleric","player_choice":"Card Removal","floor":2.0,"gold_loss":75.0,"damage_taken":0.0},{"cards_removed":["Seeing Red"],"damage_healed":0.0,"max_hp_gain":0.0,"max_hp_loss":0.0,"gold_gain":0.0,"event_name":"WeMeetAgain","player_choice":"Gave Card","floor":7.0,"gold_loss":0.0,"damage_taken":0.0,"relics_obtained":["Omamori"]}],"is_beta":false,"boss_relics":[],"items_purged_floors":[],"is_endless":false,"potions_floor_spawned":[1,8,14],"killed_by":"The Guardian","ascension_level":19}}