{"host":"6fz13565vq1u34xu","time":1612148755,"event":{"mods":["Act Like it!","Aspiration","BaseMod","Better Altar","Better Match","Better Note","Better Sensory Stone","Better Vampires","BetterRewards","Challenge The Spire","Colored Map","Colored Powertips","Conspire","DeckTracker","Energized Spire","Hubris","Infinite Spire","Marked Mod","Minty Spire (QoL Compilation)","Quick Restart","Rare Cards Sparkle","Relic Stats","Replay The Spire","StSLib","SuperFastMode"],"gold_per_floor":[466,30,147,260,376,376,28,28,144,259,376,376,78,28,139,251,363,473],"floor_reached":19,"language":"ENG","playtime":1823,"items_purged":["Defend_P","hubris:Gluttony","Strike_P","Strike_P"],"score":5255,"play_id":"46f10f7a-a4e3-4e12-962e-62c08c8dccba","local_time":"20210131220555","daily_mods":["challengethespire:Platinum Difficulty","challengethespire:Boss Rush","Uncertain Future"],"is_ascension_mode":true,"campfire_choices":[],"circlet_count":0,"master_deck":["AscendersBane","Strike_P","Strike_P","Defend_P+1","Defend_P+1","Defend_P","Eruption","Vigilance","ReplayUltimateDefense+1","ReplayTheSpireMod:Private Reserves+1","InnerPeace+1","Brilliance+1","CarveReality+1","BattleHymn+1","Wallop+1","Omniscience+1","Establishment+1","Worship+1","Pray+1","Pray+1","Scrawl+1","Replay:Anticipation+1","Prostrate+1","DeusExMachina+1"],"relics":["HolyWater","The Courier","Molten Egg 2","Toxic Egg 2","Frozen Egg 2","ReplayTheSpireMod:CursedCoin","FossilizedHelix","ReplayTheSpireMod:Ninjato","hubris:Potato","White Beast Statue","Coffee Dripper","Bottled Lightning","Du-Vu Doll","infinitespire:Satchel","Smiling Mask","Potion Belt","Art of War","aspiration:HiddenCompartment","Mango","infinitespire:Lucky Rock","War Paint"],"acts_visited":["Exordium"],"potions_floor_usage":[18,18,18],"damage_taken":[{"damage":0.0,"enemies":"Slime Boss","floor":3.0,"turns":8.0},{"damage":4.0,"enemies":"The Guardian","floor":4.0,"turns":9.0},{"damage":0.0,"enemies":"Hexaghost","floor":5.0,"turns":9.0},{"damage":0.0,"enemies":"Automaton","floor":9.0,"turns":10.0},{"damage":0.0,"enemies":"Champ","floor":10.0,"turns":7.0},{"damage":0.0,"enemies":"Collector","floor":11.0,"turns":7.0},{"damage":0.0,"enemies":"Time Eater","floor":15.0,"turns":7.0},{"damage":0.0,"enemies":"Awakened One","floor":16.0,"turns":7.0},{"damage":0.0,"enemies":"Donu and Deca","floor":17.0,"turns":6.0},{"damage":1,"enemies":"The Heart","floor":18,"turns":8}],"seed_played":"1132937010630067720","potions_obtained":[{"floor":3.0,"key":"Elixir"},{"floor":9.0,"key":"ColorlessPotion"},{"floor":15.0,"key":"SteroidPotion"},{"floor":16.0,"key":"Regen Potion"},{"floor":17.0,"key":"Ancient Potion"},{"floor":18,"key":"LiquidBronze"}],"is_trial":true,"path_per_floor":["$","$","M","M","M","T","$","$","M","M","M","T","$","$","M","M","M","M",null],"character_chosen":"WATCHER","items_purchased":["ReplayUltimateDefense+1","ReplayTheSpireMod:Private Reserves+1","ReplayTheSpireMod:CursedCoin","InnerPeace+1","FossilizedHelix","Brilliance+1","CarveReality+1","Establishment+1","Bottled Lightning","Potion Belt","Art of War"],"campfire_rested":0,"item_purchase_floors":[1,1,2,2,2,2,2,7,7,13,13],"current_hp_per_floor":[61,61,61,57,57,57,57,57,57,57,57,57,57,57,57,71,71,82],"gold":473,"neow_bonus":"","is_daily":false,"chose_seed":false,"campfire_upgraded":0,"win_rate":0.0,"timestamp":1612148755,"path_taken":["$","$","M","M","M","T","$","$","M","M","M","T","$","$","M","M","M","M"],"items_purchased_type":["Card","Card","Relic","Card","Relic","Card","Card","Card","Relic","Relic","Relic"],"build_version":"2020-12-22","purchased_purges":4,"victory":true,"max_hp_per_floor":[68,68,68,68,68,68,68,68,68,68,68,68,68,68,68,82,82,82],"relic_stats":{"counters":[10,78],"Art of War":[6],"War Paint":["Defend_P","Defend_P"],"Smiling Mask":120,"obtain_stats":[{"Potion Belt":13,"ReplayTheSpireMod:Ninjato":3,"ReplayTheSpireMod:CursedCoin":2,"Mango":16,"The Courier":0,"infinitespire:Lucky Rock":17,"Frozen Egg 2":0,"War Paint":18,"Smiling Mask":11,"aspiration:HiddenCompartment":15,"White Beast Statue":5,"Du-Vu Doll":9,"infinitespire:Satchel":10,"HolyWater":12,"Molten Egg 2":0,"Coffee Dripper":6,"Art of War":13,"Bottled Lightning":7,"PureWater":0,"Toxic Egg 2":0,"FossilizedHelix":2,"hubris:Potato":4},{"Potion Belt":6,"ReplayTheSpireMod:Ninjato":1,"ReplayTheSpireMod:CursedCoin":0,"Mango":8,"The Courier":0,"infinitespire:Lucky Rock":9,"Frozen Egg 2":0,"War Paint":10,"Smiling Mask":6,"aspiration:HiddenCompartment":7,"White Beast Statue":3,"Du-Vu Doll":4,"infinitespire:Satchel":5,"HolyWater":6,"Molten Egg 2":0,"Coffee Dripper":3,"Art of War":6,"Bottled Lightning":3,"PureWater":0,"Toxic Egg 2":0,"FossilizedHelix":0,"hubris:Potato":2},{"Potion Belt":50,"ReplayTheSpireMod:Ninjato":8,"ReplayTheSpireMod:CursedCoin":0,"Mango":64,"The Courier":0,"infinitespire:Lucky Rock":70,"Frozen Egg 2":0,"War Paint":78,"Smiling Mask":50,"aspiration:HiddenCompartment":57,"White Beast Statue":26,"Du-Vu Doll":36,"infinitespire:Satchel":43,"HolyWater":50,"Molten Egg 2":0,"Coffee Dripper":26,"Art of War":50,"Bottled Lightning":26,"PureWater":0,"Toxic Egg 2":0,"FossilizedHelix":0,"hubris:Potato":17}]},"card_choices":[],"player_experience":951966,"relics_obtained":[{"floor":3.0,"key":"ReplayTheSpireMod:Ninjato"},{"floor":4.0,"key":"hubris:Potato"},{"floor":5.0,"key":"White Beast Statue"},{"floor":9.0,"key":"Du-Vu Doll"},{"floor":10.0,"key":"infinitespire:Satchel"},{"floor":11.0,"key":"Smiling Mask"},{"floor":15.0,"key":"aspiration:HiddenCompartment"},{"floor":16.0,"key":"Mango"},{"floor":17.0,"key":"infinitespire:Lucky Rock"},{"floor":18,"key":"War Paint"}],"event_choices":[],"is_beta":false,"boss_relics":[{"not_picked":["hubris:BlackHole","energizedSpire:EnergizedDie"],"picked":"Coffee Dripper"},{"not_picked":["Snecko Eye","conspire:SlowCooker"],"picked":"HolyWater"}],"items_purged_floors":[1,2,13,14],"is_endless":false,"potions_floor_spawned":[3,9,10,11,15,16,17,18],"ascension_level":20}}