{"host":"yn1175etg9ni8l0q","time":1612185588,"event":{"mods":["AchievementEnabler","BaseMod","Colored Map","Colored Powertips","DeckTracker","Minty Spire (QoL Compilation)","Rare Cards Sparkle","Relic Stats","SuperFastMode","everything is the same but u backflip on backflip"],"gold_per_floor":[113,132,143,154,168,194,119,133,159,11,46,46,60,92,104,116,116],"floor_reached":16,"language":"KOR","playtime":420,"items_purged":["Normality"],"score":124,"play_id":"3a94e6b9-33fa-49f2-86f8-b1604205086c","local_time":"20210201221948","is_ascension_mode":false,"campfire_choices":[{"floor":12.0,"key":"REST"},{"floor":15,"key":"REST"}],"circlet_count":0,"master_deck":["Strike_G","Strike_G","Strike_G","Strike_G","Strike_G","Defend_G","Defend_G","Defend_G","Defend_G+1","Defend_G","Survivor","Neutralize","Corpse Explosion","Adrenaline","Crippling Poison","Tactician+1","Dagger Throw","Escape Plan+1","Calculated Gamble+1","Catalyst+1"],"relics":["Ring of the Snake","Orichalcum","Strawberry","War Paint","Toxic Egg 2","MawBank"],"acts_visited":["Exordium"],"potions_floor_usage":[14,14],"damage_taken":[{"damage":0.0,"enemies":"Cultist","floor":1.0,"turns":4.0},{"damage":2.0,"enemies":"2 Louse","floor":2.0,"turns":3.0},{"damage":0.0,"enemies":"Small Slimes","floor":3.0,"turns":3.0},{"damage":2.0,"enemies":"Looter","floor":4.0,"turns":4.0},{"damage":4.0,"enemies":"Blue Slaver","floor":5.0,"turns":5.0},{"damage":20.0,"enemies":"3 Sentries","floor":6.0,"turns":5.0},{"damage":1.0,"enemies":"2 Fungi Beasts","floor":8.0,"turns":3.0},{"damage":40.0,"enemies":"Lagavulin","floor":11.0,"turns":9.0},{"damage":2.0,"enemies":"Looter","floor":13.0,"turns":3.0},{"damage":19,"enemies":"Gremlin Nob","floor":14,"turns":5},{"damage":20,"enemies":"Slime Boss","floor":16,"turns":9}],"seed_played":"745038208460978674","potions_obtained":[{"floor":1.0,"key":"Dexterity Potion"},{"floor":4.0,"key":"Weak Potion"},{"floor":11.0,"key":"ColorlessPotion"},{"floor":14,"key":"Swift Potion"}],"is_trial":false,"path_per_floor":["M","M","M","M","M","E","$","M","T","$","E","R","M","E","R","B"],"character_chosen":"THE_SILENT","items_purchased":["War Paint"],"campfire_rested":2,"item_purchase_floors":[10],"current_hp_per_floor":[70,68,68,66,62,42,42,41,48,48,8,31,29,10,33,13,13],"gold":116,"neow_bonus":"THREE_RARE_CARDS","is_daily":false,"chose_seed":false,"campfire_upgraded":0,"win_rate":0.0,"timestamp":1612185588,"path_taken":["M","?","M","M","M","E","$","?","T","$","E","R","M","E","R","BOSS"],"items_purchased_type":["Relic"],"build_version":"2020-12-22","purchased_purges":1,"victory":false,"max_hp_per_floor":[70,70,70,70,70,70,70,70,77,77,77,77,77,77,77,77,77],"relic_stats":{"counters":[11,53],"Orichalcum":[60],"War Paint":["Tactician","Defend_G"],"MawBank":24,"obtain_stats":[{"Strawberry":9,"Orichalcum":6,"War Paint":10,"Toxic Egg 2":11,"MawBank":14,"Ring of the Snake":0},{"Strawberry":7,"Orichalcum":6,"War Paint":7,"Toxic Egg 2":8,"MawBank":10,"Ring of the Snake":0},{"Strawberry":27,"Orichalcum":24,"War Paint":27,"Toxic Egg 2":36,"MawBank":44,"Ring of the Snake":0}],"Ring of the Snake":[22]},"card_choices":[{"not_picked":["A Thousand Cuts","Bullet Time"],"picked":"Corpse Explosion","floor":0.0},{"not_picked":["PiercingWail","Flying Knee","Well Laid Plans"],"picked":"SKIP","floor":1.0},{"not_picked":["Bane","Underhanded Strike","Sucker Punch"],"picked":"SKIP","floor":2.0},{"not_picked":["Tactician","Quick Slash"],"picked":"Adrenaline","floor":3.0},{"not_picked":["Skewer","Tactician"],"picked":"Crippling Poison","floor":4.0},{"not_picked":["Blade Dance","Acrobatics"],"picked":"Tactician","floor":5.0},{"not_picked":["Outmaneuver","Bane"],"picked":"Dagger Throw","floor":6.0},{"not_picked":["Poisoned Stab","Dagger Throw","Dagger Spray"],"picked":"SKIP","floor":8.0},{"not_picked":["Dagger Throw","Masterful Stab"],"picked":"Escape Plan+1","floor":11.0},{"not_picked":["Outmaneuver+1","Eviscerate"],"picked":"Calculated Gamble+1","floor":13.0},{"not_picked":["Predator","Masterful Stab"],"picked":"Catalyst+1","floor":14}],"player_experience":362599,"relics_obtained":[{"floor":6.0,"key":"Orichalcum"},{"floor":9.0,"key":"Strawberry"},{"floor":11.0,"key":"Toxic Egg 2"},{"floor":14,"key":"MawBank"}],"event_choices":[],"is_beta":false,"boss_relics":[],"items_purged_floors":[7],"is_endless":false,"potions_floor_spawned":[1,4,11,14],"killed_by":"Slime Boss","ascension_level":0}}