{"host":"oehe2dxjvdgux73m","time":1612189803,"event":{"mods":["AchievementEnabler","BaseMod","Colored Map","Colored Powertips","DeckTracker","Keyboard Shortcuts","Minty Spire (QoL Compilation)","Permanent Neow","Quick Restart","StSLib","SuperFastMode"],"gold_per_floor":[114,131,149,149,159,159,159,187,211,211,240,257,267,191,191,265,265,285,258,258,278,278,278,306,93,93,18,45,62,62,75,75,153,153,167,184,105,118,131,131,156,156,182,196,227,227,260,260,260,260,260],"floor_reached":50,"language":"KOR","playtime":2171,"items_purged":["Strike_R"],"score":1093,"play_id":"c47dbd97-a15e-4b34-a936-77ba6ff87c0d","local_time":"20210201233003","is_ascension_mode":true,"campfire_choices":[{"data":"Perfected Strike","floor":6.0,"key":"SMITH"},{"data":"Armaments","floor":10.0,"key":"SMITH"},{"data":"Offering","floor":15.0,"key":"SMITH"},{"data":"Corruption","floor":23.0,"key":"SMITH"},{"data":"Shockwave","floor":30.0,"key":"SMITH"},{"data":"Feel No Pain","floor":32.0,"key":"SMITH"},{"data":"Second Wind","floor":40.0,"key":"SMITH"},{"data":"Battle Trance","floor":42.0,"key":"SMITH"},{"floor":49.0,"key":"RECALL"}],"circlet_count":0,"master_deck":["AscendersBane","Strike_R","Strike_R","Strike_R","Strike_R","Defend_R","Defend_R","Defend_R","Defend_R","Perfected Strike+1","Armaments+1","Headbutt","Offering+1","Shrug It Off","Twin Strike","Feel No Pain+1","Corruption+1","Intimidate+1","Shockwave+1","Second Wind+1","Dark Embrace","Battle Trance+1","Dark Embrace+1","Barricade","Dual Wield+1","Shrug It Off+1","Warcry+1","True Grit+1","Warcry+1","Finesse+1","Dark Shackles+1","Apotheosis+1"],"relics":["Burning Blood","Oddly Smooth Stone","Bag of Marbles","MealTicket","Dream Catcher","Champion Belt","Black Star","Incense Burner","Pocketwatch","Centennial Puzzle","Paper Frog","Toxic Egg 2","Bronze Scales","Snecko Eye","Calipers","Potion Belt","Turnip","Darkstone Periapt","Blue Candle","HornCleat"],"acts_visited":["Exordium","TheCity","TheBeyond"],"potions_floor_usage":[50],"damage_taken":[{"damage":1.0,"enemies":"Jaw Worm","floor":1.0,"turns":4.0},{"damage":6.0,"enemies":"Small Slimes","floor":2.0,"turns":3.0},{"damage":6.0,"enemies":"Cultist","floor":3.0,"turns":3.0},{"damage":11.0,"enemies":"Blue Slaver","floor":5.0,"turns":4.0},{"damage":16.0,"enemies":"3 Sentries","floor":8.0,"turns":6.0},{"damage":52.0,"enemies":"Lagavulin","floor":11.0,"turns":9.0},{"damage":0.0,"enemies":"2 Fungi Beasts","floor":12.0,"turns":2.0},{"damage":12.0,"enemies":"Exordium Wildlife","floor":13.0,"turns":4.0},{"damage":8.0,"enemies":"Slime Boss","floor":16.0,"turns":7.0},{"damage":18.0,"enemies":"3 Byrds","floor":18.0,"turns":7.0},{"damage":12.0,"enemies":"2 Thieves","floor":19.0,"turns":5.0},{"damage":14.0,"enemies":"Chosen and Byrds","floor":21.0,"turns":6.0},{"damage":45.0,"enemies":"Gremlin Leader","floor":24.0,"turns":9.0},{"damage":22.0,"enemies":"Book of Stabbing","floor":28.0,"turns":6.0},{"damage":8.0,"enemies":"Cultist and Chosen","floor":29.0,"turns":4.0},{"damage":1.0,"enemies":"Centurion and Healer","floor":31.0,"turns":4.0},{"damage":40.0,"enemies":"Automaton","floor":33.0,"turns":10.0},{"damage":0.0,"enemies":"3 Shapes","floor":35.0,"turns":5.0},{"damage":0.0,"enemies":"3 Darklings","floor":36.0,"turns":4.0},{"damage":12.0,"enemies":"Spire Growth","floor":38.0,"turns":5.0},{"damage":8.0,"enemies":"4 Shapes","floor":39.0,"turns":5.0},{"damage":10.0,"enemies":"Giant Head","floor":41.0,"turns":6.0},{"damage":0.0,"enemies":"Maw","floor":44.0,"turns":5.0},{"damage":13.0,"enemies":"Nemesis","floor":45.0,"turns":5.0},{"damage":6.0,"enemies":"Giant Head","floor":47.0,"turns":8.0},{"damage":48,"enemies":"Awakened One","floor":50,"turns":12}],"seed_played":"-7765517405193099433","potions_obtained":[{"floor":1.0,"key":"BloodPotion"},{"floor":3.0,"key":"PowerPotion"},{"floor":12.0,"key":"DistilledChaos"},{"floor":13.0,"key":"Block Potion"},{"floor":16.0,"key":"FearPotion"},{"floor":21.0,"key":"Explosive Potion"},{"floor":24.0,"key":"Ancient Potion"},{"floor":29.0,"key":"SkillPotion"},{"floor":35.0,"key":"SteroidPotion"},{"floor":41.0,"key":"LiquidMemories"},{"floor":45.0,"key":"Explosive Potion"},{"floor":47.0,"key":"Strength Potion"}],"is_trial":false,"path_per_floor":["M","M","M","?","M","R","?","E","T","R","E","M","M","$","R","B",null,"M","M","?","M","?","R","E","$","T","$","E","M","R","M","R","B",null,"M","M","$","M","M","R","E","R","T","M","E","?","E","?","R","B"],"character_chosen":"IRONCLAD","items_purchased":["Feel No Pain","Battle Trance","Centennial Puzzle","Shrug It Off+1","Warcry+1"],"campfire_rested":0,"item_purchase_floors":[14,25,25,37,37],"current_hp_per_floor":[73,73,73,73,68,68,57,47,47,47,16,22,16,31,31,29,64,52,46,46,38,75,75,36,51,51,66,50,48,48,53,53,19,61,67,73,75,69,67,67,63,63,63,69,62,62,62,52,52,4,4],"gold":260,"neow_bonus":"RANDOM_COMMON_RELIC","is_daily":false,"chose_seed":false,"campfire_upgraded":8,"win_rate":0.0,"timestamp":1612189803,"path_taken":["M","M","M","?","M","R","?","E","T","R","E","M","M","$","R","BOSS","M","M","?","M","?","R","E","$","T","$","E","?","R","M","R","BOSS","M","M","$","M","M","R","E","R","T","M","E","?","E","?","R","BOSS"],"items_purchased_type":["Card","Card","Relic","Card","Card"],"build_version":"2020-12-22","purchased_purges":1,"victory":false,"max_hp_per_floor":[75,75,75,75,75,75,75,75,75,75,75,75,75,75,75,75,75,75,75,75,75,75,75,75,75,75,75,75,75,75,75,75,75,75,75,75,75,75,75,75,75,75,75,75,75,71,71,71,71,71,71],"card_choices":[{"not_picked":["Hemokinesis","True Grit"],"picked":"Perfected Strike","floor":1.0},{"not_picked":["Iron Wave","Bloodletting","Evolve"],"picked":"SKIP","floor":2.0},{"not_picked":["Heavy Blade","Shockwave"],"picked":"Armaments","floor":3.0},{"not_picked":["Inflame","True Grit"],"picked":"Headbutt","floor":5.0},{"not_picked":["Headbutt","Seeing Red"],"picked":"Carnage","floor":8.0},{"not_picked":["Iron Wave","Rampage"],"picked":"Offering","floor":11.0},{"not_picked":["Flex","Anger"],"picked":"Shrug It Off","floor":12.0},{"not_picked":["Warcry","Sentinel"],"picked":"Twin Strike","floor":13.0},{"not_picked":["Brutality","Reaper"],"picked":"Corruption","floor":16.0},{"not_picked":["Body Slam","Inflame"],"picked":"Intimidate+1","floor":18.0},{"not_picked":["Cleave","Whirlwind"],"picked":"Shockwave","floor":19.0},{"not_picked":["Sword Boomerang","Intimidate","Clash"],"picked":"SKIP","floor":21.0},{"not_picked":["Shrug It Off","Uppercut"],"picked":"Dark Embrace","floor":24.0},{"not_picked":["Fiend Fire","Dark Embrace","Spot Weakness+1"],"picked":"SKIP","floor":28.0},{"not_picked":["Wild Strike","Heavy Blade+1","Cleave"],"picked":"SKIP","floor":29.0},{"not_picked":["Clash","Armaments+1"],"picked":"Dark Embrace+1","floor":31.0},{"not_picked":["Double Tap+1","Berserk"],"picked":"Barricade","floor":33.0},{"not_picked":["Heavy Blade","Havoc+1","Whirlwind"],"picked":"SKIP","floor":35.0},{"not_picked":["Iron Wave+1","Wild Strike"],"picked":"Dual Wield+1","floor":36.0},{"not_picked":["Clash","Headbutt","Sword Boomerang"],"picked":"SKIP","floor":38.0},{"not_picked":["Anger","Limit Break+1","Clothesline"],"picked":"SKIP","floor":39.0},{"not_picked":["Rage+1","Sword Boomerang","Cleave"],"picked":"SKIP","floor":41.0},{"not_picked":["Armaments+1","Searing Blow","Cleave"],"picked":"SKIP","floor":44.0},{"not_picked":["Feel No Pain","Ghostly Armor+1"],"picked":"True Grit+1","floor":45.0},{"not_picked":["Sword Boomerang+1","Hemokinesis"],"picked":"Warcry+1","floor":47.0},{"not_picked":["Sadistic Nature","Discovery+1"],"picked":"Finesse+1","floor":48.0},{"not_picked":["Forethought+1","Finesse+1"],"picked":"Dark Shackles+1","floor":48.0},{"not_picked":["Magnetism","PanicButton+1"],"picked":"Apotheosis+1","floor":48.0}],"player_experience":335533,"relics_obtained":[{"floor":8.0,"key":"MealTicket"},{"floor":9.0,"key":"Dream Catcher"},{"floor":11.0,"key":"Champion Belt"},{"floor":24.0,"key":"Incense Burner"},{"floor":24.0,"key":"Pocketwatch"},{"floor":26.0,"key":"Paper Frog"},{"floor":28.0,"key":"Toxic Egg 2"},{"floor":28.0,"key":"Bronze Scales"},{"floor":41.0,"key":"Calipers"},{"floor":41.0,"key":"Potion Belt"},{"floor":45.0,"key":"Turnip"},{"floor":45.0,"key":"Darkstone Periapt"},{"floor":47.0,"key":"Blue Candle"},{"floor":47.0,"key":"HornCleat"}],"event_choices":[{"cards_removed":["Bash"],"damage_healed":0.0,"max_hp_gain":0.0,"max_hp_loss":0.0,"gold_gain":0.0,"event_name":"Living Wall","player_choice":"Forget","floor":4.0,"gold_loss":0.0,"damage_taken":0.0},{"damage_healed":0.0,"max_hp_gain":0.0,"max_hp_loss":0.0,"gold_gain":0.0,"event_name":"Scrap Ooze","player_choice":"Success","floor":7.0,"gold_loss":0.0,"damage_taken":11.0,"relics_obtained":["Bag of Marbles"]},{"damage_healed":0.0,"max_hp_gain":0.0,"max_hp_loss":0.0,"gold_gain":0.0,"event_name":"The Library","player_choice":"Read","floor":20.0,"gold_loss":0.0,"damage_taken":0.0,"cards_obtained":["Second Wind"]},{"cards_removed":["Carnage"],"damage_healed":37.0,"max_hp_gain":0.0,"max_hp_loss":0.0,"gold_gain":0.0,"event_name":"Bonfire Elementals","player_choice":"Offered Uncommon","floor":22.0,"gold_loss":0.0,"damage_taken":0.0},{"damage_healed":0.0,"max_hp_gain":0.0,"max_hp_loss":4.0,"gold_gain":0.0,"event_name":"Winding Halls","player_choice":"Max HP","floor":46.0,"gold_loss":0.0,"damage_taken":0.0},{"damage_healed":0.0,"max_hp_gain":0.0,"max_hp_loss":0.0,"gold_gain":0.0,"event_name":"SensoryStone","player_choice":"Memory 3","floor":48.0,"gold_loss":0.0,"damage_taken":10.0}],"is_beta":false,"boss_relics":[{"not_picked":["Philosopher\u0027s Stone","SlaversCollar"],"picked":"Black Star"},{"not_picked":["Sozu","Busted Crown"],"picked":"Snecko Eye"}],"items_purged_floors":[27],"is_endless":false,"potions_floor_spawned":[1,3,12,13,16,21,24,29,35,41,45,47],"killed_by":"Awakened One","ascension_level":16}}