{"host":"c3lc60y5x60jlt1y","time":1612168604,"event":{"mods":["AchievementEnabler","BaseMod","Bestiary","Colored Map","Minty Spire (QoL Compilation)","Quick Restart","StSLib","ojb\u0027s Info Mod"],"gold_per_floor":[112,127,127,142,142,142,170,24,24,43,43,61,61,79,79,79,79],"floor_reached":16,"language":"ENG","playtime":347,"items_purged":["Strike_R"],"score":92,"play_id":"3aec76b8-0f69-48d6-a0c0-2c737222d2fe","local_time":"20210201103644","is_ascension_mode":false,"campfire_choices":[{"data":"Heavy Blade","floor":6,"key":"SMITH"},{"data":"Pummel","floor":13,"key":"SMITH"},{"floor":15,"key":"REST"}],"circlet_count":0,"master_deck":["Strike_R","Strike_R","Strike_R","Defend_R","Defend_R","Defend_R","Defend_R","Bash+1","Pommel Strike","Flame Barrier","Heavy Blade+1","Rupture","Pummel+1","Flame Barrier"],"relics":["Burning Blood","Vajra","Odd Mushroom","Blood Vial"],"acts_visited":["Exordium"],"potions_floor_usage":[16],"damage_taken":[{"damage":6,"enemies":"Cultist","floor":1,"turns":3},{"damage":11,"enemies":"Jaw Worm","floor":2,"turns":2},{"damage":4,"enemies":"2 Louse","floor":4,"turns":3},{"damage":22,"enemies":"The Mushroom Lair","floor":7,"turns":4},{"damage":6,"enemies":"Exordium Thugs","floor":10,"turns":3},{"damage":7,"enemies":"Blue Slaver","floor":12,"turns":5},{"damage":25,"enemies":"Gremlin Gang","floor":14,"turns":5},{"damage":58,"enemies":"Hexaghost","floor":16,"turns":10}],"seed_played":"4274958113266014400","potions_obtained":[{"floor":2,"key":"GamblersBrew"},{"floor":7,"key":"Regen Potion"},{"floor":12,"key":"Ancient Potion"}],"is_trial":false,"path_per_floor":["M","M","?","M","?","R","?","$","T","M","$","M","R","M","R","B"],"character_chosen":"IRONCLAD","items_purchased":["Rupture"],"campfire_rested":1,"item_purchase_floors":[8],"current_hp_per_floor":[80,75,57,59,59,59,43,43,43,45,45,46,46,29,53,0,0],"gold":79,"neow_bonus":"UPGRADE_CARD","is_daily":false,"chose_seed":false,"campfire_upgraded":2,"win_rate":0.0,"timestamp":1612168604,"path_taken":["M","?","?","M","?","R","?","$","T","?","?","M","R","M","R","BOSS"],"items_purchased_type":["Card"],"build_version":"2020-12-22","purchased_purges":1,"victory":false,"max_hp_per_floor":[80,80,80,80,80,80,80,80,80,80,80,80,80,80,80,80,80],"card_choices":[{"not_picked":["Perfected Strike","Anger"],"picked":"Pommel Strike","floor":1},{"not_picked":["Sword Boomerang","Armaments"],"picked":"Flame Barrier","floor":2},{"not_picked":["Perfected Strike","Dual Wield"],"picked":"Heavy Blade","floor":4},{"not_picked":["Feel No Pain","Headbutt"],"picked":"Pummel","floor":10},{"not_picked":["Ghostly Armor","Clash"],"picked":"Flame Barrier","floor":12},{"not_picked":["Twin Strike","Anger","Clash"],"picked":"SKIP","floor":14}],"player_experience":8883256,"relics_obtained":[{"floor":7,"key":"Odd Mushroom"},{"floor":9,"key":"Blood Vial"}],"event_choices":[{"damage_healed":0,"gold_gain":0,"player_choice":"Success","damage_taken":18,"relics_obtained":["Vajra"],"max_hp_gain":0,"max_hp_loss":0,"event_name":"Scrap Ooze","floor":3,"gold_loss":0},{"cards_removed":["Strike_R"],"damage_healed":0,"gold_gain":0,"player_choice":"Forget","damage_taken":0,"max_hp_gain":0,"max_hp_loss":0,"event_name":"Living Wall","floor":5,"gold_loss":0},{"damage_healed":0,"gold_gain":0,"player_choice":"Fought Mushrooms","damage_taken":0,"max_hp_gain":0,"max_hp_loss":0,"event_name":"Mushrooms","floor":7,"gold_loss":0}],"is_beta":false,"boss_relics":[],"items_purged_floors":[8],"is_endless":false,"potions_floor_spawned":[2,7,12],"killed_by":"Hexaghost","ascension_level":0}}