{"host":"gl5rgsfncjl28cj1","time":1612145302,"event":{"mods":["BaseMod","Colored Map","Highlight Path","Minty Spire (QoL Compilation)","Permanent Neow","StSLib"],"gold_per_floor":[116,116,133,157,173,203,233,34,81,81,81],"floor_reached":10,"language":"KOR","playtime":320,"items_purged":["Strike_G"],"score":136,"play_id":"e6bf79f7-5821-431a-ab3b-476151f19d58","local_time":"20210201110822","is_ascension_mode":true,"campfire_choices":[],"circlet_count":0,"master_deck":["AscendersBane","Strike_G","Strike_G","Strike_G","Strike_G","Defend_G","Defend_G","Defend_G","Defend_G","Defend_G","Survivor","Neutralize","Corpse Explosion","Deflect","Slice","Tools of the Trade","Tactician","Noxious Fumes","Dagger Throw","Reflex"],"relics":["Ring of the Snake","Strawberry","Juzu Bracelet","MawBank","Anchor"],"acts_visited":["Exordium"],"potions_floor_usage":[6,10],"damage_taken":[{"damage":5,"enemies":"Small Slimes","floor":1,"turns":6},{"damage":2,"enemies":"Cultist","floor":3,"turns":5},{"damage":12,"enemies":"Jaw Worm","floor":5,"turns":5},{"damage":15,"enemies":"3 Sentries","floor":6,"turns":4},{"damage":5,"enemies":"Blue Slaver","floor":7,"turns":5},{"damage":35,"enemies":"Gremlin Nob","floor":10,"turns":4}],"seed_played":"-1945971421613565098","potions_obtained":[{"floor":1,"key":"Explosive Potion"},{"floor":3,"key":"Poison Potion"},{"floor":7,"key":"EssenceOfSteel"}],"is_trial":false,"path_per_floor":["M","?","M","T","M","E","M","$","T","E"],"character_chosen":"THE_SILENT","items_purchased":["Dagger Throw","Reflex"],"campfire_rested":0,"item_purchase_floors":[8,8],"current_hp_per_floor":[54,61,59,59,47,32,27,27,27,0,0],"gold":81,"neow_bonus":"ONE_RANDOM_RARE_CARD","is_daily":false,"chose_seed":false,"campfire_upgraded":0,"win_rate":0.0,"timestamp":1612145302,"path_taken":["M","?","?","?","M","E","M","?","T","E"],"items_purchased_type":["Card","Card"],"build_version":"2020-12-22","purchased_purges":1,"victory":false,"max_hp_per_floor":[66,73,73,73,73,73,73,73,73,73,73],"card_choices":[{"not_picked":["Acrobatics","Caltrops"],"picked":"Deflect","floor":1},{"not_picked":["Heel Hook","Underhanded Strike"],"picked":"Slice","floor":3},{"not_picked":["Acrobatics","Caltrops"],"picked":"Tools of the Trade","floor":5},{"not_picked":["Blade Dance","Flying Knee"],"picked":"Tactician","floor":6},{"not_picked":["Deflect","Prepared"],"picked":"Noxious Fumes","floor":7}],"player_experience":1004775,"relics_obtained":[{"floor":4,"key":"Juzu Bracelet"},{"floor":6,"key":"MawBank"},{"floor":9,"key":"Anchor"}],"event_choices":[{"damage_healed":0,"gold_gain":0,"player_choice":"Gave Potion","damage_taken":0,"relics_obtained":["Strawberry"],"max_hp_gain":0,"max_hp_loss":0,"event_name":"WeMeetAgain","floor":2,"gold_loss":0}],"is_beta":false,"boss_relics":[],"items_purged_floors":[8],"is_endless":false,"potions_floor_spawned":[1,3,7],"killed_by":"Gremlin Nob","ascension_level":20}}