{"host":"mj8akmyfd5lo602f","time":1612139798,"event":{"mods":["2.2 Compatiblity","Act Like it!","BaseMod","Bestiary","BshForSts","Colored Map","Colored Powertips","Downfall","Highlight Path","Minty Spire (QoL Compilation)","Permanent Neow","Relic Stats","StSLib"],"gold_per_floor":[99,114,264,277,292,192,217,242,242,253,11,22,22,7,21,126,126,126,137,82,97,111,111,111,111],"floor_reached":23,"language":"ENG","playtime":1395,"items_purged":[],"score":193,"play_id":"04368f57-eaf5-4dfe-a6a5-8fa80310f0ce","local_time":"20210201003638","is_ascension_mode":false,"campfire_choices":[{"floor":1.0,"key":"RECALL"},{"data":"bronze:Branch","floor":6.0,"key":"SMITH"},{"data":"bronze:MaxOutput","floor":13.0,"key":"SMITH"},{"data":"bronze:CleanCode","floor":18,"key":"SMITH"}],"circlet_count":0,"master_deck":["bronze:Replicate","bronze:Goto","bronze:OilSpill","bronze:BuggyMess","bronze:Branch+1","bronze:WhirlingStrike","bronze:MaxOutput+1","bronze:Safeguard","bronze:Repulsor","bronze:Shield","bronze:HyperBeam","bronze:Frontload","bronze:AlphaBuild","bronze:BurnOut","bronze:Invalidate","bronze:Shield","bronze:CleanCode+1","bronze:Deprecate","bronze:BitShift","bronze:Mutator","bronze:Repair","bronze:BronzeOrb","bronze:ItsAFeature","bronze:Turbo","bronze:Shield"],"relics":["bronze:BronzeCore","downfall:HeartBlessingRed","bronze:SilverBullet","Blue Candle","PreservedInsect","Pandora\u0027s Box"],"acts_visited":["Exordium","TheCity"],"potions_floor_usage":[19,21],"damage_taken":[{"damage":0.0,"enemies":"Small Slimes","floor":2.0,"turns":2.0},{"damage":1.0,"enemies":"Cultist","floor":4.0,"turns":4.0},{"damage":1.0,"enemies":"Jaw Worm","floor":5.0,"turns":3.0},{"damage":28.0,"enemies":"Lagavulin","floor":8.0,"turns":6.0},{"damage":5.0,"enemies":"Exordium Thugs","floor":10.0,"turns":4.0},{"damage":5.0,"enemies":"downfall:FleeingMerchant","floor":11.0,"turns":4.0},{"damage":0.0,"enemies":"2 Fungi Beasts","floor":12.0,"turns":1.0},{"damage":0.0,"enemies":"downfall:FleeingMerchant","floor":14.0,"turns":4.0},{"damage":0.0,"enemies":"Blue Slaver","floor":15.0,"turns":4.0},{"damage":7.0,"enemies":"IC_STATUS_ARCHETYPE","floor":16.0,"turns":9.0},{"damage":14,"enemies":"3 Byrds","floor":19,"turns":4},{"damage":4,"enemies":"downfall:FleeingMerchant","floor":20,"turns":4},{"damage":45,"enemies":"Cultist and Chosen","floor":21,"turns":6},{"damage":0,"enemies":"Chosen and Byrds","floor":22,"turns":7},{"damage":31,"enemies":"Gremlin Leader","floor":23,"turns":3}],"seed_played":"5511659085352610453","potions_obtained":[{"floor":4.0,"key":"Weak Potion"},{"floor":12.0,"key":"Weak Potion"},{"floor":15.0,"key":"BlessingOfTheForge"},{"floor":16.0,"key":"Explosive Potion"},{"floor":19,"key":"FearPotion"}],"is_trial":false,"path_per_floor":["R","M","?","M","M","R","T","E","?","M","$","M","R","$","M","B",null,"R","M","$","M","M","E"],"character_chosen":"THE_AUTOMATON","items_purchased":["bronze:Repulsor","PreservedInsect","bronze:ItsAFeature"],"campfire_rested":0,"item_purchase_floors":[11,11,20],"current_hp_per_floor":[70,70,70,69,68,68,68,40,40,35,30,30,30,30,30,23,70,70,56,52,14,21,0,0,0],"gold":111,"neow_bonus":"THREE_CARDS","is_daily":false,"chose_seed":false,"campfire_upgraded":3,"win_rate":0.0,"timestamp":1612139798,"path_taken":["R","M","?","M","M","R","T","E","?","?","$","M","R","$","M","BOSS","R","M","$","M","M","E"],"items_purchased_type":["Card","Relic","Card"],"build_version":"2020-12-22","purchased_purges":0,"victory":false,"max_hp_per_floor":[70,70,70,70,70,70,70,70,70,70,70,70,70,70,70,70,70,70,70,70,70,70,70,70,70],"relic_stats":{"counters":[15,65],"Blue Candle":[0],"Pandora\u0027s Box":["bronze:BurnOut","bronze:Invalidate","bronze:Shield","bronze:CleanCode","bronze:Deprecate","bronze:BitShift","bronze:Mutator","bronze:Repair"],"PreservedInsect":47,"obtain_stats":[{"bronze:BronzeCore":0,"downfall:HeartBlessingRed":6,"Blue Candle":8,"Pandora\u0027s Box":17,"PreservedInsect":11,"bronze:SilverBullet":7},{"bronze:BronzeCore":0,"downfall:HeartBlessingRed":3,"Blue Candle":4,"Pandora\u0027s Box":10,"PreservedInsect":6,"bronze:SilverBullet":3},{"bronze:BronzeCore":0,"downfall:HeartBlessingRed":9,"Blue Candle":15,"Pandora\u0027s Box":41,"PreservedInsect":23,"bronze:SilverBullet":9}]},"card_choices":[{"not_picked":["bronze:DelayedSlice","bronze:Constructor"],"picked":"bronze:OilSpill","floor":0.0},{"not_picked":["bronze:Invalidate","bronze:DelayedSlice"],"picked":"bronze:BuggyMess","floor":2.0},{"not_picked":["bronze:Return","bronze:ForLoop"],"picked":"bronze:Branch","floor":4.0},{"not_picked":["bronze:OilSpill","bronze:GetLatest"],"picked":"bronze:WhirlingStrike","floor":5.0},{"not_picked":["bronze:ChildClass","bronze:Safeguard"],"picked":"bronze:MaxOutput","floor":8.0},{"not_picked":["bronze:FineTuning","bronze:BuggyMess","bronze:Optimize"],"picked":"SKIP","floor":10.0},{"not_picked":["bronze:Repair","bronze:CloningBeam"],"picked":"bronze:Safeguard","floor":11.0},{"not_picked":["bronze:BugBarrage","bronze:Overheat"],"picked":"bronze:Shield","floor":12.0},{"not_picked":["bronze:Safeguard","bronze:BugBarrage"],"picked":"bronze:HyperBeam","floor":14.0},{"not_picked":["bronze:Overheat","bronze:DelayedGuard"],"picked":"bronze:Frontload","floor":15.0},{"not_picked":["bronze:Break","bronze:SpaghettiCode"],"picked":"bronze:AlphaBuild","floor":16.0},{"not_picked":["bronze:InfiniteBeams","bronze:Boost"],"picked":"bronze:BronzeOrb","floor":19},{"not_picked":["bronze:WildBeam","bronze:InfiniteBeams","bronze:Iterate"],"picked":"SKIP","floor":20},{"not_picked":["bronze:ChildClass","bronze:DarkDash+1"],"picked":"bronze:Turbo","floor":21},{"not_picked":["bronze:Branch","bronze:DelayedGuard"],"picked":"bronze:Shield","floor":22}],"player_experience":465478,"relics_obtained":[{"floor":7.0,"key":"bronze:SilverBullet"},{"floor":8.0,"key":"Blue Candle"}],"event_choices":[{"cards_removed":["downfall:Icky"],"damage_healed":0.0,"max_hp_gain":0.0,"max_hp_loss":0.0,"gold_gain":0.0,"event_name":"Wheel of Change","player_choice":"Card Removal","floor":9.0,"gold_loss":0.0,"damage_taken":0.0}],"is_beta":false,"boss_relics":[{"not_picked":["Astrolabe","Calling Bell"],"picked":"Pandora\u0027s Box"}],"items_purged_floors":[],"is_endless":false,"potions_floor_spawned":[4,12,15,16,19],"killed_by":"Gremlin Leader","ascension_level":0}}