{"host":"8xzc7f3sd104n9ql","time":1612151310,"event":{"mods":["Ascension Reborn","Aspiration","BaseMod","Better Altar","Better Match","Better Note","Better Sensory Stone","Better Skull","Better Third Choice","Better Vampires","Colored Map","Colored Powertips","Colorless Booster Pack","Conspire","DeckTracker","Downfall","Energized Spire","Halation","Highlight Path","Hubris","Infinite Spire","Minty Spire (QoL Compilation)","Rare Cards Sparkle","RatMod","Reliquary","Replay The Spire","Spicy Shops","Spikes Relics","StSLib","The Blue Laboratory","Transform Curses","Unceasing Turn Reminder","UnlockEverythingMod"],"gold_per_floor":[369,213,223,223,223,223,240,272,272,289,289,289,319,337,337,337,337],"floor_reached":16,"language":"ENG","playtime":1023,"items_purged":["Languid"],"score":160,"play_id":"b6764bfc-f3f4-4c53-8aa5-c238f1a0512f","local_time":"20210131214830","is_ascension_mode":false,"campfire_choices":[{"data":"BarbarianYell","floor":6,"key":"SMITH"},{"data":"Limit Break","floor":11,"key":"SMITH"}],"circlet_count":0,"master_deck":["conspire:GhostlyStrike","conspire:GhostlyStrike","conspire:GhostlyStrike","conspire:GhostlyStrike","conspire:GhostlyStrike","conspire:GhostlyDefend","conspire:GhostlyDefend","conspire:GhostlyDefend","conspire:GhostlyDefend","Bash","hubris:SharpeningStone","Wild Strike","Wild Strike","Flex","BarbarianYell+1","Shrug It Off","Limit Break+1","Prostrate","Invigoration","Dropkick"],"relics":["PureWater","infinitespire:Cubic Diamond","conspire:GlowingRock","hubris:DisguiseKit","Iron Hammer"],"acts_visited":["Exordium"],"potions_floor_usage":[13,13,16,16,16],"damage_taken":[{"damage":0,"enemies":"2 Louse","floor":1,"turns":4},{"damage":6,"enemies":"Jaw Worm","floor":3,"turns":2},{"damage":4,"enemies":"conspire:RoseBush","floor":7,"turns":2},{"damage":30,"enemies":"Gremlin Nob","floor":8,"turns":4},{"damage":8,"enemies":"Lots of Slimes","floor":10,"turns":4},{"damage":20,"enemies":"Replay:BlueRogue","floor":13,"turns":4},{"damage":6,"enemies":"Large Slime","floor":14,"turns":4},{"damage":19,"enemies":"The Guardian","floor":16,"turns":4}],"seed_played":"-9086142430825648361","potions_obtained":[{"floor":8,"key":"SpeedPotion"},{"floor":10,"key":"Adrenaline Potion"},{"floor":13,"key":"blueLaboratory:PyrophylliteBrew"},{"floor":14,"key":"blueLaboratory:BottleOfVodka"},{"floor":15,"key":"blueLaboratory:ConflagurationPotion"},{"floor":15,"key":"Regen Potion"}],"is_trial":false,"path_per_floor":["M","$","M","?","?","R","M","E","T","M","R","?","E","M","R_BF","B"],"character_chosen":"IRONCLAD","items_purchased":["Wild Strike","Flex"],"campfire_rested":0,"item_purchase_floors":[2,2],"current_hp_per_floor":[80,80,80,80,80,80,76,46,46,38,38,30,10,4,4,0,0],"gold":337,"neow_bonus":"TWO_FIFTY_GOLD","is_daily":false,"chose_seed":false,"campfire_upgraded":2,"win_rate":0.0,"timestamp":1612151310,"path_taken":["M","$","M","?","?","R","M","E","T","M","R","?","E","M","R_BF","BOSS"],"items_purchased_type":["Card","Card"],"build_version":"2020-12-22","purchased_purges":1,"victory":false,"max_hp_per_floor":[80,80,80,80,80,80,80,80,80,80,80,80,80,80,80,80,80],"card_choices":[{"not_picked":["Wild Strike","hubris:CleavingFinish"],"picked":"hubris:SharpeningStone","floor":1},{"not_picked":["Flex","Replay:Undeath\u0027s Touch"],"picked":"BarbarianYell","floor":3},{"not_picked":["Cleave","Headbutt"],"picked":"Shrug It Off","floor":7},{"not_picked":["infinitespire:OneForAll","Havoc"],"picked":"Limit Break","floor":8},{"not_picked":["Iron Wave","Cleave","hubris:ReadiedAction"],"picked":"Prostrate","floor":10},{"not_picked":["ReplayTheSpireMod:Corrosion Curse","Life Link","Crescendo"],"picked":"Invigoration","floor":13},{"not_picked":["Iron Wave","Uppercut","FollowUp"],"picked":"Dropkick","floor":14}],"player_experience":422004,"relics_obtained":[{"floor":8,"key":"conspire:GlowingRock"},{"floor":9,"key":"hubris:DisguiseKit"},{"floor":13,"key":"Iron Hammer"}],"event_choices":[{"damage_healed":0,"gold_gain":0,"player_choice":"Agree","damage_taken":0,"max_hp_gain":0,"max_hp_loss":0,"event_name":"conspire:LoneGhost","floor":5,"gold_loss":0},{"damage_healed":0,"gold_gain":0,"player_choice":"Damaged","damage_taken":8,"max_hp_gain":0,"max_hp_loss":0,"event_name":"Wheel of Change","floor":12,"gold_loss":0}],"is_beta":false,"boss_relics":[],"items_purged_floors":[2],"is_endless":false,"potions_floor_spawned":[8,10,13,14],"killed_by":"The Guardian","ascension_level":0}}