{"host":"3a1ypf1irl30q4k8","time":1612217538,"event":{"mods":["AchievementEnabler","BaseMod","Bestiary","Colored Map","Minty Spire (QoL Compilation)","Relic Stats"],"gold_per_floor":[362,377,1,1,14,14,39,39,39,57,57,57,91,107,107,206,206,218,208,226,241,257,257,10,10,91,108,108,134,134,150,150,245,245,261,275,275,275,322,322,322],"floor_reached":40,"language":"ENG","playtime":2389,"items_purged":["Strike_G","Strike_G"],"score":502,"play_id":"903fe53f-cf98-40c1-9b48-6337400fdf0a","local_time":"20210201221218","is_ascension_mode":true,"campfire_choices":[{"floor":6,"key":"REST"},{"data":"Poisoned Stab","floor":8,"key":"SMITH"},{"data":"Dagger Spray","floor":12,"key":"SMITH"},{"data":"PiercingWail","floor":15,"key":"SMITH"},{"floor":23,"key":"REST"},{"data":"After Image","floor":25,"key":"SMITH"},{"data":"PiercingWail","floor":28,"key":"SMITH"},{"floor":32,"key":"REST"}],"circlet_count":0,"master_deck":["Strike_G","Strike_G","Defend_G","Defend_G","Defend_G","Defend_G","Defend_G","Survivor","Neutralize","Poisoned Stab+1","Dagger Spray+1","Well Laid Plans","Dagger Throw","PiercingWail+1","Bane","Masterful Stab","Predator","PiercingWail+1","Deadly Poison","After Image+1","Blur","Noxious Fumes","Deflect","Deadly Poison","Dagger Throw+1","Die Die Die","Caltrops","Slice","Caltrops+1","Wraith Form v2","Deflect","Outmaneuver+1","Sucker Punch+1","Good Instincts"],"relics":["Ring of the Snake","Sling","Meat on the Bone","Sundial","Prayer Wheel","Runic Pyramid","Toy Ornithopter","Kunai","Sozu","Happy Flower"],"acts_visited":["Exordium","TheCity","TheBeyond"],"potions_floor_usage":[7,16,27,33,33,33,33],"damage_taken":[{"damage":5,"enemies":"2 Louse","floor":1,"turns":2},{"damage":0,"enemies":"Cultist","floor":2,"turns":4},{"damage":7,"enemies":"Jaw Worm","floor":5,"turns":3},{"damage":2,"enemies":"Gremlin Nob","floor":7,"turns":3},{"damage":3,"enemies":"2 Fungi Beasts","floor":10,"turns":3},{"damage":7,"enemies":"3 Sentries","floor":13,"turns":6},{"damage":3,"enemies":"Blue Slaver","floor":14,"turns":2},{"damage":35,"enemies":"Slime Boss","floor":16,"turns":13},{"damage":7,"enemies":"Spheric Guardian","floor":18,"turns":6},{"damage":20,"enemies":"2 Thieves","floor":19,"turns":4},{"damage":0,"enemies":"Snake Plant","floor":20,"turns":4},{"damage":24,"enemies":"Snecko","floor":21,"turns":7},{"damage":18,"enemies":"Centurion and Healer","floor":22,"turns":9},{"damage":3,"enemies":"Snake Plant","floor":27,"turns":4},{"damage":10,"enemies":"Gremlin Leader","floor":29,"turns":6},{"damage":19,"enemies":"Sentry and Sphere","floor":31,"turns":7},{"damage":94,"enemies":"Champ","floor":33,"turns":17},{"damage":8,"enemies":"3 Shapes","floor":35,"turns":5},{"damage":11,"enemies":"3 Darklings","floor":36,"turns":5},{"damage":81,"enemies":"Giant Head","floor":40,"turns":10}],"seed_played":"1389135574695958465","potions_obtained":[{"floor":1,"key":"FairyPotion"},{"floor":7,"key":"SkillPotion"},{"floor":14,"key":"GamblersBrew"},{"floor":19,"key":"Strength Potion"},{"floor":20,"key":"EntropicBrew"},{"floor":22,"key":"Block Potion"},{"floor":31,"key":"Regen Potion"},{"floor":33,"key":"Poison Potion"}],"is_trial":false,"path_per_floor":["M","M","$","?","M","R","E","R","T","M","?","R","E","M","R","B",null,"M","M","M","M","M","R","$","R","T","M","R","E","?","M","R","B",null,"M","M","?","?","T","E"],"character_chosen":"THE_SILENT","items_purchased":["Sling","Well Laid Plans","Dagger Throw","Strength Potion","Toy Ornithopter"],"campfire_rested":3,"item_purchase_floors":[3,3,3,3,24],"current_hp_per_floor":[44,44,44,44,37,58,56,56,56,53,53,53,46,43,43,20,70,63,43,43,31,25,46,46,46,46,48,48,38,61,42,63,28,70,62,51,51,51,51,0,0],"gold":322,"neow_bonus":"TWO_FIFTY_GOLD","is_daily":false,"chose_seed":false,"campfire_upgraded":5,"win_rate":0.0,"timestamp":1612217538,"path_taken":["M","M","$","?","M","R","E","R","T","?","?","R","E","M","R","BOSS","M","M","M","M","M","R","$","R","T","M","R","E","?","M","R","BOSS","M","M","?","?","?","E"],"items_purchased_type":["Relic","Card","Card","Potion","Relic"],"build_version":"2020-12-22","purchased_purges":2,"victory":false,"max_hp_per_floor":[70,70,70,70,70,70,70,70,70,70,70,70,70,70,70,70,70,70,70,70,70,70,70,70,70,70,70,70,70,70,70,70,70,70,70,70,70,70,70,70,70],"relic_stats":{"Sozu":1,"Happy Flower":[3],"counters":[20,120],"Sundial":[8],"Prayer Wheel":10,"Kunai":[15],"obtain_stats":[{"Sozu":34,"Happy Flower":39,"Sundial":9,"Prayer Wheel":13,"Kunai":29,"Sling":3,"Toy Ornithopter":24,"Ring of the Snake":0,"Meat on the Bone":7,"Runic Pyramid":17},{"Sozu":17,"Happy Flower":19,"Sundial":4,"Prayer Wheel":6,"Kunai":15,"Sling":2,"Toy Ornithopter":13,"Ring of the Snake":0,"Meat on the Bone":4,"Runic Pyramid":8},{"Sozu":100,"Happy Flower":110,"Sundial":12,"Prayer Wheel":21,"Kunai":76,"Sling":6,"Toy Ornithopter":66,"Ring of the Snake":0,"Meat on the Bone":12,"Runic Pyramid":36}],"Toy Ornithopter":19,"Ring of the Snake":[40],"Meat on the Bone":48},"card_choices":[{"not_picked":["Choke","Acrobatics"],"picked":"Poisoned Stab","floor":1},{"not_picked":["Heel Hook","Quick Slash"],"picked":"Dagger Spray","floor":2},{"not_picked":["Prepared","Bane"],"picked":"PiercingWail","floor":5},{"not_picked":["A Thousand Cuts","Cloak And Dagger"],"picked":"Bane","floor":7},{"not_picked":["Sucker Punch","Escape Plan"],"picked":"Masterful Stab","floor":10},{"not_picked":["Dodge and Roll","Flying Knee"],"picked":"Predator","floor":13},{"not_picked":["Heel Hook","Bane"],"picked":"PiercingWail","floor":14},{"not_picked":["Backstab","Masterful Stab"],"picked":"Deadly Poison","floor":14},{"not_picked":["A Thousand Cuts","Tools of the Trade"],"picked":"After Image","floor":16},{"not_picked":["Dodge and Roll+1","Deadly Poison"],"picked":"Blur","floor":18},{"not_picked":["Crippling Poison","Backflip+1"],"picked":"Noxious Fumes","floor":18},{"not_picked":["Escape Plan","Cloak And Dagger+1"],"picked":"Deflect","floor":19},{"not_picked":["Backflip","Distraction"],"picked":"Crippling Poison","floor":19},{"not_picked":["Sucker Punch+1","Tactician"],"picked":"Deadly Poison","floor":20},{"not_picked":["Deadly Poison","Well Laid Plans"],"picked":"Dagger Throw+1","floor":20},{"not_picked":["Deadly Poison","Dodge and Roll"],"picked":"Die Die Die","floor":21},{"not_picked":["Flying Knee","Accuracy+1"],"picked":"Caltrops","floor":21},{"not_picked":["Quick Slash","Dagger Spray","PiercingWail"],"picked":"SKIP","floor":22},{"not_picked":["Slice","Prepared","Catalyst"],"picked":"SKIP","floor":22},{"not_picked":["Acrobatics","Dagger Spray","Leg Sweep"],"picked":"SKIP","floor":27},{"not_picked":["Dagger Throw","Choke","Masterful Stab"],"picked":"SKIP","floor":27},{"not_picked":["Flechettes","Outmaneuver"],"picked":"Slice","floor":29},{"not_picked":["Dodge and Roll","Acrobatics"],"picked":"Caltrops+1","floor":31},{"not_picked":["Dagger Spray","Dodge and Roll","Bouncing Flask"],"picked":"SKIP","floor":31},{"not_picked":["Envenom","Tools of the Trade"],"picked":"Wraith Form v2","floor":33},{"not_picked":["Escape Plan","Well Laid Plans"],"picked":"Deflect","floor":35},{"not_picked":["Flying Knee+1","Predator","Acrobatics+1"],"picked":"SKIP","floor":35},{"not_picked":["Deflect","Cloak And Dagger"],"picked":"Outmaneuver+1","floor":36},{"not_picked":["Bane","Dodge and Roll"],"picked":"Sucker Punch+1","floor":36},{"not_picked":["Finesse","Transmutation"],"picked":"Good Instincts","floor":37}],"player_experience":1284925,"relics_obtained":[{"floor":7,"key":"Meat on the Bone"},{"floor":9,"key":"Sundial"},{"floor":13,"key":"Prayer Wheel"},{"floor":29,"key":"Kunai"},{"floor":39,"key":"Happy Flower"}],"event_choices":[{"cards_removed":["Strike_G"],"damage_healed":0,"gold_gain":0,"player_choice":"Purged","damage_taken":0,"max_hp_gain":0,"max_hp_loss":0,"event_name":"Purifier","floor":4,"gold_loss":0},{"damage_healed":0,"gold_gain":0,"player_choice":"Ignored","damage_taken":0,"max_hp_gain":0,"max_hp_loss":0,"event_name":"Golden Idol","floor":11,"gold_loss":0},{"damage_healed":23,"gold_gain":0,"player_choice":"Heal","damage_taken":0,"max_hp_gain":0,"max_hp_loss":0,"event_name":"The Library","floor":30,"gold_loss":0},{"damage_healed":0,"gold_gain":0,"player_choice":"Memory 1","damage_taken":0,"max_hp_gain":0,"max_hp_loss":0,"event_name":"SensoryStone","floor":37,"gold_loss":0},{"cards_removed":["Crippling Poison"],"damage_healed":0,"gold_gain":0,"player_choice":"Removed Skill","damage_taken":0,"max_hp_gain":0,"max_hp_loss":0,"event_name":"Falling","floor":38,"gold_loss":0}],"is_beta":false,"boss_relics":[{"not_picked":["Runic Dome","SlaversCollar"],"picked":"Runic Pyramid"},{"not_picked":["Coffee Dripper","Astrolabe"],"picked":"Sozu"}],"items_purged_floors":[3,24],"is_endless":false,"potions_floor_spawned":[1,7,14,19,20,22,31,33,35],"killed_by":"Giant Head","ascension_level":4}}