{"host":"klrvvo16pazy794l","time":1612204403,"event":{"mods":["BaseMod","Minty Spire (QoL Compilation)"],"gold_per_floor":[116,116,139,216,230,230,265,265,347,382,54,72,72,102,102,230,230,267,194,226,256,268,323,353,403,415,427,427],"floor_reached":27,"language":"ENG","playtime":930,"items_purged":["Injury"],"score":315,"play_id":"92f3b22e-6c6e-46ac-8555-cc64b7c3649a","local_time":"20210201123323","is_ascension_mode":true,"campfire_choices":[{"data":"Apotheosis","floor":6,"key":"SMITH"},{"floor":8,"key":"REST"},{"data":"Flex","floor":13,"key":"SMITH"},{"data":"Flame Barrier","floor":15,"key":"SMITH"}],"circlet_count":0,"master_deck":["Strike_R","Strike_R","Strike_R","Strike_R","Strike_R","Defend_R","Defend_R","Defend_R","Defend_R","Bash","Apotheosis+1","Thunderclap","Headbutt","Flame Barrier+1","Flex+1","Offering","CurseOfTheBell","Rampage+1","Warcry+1","Pommel Strike+1","Cleave+1"],"relics":["Burning Blood","Golden Idol","Blue Candle","Bronze Scales","Mummified Hand","Molten Egg 2","Red Skull","Calling Bell","MawBank","Toxic Egg 2","Calipers","Mango","Bag of Marbles","Self Forming Clay","Eternal Feather"],"acts_visited":["Exordium","TheCity"],"potions_floor_usage":[10,16,16,23,24,25,27],"damage_taken":[{"damage":0,"enemies":"2 Louse","floor":1,"turns":3},{"damage":7,"enemies":"Jaw Worm","floor":3,"turns":4},{"damage":12,"enemies":"Small Slimes","floor":5,"turns":3},{"damage":24,"enemies":"Lagavulin","floor":7,"turns":9},{"damage":14,"enemies":"Gremlin Nob","floor":10,"turns":3},{"damage":2,"enemies":"3 Louse","floor":12,"turns":3},{"damage":32,"enemies":"Hexaghost","floor":16,"turns":7},{"damage":10,"enemies":"Shell Parasite","floor":18,"turns":3},{"damage":12,"enemies":"3 Byrds","floor":20,"turns":3},{"damage":29,"enemies":"3 Cultists","floor":21,"turns":5},{"damage":77,"enemies":"Slavers","floor":23,"turns":6},{"damage":6,"enemies":"Centurion and Healer","floor":24,"turns":4},{"damage":6,"enemies":"Gremlin Leader","floor":25,"turns":4},{"damage":19,"enemies":"Snecko","floor":27,"turns":3}],"seed_played":"7255503037774988068","potions_obtained":[{"floor":7,"key":"AttackPotion"},{"floor":16,"key":"ColorlessPotion"},{"floor":18,"key":"Strength Potion"},{"floor":23,"key":"FearPotion"}],"is_trial":false,"path_per_floor":["M","?","M","T","M","R","E","R","T","E","$","M","R","?","R","B",null,"M","?","M","M","?","E","M","E","T","M"],"character_chosen":"IRONCLAD","items_purchased":["Red Skull","EntropicBrew"],"campfire_rested":1,"item_purchase_floors":[11,11],"current_hp_per_floor":[62,62,61,61,55,55,37,61,61,53,53,57,57,57,57,31,80,76,90,84,61,61,8,8,8,8,0,0],"gold":427,"neow_bonus":"RANDOM_COLORLESS_2","is_daily":false,"chose_seed":false,"campfire_upgraded":3,"win_rate":0.0,"timestamp":1612204403,"path_taken":["M","?","M","?","M","R","E","R","T","E","?","M","R","?","R","BOSS","M","?","M","M","?","E","M","E","T","?"],"items_purchased_type":["Relic","Potion"],"build_version":"2020-12-22","purchased_purges":1,"victory":false,"max_hp_per_floor":[80,80,80,80,80,80,80,80,80,80,80,80,80,80,80,80,80,80,94,94,94,94,94,94,94,94,94,94],"card_choices":[{"not_picked":["Thinking Ahead","The Bomb"],"picked":"Apotheosis","floor":0},{"not_picked":["Pummel","Sentinel"],"picked":"Thunderclap","floor":1},{"not_picked":["Hemokinesis","Clash"],"picked":"Headbutt","floor":3},{"not_picked":["Warcry","Iron Wave"],"picked":"Flame Barrier","floor":5},{"not_picked":["Uppercut","Clothesline"],"picked":"Flex","floor":7},{"not_picked":["Clothesline+1","Anger+1","Entrench"],"picked":"SKIP","floor":10},{"not_picked":["Evolve","Warcry","Whirlwind+1"],"picked":"SKIP","floor":12},{"not_picked":["Demon Form","Berserk"],"picked":"Offering","floor":16},{"not_picked":["Armaments+1","Pummel+1"],"picked":"Rampage+1","floor":18},{"not_picked":["Hemokinesis+1","Anger+1"],"picked":"Warcry+1","floor":20},{"not_picked":["Warcry+1","Havoc+1","True Grit+1"],"picked":"SKIP","floor":21},{"not_picked":["Perfected Strike+1","True Grit+1"],"picked":"Pommel Strike+1","floor":23},{"not_picked":["Demon Form","Warcry+1"],"picked":"Cleave+1","floor":24},{"not_picked":["Reckless Charge+1","Warcry+1","Second Wind+1"],"picked":"SKIP","floor":25}],"player_experience":494425,"relics_obtained":[{"floor":4,"key":"Blue Candle"},{"floor":7,"key":"Bronze Scales"},{"floor":9,"key":"Mummified Hand"},{"floor":10,"key":"Molten Egg 2"},{"floor":17,"key":"MawBank"},{"floor":17,"key":"Toxic Egg 2"},{"floor":17,"key":"Calipers"},{"floor":23,"key":"Bag of Marbles"},{"floor":25,"key":"Self Forming Clay"},{"floor":26,"key":"Eternal Feather"}],"event_choices":[{"damage_healed":0,"gold_gain":0,"player_choice":"Take Wound","damage_taken":0,"relics_obtained":["Golden Idol"],"max_hp_gain":0,"max_hp_loss":0,"event_name":"Golden Idol","floor":2,"gold_loss":0,"cards_obtained":["Injury"]},{"damage_healed":0,"gold_gain":30,"player_choice":"Searched \u00272\u0027 times","damage_taken":0,"max_hp_gain":0,"max_hp_loss":0,"event_name":"Dead Adventurer","floor":14,"gold_loss":0},{"damage_healed":0,"gold_gain":0,"player_choice":"Obtained Relic","damage_taken":0,"relics_obtained":["Mango"],"max_hp_gain":0,"max_hp_loss":0,"event_name":"Addict","floor":19,"gold_loss":85},{"damage_healed":0,"gold_gain":0,"player_choice":"0 cards matched","damage_taken":0,"max_hp_gain":0,"max_hp_loss":0,"event_name":"Match and Keep!","floor":22,"gold_loss":0,"cards_obtained":[]}],"is_beta":false,"boss_relics":[{"not_picked":["Snecko Eye","Empty Cage"],"picked":"Calling Bell"}],"items_purged_floors":[11],"is_endless":false,"potions_floor_spawned":[7,16,18,21,23],"killed_by":"Snecko","ascension_level":2}}