{"host":"8962ghaoa8fyttvy","time":1612174668,"event":{"mods":["2.2 Compatiblity","AchievementEnabler","BaseMod","Bestiary","Colored Map","Colored Powertips","Curses Come First","Highlight Path","Keyboard Shortcuts","Minty Spire (QoL Compilation)","Relic Stats","Slay the Relics Exporter","StSLib","SuperFastMode"],"gold_per_floor":[113,113,125,137,148,148,160,7,31,42,57,67,67,80,80,183,183,201,221,252,109,109,109],"floor_reached":22,"language":"ENG","playtime":609,"items_purged":[],"score":232,"play_id":"6c50445e-6dd0-466d-8ac1-1151c57af678","local_time":"20210201051748","is_ascension_mode":false,"campfire_choices":[{"data":"Zap","floor":6,"key":"SMITH"},{"data":"Static Discharge","floor":13,"key":"SMITH"},{"data":"Dualcast","floor":15,"key":"SMITH"}],"circlet_count":0,"master_deck":["Strike_B","Strike_B","Strike_B","Defend_B","Defend_B","Defend_B","Zap+1","Dualcast+1","Ball Lightning","Tempest","Ball Lightning","Rebound","Static Discharge+1","Ball Lightning","Echo Form","Conserve Battery","Redo+1","Defragment"],"relics":["Cracked Core","Orichalcum","Bronze Scales","Black Star","Red Mask","Membership Card"],"acts_visited":["Exordium","TheCity"],"potions_floor_usage":[22,22,22,22,22],"damage_taken":[{"damage":5,"enemies":"Small Slimes","floor":1,"turns":3},{"damage":6,"enemies":"Cultist","floor":3,"turns":3},{"damage":8,"enemies":"Jaw Worm","floor":4,"turns":3},{"damage":0,"enemies":"Looter","floor":5,"turns":2},{"damage":10,"enemies":"Lots of Slimes","floor":7,"turns":3},{"damage":16,"enemies":"Exordium Wildlife","floor":10,"turns":3},{"damage":0,"enemies":"Large Slime","floor":11,"turns":2},{"damage":4,"enemies":"Looter","floor":12,"turns":2},{"damage":6,"enemies":"Blue Slaver","floor":14,"turns":2},{"damage":0,"enemies":"Slime Boss","floor":16,"turns":5},{"damage":6,"enemies":"Chosen","floor":18,"turns":4},{"damage":19,"enemies":"3 Byrds","floor":19,"turns":3},{"damage":48,"enemies":"Masked Bandits","floor":20,"turns":4},{"damage":3,"enemies":"3 Cultists","floor":22,"turns":3}],"seed_played":"4031352983013038950","potions_obtained":[{"floor":1,"key":"SneckoOil"},{"floor":3,"key":"BlessingOfTheForge"},{"floor":5,"key":"SkillPotion"},{"floor":11,"key":"EntropicBrew"},{"floor":19,"key":"BlessingOfTheForge"}],"is_trial":false,"path_per_floor":["M","?","M","M","M","R","M","$","T","M","M","M","R","M","R","B",null,"M","M","?","$","M"],"character_chosen":"DEFECT","items_purchased":["Orichalcum","Membership Card"],"campfire_rested":0,"item_purchase_floors":[8,21],"current_hp_per_floor":[70,70,64,56,56,56,46,46,46,30,30,26,26,20,20,20,75,69,50,2,2,0,0],"gold":109,"neow_bonus":"TRANSFORM_CARD","is_daily":false,"chose_seed":false,"campfire_upgraded":3,"win_rate":0.0,"timestamp":1612174668,"path_taken":["M","?","M","M","M","R","M","$","T","?","M","M","R","M","R","BOSS","M","M","?","$","M"],"items_purchased_type":["Relic","Relic"],"build_version":"2020-12-22","purchased_purges":0,"victory":false,"max_hp_per_floor":[75,75,75,75,75,75,75,75,75,75,75,75,75,75,75,75,75,75,75,75,75,75,75],"relic_stats":{"counters":[14,42],"Bronze Scales":[100],"Black Star":0,"Orichalcum":[108],"obtain_stats":[{"Bronze Scales":9,"Black Star":17,"Red Mask":20,"Membership Card":21,"Orichalcum":8,"Cracked Core":0},{"Bronze Scales":5,"Black Star":10,"Red Mask":13,"Membership Card":13,"Orichalcum":5,"Cracked Core":0},{"Bronze Scales":14,"Black Star":28,"Red Mask":39,"Membership Card":39,"Orichalcum":14,"Cracked Core":0}]},"card_choices":[{"not_picked":["FTL","Reprogram"],"picked":"Tempest","floor":1},{"not_picked":["Cold Snap","Sweeping Beam","Steam"],"picked":"SKIP","floor":3},{"not_picked":["All For One","Reinforced Body"],"picked":"Ball Lightning","floor":4},{"not_picked":["Sweeping Beam","Steam","Rip and Tear"],"picked":"SKIP","floor":5},{"not_picked":["Streamline","Hologram","Leap"],"picked":"SKIP","floor":7},{"not_picked":["Stack","Rainbow"],"picked":"Rebound","floor":10},{"not_picked":["Steam","Cold Snap"],"picked":"Static Discharge","floor":11},{"not_picked":["Coolheaded","Leap","Gash"],"picked":"SKIP","floor":12},{"not_picked":["Scrape","Hologram"],"picked":"Ball Lightning","floor":14},{"not_picked":["Amplify","Reboot"],"picked":"Echo Form","floor":16},{"not_picked":["Lockon","Cold Snap"],"picked":"Conserve Battery","floor":18},{"not_picked":["Compile Driver","Melter"],"picked":"Redo+1","floor":19},{"not_picked":["Scrape","Static Discharge"],"picked":"Defragment","floor":20}],"player_experience":12608,"relics_obtained":[{"floor":9,"key":"Bronze Scales"},{"floor":20,"key":"Red Mask"}],"event_choices":[{"cards_removed":["Strike_B"],"damage_healed":0,"gold_gain":0,"player_choice":"Purged","damage_taken":0,"max_hp_gain":0,"max_hp_loss":0,"event_name":"Purifier","floor":2,"gold_loss":0},{"damage_healed":0,"gold_gain":0,"player_choice":"Fought Bandits","damage_taken":0,"max_hp_gain":0,"max_hp_loss":0,"event_name":"Masked Bandits","floor":20,"gold_loss":0}],"is_beta":false,"boss_relics":[{"not_picked":["Snecko Eye","Fusion Hammer"],"picked":"Black Star"}],"items_purged_floors":[],"is_endless":false,"potions_floor_spawned":[1,3,5,11,12,19],"killed_by":"3 Cultists","ascension_level":0}}