{"host":"r5mr2vnv825vb4hc","time":1612171769,"event":{"mods":["Arknights","Astrologer","BaseMod","Best Route Mod","CapriCore","GungeonMod","Hermit","KOR Keyword Fix","Koishi","Lobotomy","Minty Spire (QoL Compilation)","Potion Indicator Mod","Prisma Mod","Quick Restart","Rare Cards Sparkle","Replay The Spire","StSLib","The Bug Knight","The Cursed","The Death Knight","The Dragon Tamer","The Gatherer","The Hierophant","The Immortal","The Jungle","The Poker Player","The Runesmith","Thrall Mod","WarShipGirlsR/??á´Ò³R mod"],"gold_per_floor":[111,126,126,136,154,154,46,46,121,135,168,93,93,113,113,209,259,278,43,43,63,0,0,0,15,15,27,39,67,79,79],"floor_reached":30,"language":"KOR","playtime":1420,"items_purged":["ats:Ambush","ats:Defend","Decay"],"score":230,"play_id":"a1f69fd0-9957-43a1-b1aa-dd3e8d1a8e1b","local_time":"20210201182929","is_ascension_mode":false,"campfire_choices":[{"floor":6,"key":"REST"},{"data":"ats:Ambush","floor":8,"key":"SMITH"},{"floor":13,"key":"REST"},{"floor":23,"key":"REST"},{"floor":27,"key":"REST"}],"circlet_count":0,"master_deck":["ats:Strike C+1","ats:Strike S+1","ats:Strike V+1","ats:Armor Crushing Shot","ats:Defend+1","ats:Defend+1","ats:Defend+1","ats:Emotion Absorption+1","ats:Consecutive Shot Auto","ats:Shell Defense+1","ats:Explosion Area Strengthen","ats:Ambush+1","ats:Flexible Camouflage","ats:Sword Rain+1","ats:Literary Storm","ats:Blood Oath+1","ats:Rapid Magazine"],"relics":["ats:Sanity","Ornamental Fan","ats:Originium","Bottled Flame","Tiny House","Membership Card","MawBank"],"acts_visited":["Exordium","TheCity"],"potions_floor_usage":[11],"damage_taken":[{"damage":5,"enemies":"2 Louse","floor":1,"turns":4},{"damage":1,"enemies":"Cultist","floor":2,"turns":3},{"damage":12,"enemies":"Jaw Worm","floor":4,"turns":3},{"damage":29,"enemies":"Exordium Wildlife","floor":5,"turns":7},{"damage":5,"enemies":"Exordium Thugs","floor":10,"turns":6},{"damage":21,"enemies":"Replay:BlueRogue","floor":11,"turns":8},{"damage":9,"enemies":"Red Slaver","floor":14,"turns":5},{"damage":58,"enemies":"Fading Forest","floor":16,"turns":11},{"damage":43,"enemies":"Shell Parasite","floor":18,"turns":9},{"damage":11,"enemies":"Spheric Guardian","floor":21,"turns":6},{"damage":16,"enemies":"Snake Plant","floor":25,"turns":5},{"damage":54,"enemies":"Cultist and Chosen","floor":29,"turns":7},{"damage":41,"enemies":"Centurion and Healer","floor":30,"turns":5}],"seed_played":"8913125733120178760","potions_obtained":[{"floor":4,"key":"Block Potion"},{"floor":11,"key":"Weak Potion"},{"floor":15,"key":"Dexterity Potion"},{"floor":15,"key":"Cursed Concoction"},{"floor":17,"key":"Reflective Coating"},{"floor":21,"key":"ColorlessPotion"}],"is_trial":false,"path_per_floor":["M","M","?","M","M","R","$","R","T","M","E","$","R","M","R","B",null,"M","$","?","M","$","R","$","M","T","R","?","M","M"],"character_chosen":"DOCTOR_CLASS","items_purchased":["ats:Ambush","Membership Card","ats:Literary Storm"],"campfire_rested":4,"item_purchase_floors":[7,19,19],"current_hp_per_floor":[67,66,66,56,35,56,56,56,56,54,39,39,60,51,51,14,77,39,39,39,34,34,57,57,54,54,77,77,30,0,0],"gold":79,"neow_bonus":"RANDOM_EVENT","is_daily":false,"chose_seed":false,"campfire_upgraded":1,"win_rate":0.0,"timestamp":1612171769,"path_taken":["M","M","?","?","M","R","$","R","T","M","E","?","R","M","R","BOSS","M","$","?","M","$","R","$","M","T","R","?","M","M"],"items_purchased_type":["Card","Relic","Card"],"build_version":"2020-12-22","purchased_purges":3,"victory":false,"max_hp_per_floor":[72,72,72,72,72,72,72,72,72,72,72,72,72,72,72,72,77,77,77,77,77,77,77,77,77,77,77,77,77,77,77],"card_choices":[{"not_picked":["ats:Powerful Strike","ats:Support Order"],"picked":"ats:Consecutive Shot Auto","floor":1},{"not_picked":["ats:Red Shift","ats:Ignite"],"picked":"ats:Shell Defense","floor":2},{"not_picked":["ats:Guard Mode","ats:Burning Ground","ats:Composite Medical Shells"],"picked":"SKIP","floor":4},{"not_picked":["ats:Flexible Camouflage","ats:Cat Scratch"],"picked":"ats:Explosion Area Strengthen","floor":5},{"not_picked":["ats:Guard Mode","ats:Healing Strengthening","ats:Collapsing Strike"],"picked":"SKIP","floor":10},{"not_picked":["ats:Guard Mode","ats:Hook Shot"],"picked":"ats:Flexible Camouflage","floor":11},{"not_picked":["ats:Revitalization","ats:Automatic Cover","ats:Burning Ground"],"picked":"SKIP","floor":14},{"not_picked":["ats:Leaping Hammer+1","ats:Revitalization+1"],"picked":"ats:Sword Rain+1","floor":18},{"not_picked":["ats:Explosion Area Strengthen","ats:Calcification"],"picked":"ats:Blood Oath+1","floor":21},{"not_picked":["ats:Leaping Hammer","ats:Assault Order","ats:Thorns"],"picked":"SKIP","floor":25},{"not_picked":["ats:Sashimi Platter","ats:Flexible Camouflage"],"picked":"ats:Rapid Magazine","floor":29}],"player_experience":36641,"relics_obtained":[{"floor":9,"key":"Ornamental Fan"},{"floor":11,"key":"ats:Originium"},{"floor":11,"key":"Bottled Flame"},{"floor":26,"key":"MawBank"}],"event_choices":[{"damage_healed":0,"gold_gain":0,"player_choice":"Cursed","damage_taken":0,"max_hp_gain":0,"max_hp_loss":0,"event_name":"Wheel of Change","floor":3,"gold_loss":0,"cards_obtained":["Decay"]},{"damage_healed":0,"gold_gain":0,"player_choice":"Simplicity","damage_taken":0,"max_hp_gain":0,"max_hp_loss":0,"event_name":"Back to Basics","floor":20,"gold_loss":0,"cards_upgraded":["ats:Strike C","ats:Strike G","ats:Strike S","ats:Strike V","ats:Defend","ats:Defend","ats:Defend"]},{"cards_removed":["ats:Strike G"],"damage_healed":0,"gold_gain":0,"player_choice":"Purged","damage_taken":0,"max_hp_gain":0,"max_hp_loss":0,"event_name":"Purifier","floor":28,"gold_loss":0}],"is_beta":false,"boss_relics":[{"not_picked":["Honey Jar","Astrolabe"],"picked":"Tiny House"}],"items_purged_floors":[12,19,22],"is_endless":false,"potions_floor_spawned":[4,11,21,25,29],"killed_by":"Centurion and Healer","ascension_level":0}}