{"host":"8is2j71l4wmybkoi","time":1612195256,"event":{"mods":["AchievementEnabler","BaseMod","Colored Map","Minty Spire (QoL Compilation)","Rare Cards Sparkle","StSLib","SuperFastMode"],"gold_per_floor":[109,34,34,34,109,109,39,39,39,83,96,96,111,136,136,232,232,255,270,3,3,16,16,50,50,74,74,91,120,40,67,67,67,67],"floor_reached":33,"language":"KOR","playtime":1056,"items_purged":["Strike_R","Strike_R"],"score":536,"play_id":"591ce335-0c31-440b-ac48-7eb051084421","local_time":"20210202010056","is_ascension_mode":true,"campfire_choices":[{"data":"Bash","floor":6.0,"key":"SMITH"},{"data":"Fire Breathing","floor":8.0,"key":"SMITH"},{"data":"Combust","floor":12.0,"key":"SMITH"},{"data":"Evolve","floor":15.0,"key":"SMITH"},{"floor":23.0,"key":"REST"},{"floor":27.0,"key":"REST"},{"floor":32,"key":"REST"}],"circlet_count":0,"master_deck":["AscendersBane","Strike_R","Strike_R","Defend_R+1","Defend_R","Defend_R","Defend_R","Bash+1","Headbutt","Fire Breathing+1","Anger","Combust+1","Power Through+1","Evolve+1","Limit Break","Blood for Blood","Reckless Charge+1","Dropkick","Thunderclap+1","Dark Embrace","Burning Pact","Feed+1","Second Wind"],"relics":["Burning Blood","NeowsBlessing","Bloody Idol","Paper Frog","Smiling Mask","Fusion Hammer","Blood Vial","Molten Egg 2","Toy Ornithopter","War Paint","Strawberry","Red Mask"],"acts_visited":["Exordium","TheCity"],"potions_floor_usage":[31],"damage_taken":[{"damage":0.0,"enemies":"Cultist","floor":1.0,"turns":1.0},{"damage":0.0,"enemies":"Gremlin Nob","floor":10.0,"turns":1.0},{"damage":0.0,"enemies":"Small Slimes","floor":11.0,"turns":1.0},{"damage":11.0,"enemies":"Jaw Worm","floor":13.0,"turns":3.0},{"damage":8.0,"enemies":"Exordium Thugs","floor":14.0,"turns":3.0},{"damage":18.0,"enemies":"Slime Boss","floor":16.0,"turns":6.0},{"damage":13.0,"enemies":"Shell Parasite","floor":18.0,"turns":5.0},{"damage":33.0,"enemies":"3 Byrds","floor":19.0,"turns":5.0},{"damage":3.0,"enemies":"Snecko","floor":22.0,"turns":3.0},{"damage":35.0,"enemies":"Book of Stabbing","floor":24.0,"turns":5.0},{"damage":18.0,"enemies":"Centurion and Healer","floor":28.0,"turns":4.0},{"damage":18.0,"enemies":"Slavers","floor":29.0,"turns":4.0},{"damage":34,"enemies":"Masked Bandits","floor":31,"turns":4},{"damage":62,"enemies":"Champ","floor":33,"turns":6}],"seed_played":"-3410946291233338874","potions_obtained":[{"floor":10.0,"key":"Weak Potion"},{"floor":13.0,"key":"SneckoOil"},{"floor":14.0,"key":"BlessingOfTheForge"},{"floor":19.0,"key":"SneckoOil"},{"floor":22.0,"key":"Energy Potion"},{"floor":28.0,"key":"Swift Potion"}],"is_trial":false,"path_per_floor":["M","$","?","?","?","R","$","R","T","E","M","R","M","M","R","B",null,"M","M","$","T","M","R","E","?","T","R","M","E","$","?","R","B"],"character_chosen":"IRONCLAD","items_purchased":["Fire Breathing","Dropkick","Blood Vial","Second Wind"],"campfire_rested":3,"item_purchase_floors":[7,20,20,30],"current_hp_per_floor":[74,74,67,67,56,56,56,56,56,62,68,68,63,61,61,49,63,56,29,29,29,34,54,27,27,32,52,47,54,54,38,60,0,0],"gold":67,"neow_bonus":"THREE_ENEMY_KILL","is_daily":false,"chose_seed":false,"campfire_upgraded":4,"win_rate":0.0,"timestamp":1612195256,"path_taken":["M","$","?","?","?","R","?","R","T","E","M","R","?","M","R","BOSS","M","M","$","?","?","R","E","?","T","R","M","E","$","?","R","BOSS"],"items_purchased_type":["Card","Card","Relic","Card"],"build_version":"2020-12-22","purchased_purges":2,"victory":false,"max_hp_per_floor":[75,75,75,68,68,68,68,68,68,68,68,68,68,68,68,68,68,68,68,68,68,68,68,68,68,68,68,68,75,75,75,75,75,75],"card_choices":[{"not_picked":["Armaments","Sever Soul"],"picked":"Headbutt","floor":1.0},{"not_picked":["Fiend Fire","Seeing Red"],"picked":"Anger","floor":10.0},{"not_picked":["Pommel Strike","Cleave"],"picked":"Combust","floor":11.0},{"not_picked":["Thunderclap","Wild Strike"],"picked":"Power Through","floor":13.0},{"not_picked":["Warcry","Battle Trance"],"picked":"Evolve","floor":14.0},{"not_picked":["Corruption","Demon Form"],"picked":"Limit Break","floor":16.0},{"not_picked":["Twin Strike","Power Through"],"picked":"Blood for Blood","floor":18.0},{"not_picked":["Heavy Blade","Carnage+1"],"picked":"Reckless Charge+1","floor":19.0},{"not_picked":["Clothesline+1","Metallicize"],"picked":"Thunderclap+1","floor":22.0},{"not_picked":["Sword Boomerang+1","Wild Strike+1"],"picked":"Dark Embrace","floor":24.0},{"not_picked":["Wild Strike+1","Combust"],"picked":"Burning Pact","floor":28.0},{"not_picked":["Iron Wave+1","Seeing Red"],"picked":"Feed+1","floor":29.0}],"player_experience":923708,"relics_obtained":[{"floor":9.0,"key":"Paper Frog"},{"floor":10.0,"key":"Smiling Mask"},{"floor":21.0,"key":"Molten Egg 2"},{"floor":24.0,"key":"Toy Ornithopter"},{"floor":26.0,"key":"War Paint"},{"floor":29.0,"key":"Strawberry"},{"floor":31,"key":"Red Mask"}],"event_choices":[{"cards_removed":["Strike_R"],"damage_healed":0.0,"max_hp_gain":0.0,"max_hp_loss":0.0,"gold_gain":0.0,"event_name":"Golden Wing","player_choice":"Card Removal","floor":3.0,"gold_loss":0.0,"damage_taken":7.0},{"damage_healed":0.0,"max_hp_gain":0.0,"max_hp_loss":7.0,"gold_gain":0.0,"event_name":"Golden Idol","player_choice":"Lose Max HP","floor":4.0,"gold_loss":0.0,"damage_taken":0.0,"relics_obtained":["Golden Idol"]},{"damage_healed":0.0,"max_hp_gain":0.0,"max_hp_loss":0.0,"gold_gain":75.0,"event_name":"World of Goop","player_choice":"Gather Gold","floor":5.0,"gold_loss":0.0,"damage_taken":11.0},{"damage_healed":0.0,"max_hp_gain":0.0,"max_hp_loss":0.0,"gold_gain":0.0,"event_name":"Forgotten Altar","player_choice":"Gave Idol","floor":25.0,"relics_lost":["Golden Idol"],"gold_loss":0.0,"damage_taken":0.0,"relics_obtained":["Bloody Idol"]},{"damage_healed":0,"gold_gain":0,"player_choice":"Fought Bandits","damage_taken":0,"max_hp_gain":0,"max_hp_loss":0,"event_name":"Masked Bandits","floor":31,"gold_loss":0}],"is_beta":false,"boss_relics":[{"not_picked":["Runic Dome","Snecko Eye"],"picked":"Fusion Hammer"}],"items_purged_floors":[2,20],"is_endless":false,"potions_floor_spawned":[10,13,14,19,22,28],"killed_by":"Champ","ascension_level":15}}