{"host":"nnxvcju6x1qybncj","time":1612217372,"event":{"mods":["BaseMod","Block Reminder","Curses Come First","Custom Start","Dark Map","Displayed Cursed Tome","Downfall","Evolution","Jorbs\u0027s Wanderer Trilogy","Minty Spire (QoL Compilation)","Quick Restart","Relic Stats","StSLib"],"gold_per_floor":[119,136,146,162,179,210,210,220,245,259,292,302,302,336,336,412,412,430,214,224,274,302,327,327,338,361,372,407,427,452,452,452,530,530,530],"floor_reached":34,"language":"ENG","playtime":1065,"items_purged":["Anger+1"],"score":1372,"play_id":"e2666191-64c4-4dfe-98eb-e1809647e68a","local_time":"20210201230932","is_ascension_mode":true,"campfire_choices":[{"data":"Inflame","floor":7,"key":"SMITH"},{"data":"Metallicize","floor":15,"key":"SMITH"},{"floor":24,"key":"REST"},{"floor":32,"key":"REST"}],"circlet_count":0,"master_deck":["Rage+1","Anger+1","Rage+1","Juggernaut+1","Juggernaut+1","Juggernaut+1","Inflame+1","Metallicize+1","Offering","Body Slam+1"],"relics":["Burning Blood","EVO:Axolotl","Mummified Hand","Shuriken","Unceasing Top","Vajra","Regal Pillow","Calipers","Anchor","Smiling Mask","Juzu Bracelet","Bag of Marbles","Whetstone","Fusion Hammer","Omamori","Red Mask","Tiny Chest","Blood Vial","StrikeDummy","MealTicket","Pantograph","Cursed Key"],"acts_visited":["Exordium","TheCity","TheBeyond"],"potions_floor_usage":[],"damage_taken":[{"damage":0,"enemies":"Cultist","floor":1,"turns":2},{"damage":0,"enemies":"Small Slimes","floor":2,"turns":2},{"damage":0,"enemies":"Jaw Worm","floor":3,"turns":1},{"damage":0,"enemies":"Blue Slaver","floor":4,"turns":2},{"damage":0,"enemies":"Gremlin Gang","floor":5,"turns":1},{"damage":0,"enemies":"Gremlin Nob","floor":6,"turns":1},{"damage":0,"enemies":"3 Louse","floor":8,"turns":2},{"damage":0,"enemies":"Looter","floor":10,"turns":1},{"damage":5,"enemies":"3 Sentries","floor":11,"turns":5},{"damage":0,"enemies":"2 Fungi Beasts","floor":12,"turns":2},{"damage":0,"enemies":"Lagavulin","floor":14,"turns":2},{"damage":0,"enemies":"Slime Boss","floor":16,"turns":2},{"damage":6,"enemies":"Shell Parasite","floor":18,"turns":2},{"damage":6,"enemies":"Spheric Guardian","floor":20,"turns":1},{"damage":6,"enemies":"Masked Bandits","floor":22,"turns":1},{"damage":6,"enemies":"Gremlin Leader","floor":23,"turns":1},{"damage":6,"enemies":"Centurion and Healer","floor":25,"turns":2},{"damage":6,"enemies":"3 Cultists","floor":27,"turns":1},{"damage":6,"enemies":"Slavers","floor":28,"turns":1},{"damage":6,"enemies":"Shelled Parasite and Fungi","floor":29,"turns":2},{"damage":6,"enemies":"Book of Stabbing","floor":30,"turns":1},{"damage":6,"enemies":"Champ","floor":33,"turns":1}],"seed_played":"-1180410625716299494","potions_obtained":[{"floor":3,"key":"BlessingOfTheForge"},{"floor":4,"key":"Strength Potion"},{"floor":10,"key":"AttackPotion"},{"floor":11,"key":"Weak Potion"}],"is_trial":true,"path_per_floor":["M","M","M","M","M","E","R","M","T","M","E","M","?","E","R","B",null,"M","$","M","?","?","E","R","M","T","M","E","M","E","T","R","B",null],"character_chosen":"IRONCLAD","items_purchased":["Omamori"],"campfire_rested":2,"item_purchase_floors":[19],"current_hp_per_floor":[74,75,75,75,75,75,75,75,75,75,75,75,80,80,80,80,80,80,80,80,80,80,80,80,80,80,80,80,80,80,80,80,80,80,80],"gold":530,"neow_bonus":"","is_daily":false,"chose_seed":false,"campfire_upgraded":2,"win_rate":0.0,"timestamp":1612217372,"path_taken":["M","M","M","M","M","E","R","M","T","M","E","M","?","E","R","BOSS","M","$","M","?","?","E","R","M","T","M","E","M","E","?","R","BOSS"],"items_purchased_type":["Relic"],"build_version":"2020-12-22","purchased_purges":1,"victory":false,"max_hp_per_floor":[75,75,75,75,75,75,75,75,75,75,75,75,80,80,80,80,80,80,80,80,80,80,80,80,80,80,80,80,80,80,80,80,80,80,80],"relic_stats":{"Regal Pillow":0,"counters":[22,36],"Juzu Bracelet":1,"Whetstone":[],"Smiling Mask":25,"Cursed Key":0,"Burning Blood":72,"Blood Vial":0,"Mummified Hand":[69],"Shuriken":[14],"Pantograph":0,"Tiny Chest":0,"MealTicket":0,"obtain_stats":[{"Regal Pillow":0,"Calipers":0,"Vajra":0,"Juzu Bracelet":9,"Omamori":19,"EVO:Axolotl":0,"Whetstone":14,"Smiling Mask":6,"Cursed Key":34,"Burning Blood":0,"Blood Vial":26,"Anchor":0,"Mummified Hand":0,"Shuriken":0,"Pantograph":31,"Tiny Chest":23,"MealTicket":30,"Fusion Hammer":17,"Bag of Marbles":11,"Red Mask":22,"StrikeDummy":28,"Unceasing Top":0},{"Regal Pillow":0,"Calipers":0,"Vajra":0,"Juzu Bracelet":7,"Omamori":13,"EVO:Axolotl":0,"Whetstone":11,"Smiling Mask":6,"Cursed Key":22,"Burning Blood":0,"Blood Vial":17,"Anchor":0,"Mummified Hand":0,"Shuriken":0,"Pantograph":21,"Tiny Chest":16,"MealTicket":21,"Fusion Hammer":12,"Bag of Marbles":9,"Red Mask":15,"StrikeDummy":19,"Unceasing Top":0},{"Regal Pillow":0,"Calipers":0,"Vajra":0,"Juzu Bracelet":11,"Omamori":25,"EVO:Axolotl":0,"Whetstone":21,"Smiling Mask":9,"Cursed Key":36,"Burning Blood":0,"Blood Vial":30,"Anchor":0,"Mummified Hand":0,"Shuriken":0,"Pantograph":35,"Tiny Chest":28,"MealTicket":35,"Fusion Hammer":23,"Bag of Marbles":17,"Red Mask":27,"StrikeDummy":32,"Unceasing Top":0}],"Unceasing Top":[90]},"card_choices":[{"not_picked":["Clothesline","Second Wind","Reckless Charge"],"picked":"SKIP","floor":1},{"not_picked":["True Grit","Heavy Blade","Whirlwind"],"picked":"SKIP","floor":2},{"not_picked":["Reckless Charge","Combust","Thunderclap"],"picked":"SKIP","floor":3},{"not_picked":["Uppercut","Warcry","Wild Strike"],"picked":"SKIP","floor":4},{"not_picked":["Shrug It Off","Thunderclap","Headbutt"],"picked":"SKIP","floor":5},{"not_picked":["Clothesline","Perfected Strike"],"picked":"Inflame","floor":6},{"not_picked":["Thunderclap","Headbutt","Havoc"],"picked":"SKIP","floor":8},{"not_picked":["Bludgeon","Sword Boomerang","Perfected Strike"],"picked":"SKIP","floor":10},{"not_picked":["Feed","Twin Strike","Flex"],"picked":"SKIP","floor":11},{"not_picked":["Pummel","Perfected Strike","Body Slam"],"picked":"SKIP","floor":12},{"not_picked":["Shrug It Off","Thunderclap"],"picked":"Metallicize","floor":14},{"not_picked":["Exhume","Impervious"],"picked":"Offering","floor":16},{"not_picked":["Heavy Blade","Entrench","Iron Wave"],"picked":"SKIP","floor":18},{"not_picked":["Sword Boomerang","Thunderclap","Clothesline"],"picked":"SKIP","floor":20},{"not_picked":["Barricade","Fire Breathing","True Grit"],"picked":"SKIP","floor":23},{"not_picked":["Blood for Blood","Heavy Blade","Headbutt"],"picked":"SKIP","floor":25},{"not_picked":["Iron Wave","Ghostly Armor","Havoc"],"picked":"SKIP","floor":27},{"not_picked":["Headbutt","Pummel","Body Slam+1"],"picked":"SKIP","floor":28},{"not_picked":["Headbutt","Pummel"],"picked":"Body Slam+1","floor":28},{"not_picked":["Warcry","Cleave","Pummel"],"picked":"SKIP","floor":29},{"not_picked":["Uppercut+1","Clash","Cleave"],"picked":"SKIP","floor":30}],"player_experience":717797,"relics_obtained":[{"floor":6,"key":"Smiling Mask"},{"floor":9,"key":"Juzu Bracelet"},{"floor":11,"key":"Bag of Marbles"},{"floor":14,"key":"Whetstone"},{"floor":22,"key":"Red Mask"},{"floor":23,"key":"Tiny Chest"},{"floor":26,"key":"Blood Vial"},{"floor":28,"key":"StrikeDummy"},{"floor":30,"key":"MealTicket"},{"floor":31,"key":"Pantograph"}],"event_choices":[{"damage_healed":0,"gold_gain":0,"player_choice":"Donut","damage_taken":0,"max_hp_gain":5,"max_hp_loss":0,"event_name":"Big Fish","floor":13,"gold_loss":0},{"damage_healed":0,"gold_gain":50,"player_choice":"Stole From Cult","damage_taken":0,"max_hp_gain":0,"max_hp_loss":0,"event_name":"Nest","floor":21,"gold_loss":0},{"damage_healed":0,"gold_gain":0,"player_choice":"Fought Bandits","damage_taken":0,"max_hp_gain":0,"max_hp_loss":0,"event_name":"Masked Bandits","floor":22,"gold_loss":0}],"is_beta":false,"boss_relics":[{"not_picked":["Velvet Choker","Sozu"],"picked":"Fusion Hammer"},{"not_picked":["Empty Cage","SlaversCollar"],"picked":"Cursed Key"}],"items_purged_floors":[19],"is_endless":false,"potions_floor_spawned":[3,4,5,10,11,20,23,27,29,30],"ascension_level":20}}