{"host":"4qkvkh7pd9qr2mca","time":1612218411,"event":{"mods":["AchievementEnabler","Act Like it!","BaseMod","Colored Map","Colored Powertips","Highlight Path","Minty Spire (QoL Compilation)","Pale of the Ancients","Permanent Neow","Quick Restart","Relic Stats","StSLib","SuperFastMode"],"gold_per_floor":[109,109,184,28,38,38,58,83,160,160,195,211,243,263,263,334,334,352,277,15,15,45,71,86,86,86,106,106,123,123,123],"floor_reached":30,"language":"ENG","playtime":1321,"items_purged":["Strike_G","Strike_G"],"score":586,"play_id":"5c004cb6-90b3-4149-b586-d8cb378ea14a","local_time":"20210201232651","is_ascension_mode":true,"campfire_choices":[{"floor":6.0,"key":"REST"},{"floor":10.0,"key":"REST"},{"data":"Noxious Fumes","floor":15.0,"key":"SMITH"},{"floor":25,"key":"REST"},{"floor":28,"key":"REST"}],"circlet_count":0,"master_deck":["AscendersBane","Strike_G","Strike_G","Defend_G","Defend_G","Defend_G","Defend_G","Defend_G","Survivor","Neutralize","Apotheosis+1","Heel Hook","Noxious Fumes+1","Sucker Punch","Venomology","Dodge and Roll","Wraith Form v2","Caltrops","Acrobatics","Corpse Explosion","Deflect+1","RitualDagger","Calculated Gamble+1","Backflip+1","Bouncing Flask+1"],"relics":["Ring of the Snake","Lantern","Blue Candle","Bronze Scales","Torii","Black Star","OrangePellets","Red Mask","Toxic Egg 2","Du-Vu Doll","HornCleat"],"acts_visited":["Exordium","TheCity"],"potions_floor_usage":[24,24,27,29,30,30,30],"damage_taken":[{"damage":4.0,"enemies":"Small Slimes","floor":1.0,"turns":4.0},{"damage":0.0,"enemies":"Jaw Worm","floor":5.0,"turns":5.0},{"damage":0.0,"enemies":"2 Louse","floor":7.0,"turns":4.0},{"damage":0.0,"enemies":"Lagavulin","floor":8.0,"turns":6.0},{"damage":6.0,"enemies":"Gremlin Nob","floor":11.0,"turns":3.0},{"damage":3.0,"enemies":"Large Slime","floor":12.0,"turns":7.0},{"damage":10.0,"enemies":"Lagavulin","floor":13.0,"turns":9.0},{"damage":1.0,"enemies":"Blue Slaver","floor":14.0,"turns":3.0},{"damage":16.0,"enemies":"Slime Boss","floor":16.0,"turns":8.0},{"damage":0.0,"enemies":"3 Byrds","floor":18.0,"turns":2.0},{"damage":23.0,"enemies":"Masked Bandits","floor":22.0,"turns":3.0},{"damage":23.0,"enemies":"Slavers","floor":23.0,"turns":8.0},{"damage":2,"enemies":"Spheric Guardian","floor":24,"turns":5},{"damage":0,"enemies":"Snake Plant","floor":27,"turns":3},{"damage":1,"enemies":"3 Cultists","floor":29,"turns":3},{"damage":42,"enemies":"Gremlin Leader","floor":30,"turns":7}],"seed_played":"880510319040277338","potions_obtained":[{"floor":1.0,"key":"Poison Potion"},{"floor":8.0,"key":"Fire Potion"},{"floor":11.0,"key":"DuplicationPotion"},{"floor":23.0,"key":"Block Potion"},{"floor":24,"key":"ColorlessPotion"}],"is_trial":false,"path_per_floor":["M","?","?","$","M","R","M","E","T","R","E","M","E","M","R","B",null,"M","?","$","?","?","E","M","R","T","M","R","M","E"],"character_chosen":"THE_SILENT","items_purchased":["Noxious Fumes","OrangePellets"],"campfire_rested":4,"item_purchase_floors":[4,20],"current_hp_per_floor":[40,40,29,29,29,48,48,48,48,66,60,57,47,46,46,30,57,57,57,57,51,28,5,3,22,22,22,41,40,0,0],"gold":123,"neow_bonus":"RANDOM_COLORLESS_2","is_daily":false,"chose_seed":false,"campfire_upgraded":1,"win_rate":0.0,"timestamp":1612218411,"path_taken":["M","?","?","$","M","R","M","E","T","R","E","M","E","M","R","BOSS","M","?","$","?","?","E","M","R","T","M","R","M","E"],"items_purchased_type":["Card","Relic"],"build_version":"2020-12-22","purchased_purges":2,"victory":false,"max_hp_per_floor":[66,66,66,66,66,66,66,66,66,66,66,66,66,66,66,66,66,66,66,66,66,66,66,66,66,66,66,66,66,66,66],"relic_stats":{"OrangePellets":[5],"Torii":18,"counters":[16,80],"Blue Candle":[0],"Bronze Scales":[180],"Black Star":1,"obtain_stats":[{"Du-Vu Doll":23,"OrangePellets":20,"Lantern":8,"HornCleat":26,"Torii":13,"Blue Candle":9,"Bronze Scales":11,"Black Star":17,"Red Mask":22,"Toxic Egg 2":23,"Ring of the Snake":0},{"Du-Vu Doll":12,"OrangePellets":10,"Lantern":4,"HornCleat":13,"Torii":7,"Blue Candle":4,"Bronze Scales":5,"Black Star":9,"Red Mask":11,"Toxic Egg 2":12,"Ring of the Snake":0},{"Du-Vu Doll":62,"OrangePellets":51,"Lantern":19,"HornCleat":67,"Torii":38,"Blue Candle":19,"Bronze Scales":22,"Black Star":49,"Red Mask":54,"Toxic Egg 2":62,"Ring of the Snake":0}],"Ring of the Snake":[32]},"card_choices":[{"not_picked":["Secret Weapon","Thinking Ahead"],"picked":"Apotheosis","floor":0.0},{"not_picked":["Quick Slash","Sucker Punch"],"picked":"Heel Hook","floor":1.0},{"not_picked":["PiercingWail","Catalyst"],"picked":"Sucker Punch","floor":5.0},{"not_picked":["Poisoned Stab","Deadly Poison"],"picked":"Venomology","floor":7.0},{"not_picked":["Skewer","Poisoned Stab"],"picked":"Dodge and Roll","floor":8.0},{"not_picked":["Die Die Die","Dodge and Roll"],"picked":"Wraith Form v2","floor":11.0},{"not_picked":["Choke","Endless Agony"],"picked":"Caltrops","floor":12.0},{"not_picked":["Prepared","Outmaneuver","Underhanded Strike"],"picked":"SKIP","floor":13.0},{"not_picked":["Setup","Predator"],"picked":"Acrobatics","floor":14.0},{"not_picked":["Glass Knife","Grand Finale"],"picked":"Corpse Explosion","floor":16.0},{"not_picked":["Dagger Throw","Dodge and Roll"],"picked":"Deflect+1","floor":18.0},{"not_picked":["Acrobatics+1","Prepared+1"],"picked":"Calculated Gamble+1","floor":23.0},{"not_picked":["Sucker Punch","Underhanded Strike"],"picked":"Backflip+1","floor":24},{"not_picked":["Outmaneuver+1","Terror+1"],"picked":"Bouncing Flask+1","floor":27},{"not_picked":["Heel Hook","Masterful Stab","Backflip+1"],"picked":"SKIP","floor":29}],"player_experience":607594,"relics_obtained":[{"floor":8.0,"key":"Lantern"},{"floor":9.0,"key":"Blue Candle"},{"floor":11.0,"key":"Bronze Scales"},{"floor":13.0,"key":"Torii"},{"floor":22.0,"key":"Red Mask"},{"floor":23.0,"key":"Toxic Egg 2"},{"floor":23.0,"key":"Du-Vu Doll"},{"floor":26,"key":"HornCleat"}],"event_choices":[{"damage_healed":0.0,"max_hp_gain":0.0,"max_hp_loss":0.0,"gold_gain":0.0,"event_name":"Living Wall","player_choice":"Grow","floor":2.0,"gold_loss":0.0,"damage_taken":0.0,"cards_upgraded":["Apotheosis"]},{"damage_healed":0.0,"max_hp_gain":0.0,"max_hp_loss":0.0,"gold_gain":75.0,"event_name":"World of Goop","player_choice":"Gather Gold","floor":3.0,"gold_loss":0.0,"damage_taken":11.0},{"cards_removed":["Strike_G"],"damage_healed":0.0,"max_hp_gain":0.0,"max_hp_loss":0.0,"gold_gain":0.0,"event_name":"Beggar","player_choice":"Gave Gold","floor":19.0,"gold_loss":75.0,"damage_taken":0.0},{"damage_healed":0.0,"max_hp_gain":0.0,"max_hp_loss":0.0,"gold_gain":0.0,"event_name":"Nest","player_choice":"Joined the Cult","floor":21.0,"gold_loss":0.0,"damage_taken":6.0,"cards_obtained":["RitualDagger"]},{"damage_healed":0.0,"max_hp_gain":0.0,"max_hp_loss":0.0,"gold_gain":0.0,"event_name":"Masked Bandits","player_choice":"Fought Bandits","floor":22.0,"gold_loss":0.0,"damage_taken":0.0}],"is_beta":false,"boss_relics":[{"not_picked":["Sozu","Pandora\u0027s Box"],"picked":"Black Star"}],"items_purged_floors":[4,20],"is_endless":false,"potions_floor_spawned":[1,8,11,23,24],"killed_by":"Gremlin Leader","ascension_level":20}}