{"host":"sav7uxregyirlf69","time":1612183965,"event":{"mods":["AchievementEnabler","BaseMod","Colored Map","DeckTracker","Keyboard Shortcuts","Minty Spire (QoL Compilation)","READ ME - Guardian Mod","StSLib","SuperFastMode"],"gold_per_floor":[110,124,134,149,149,149,224,224,247,276,276,294,314,156,156,156,156],"floor_reached":16,"language":"KOR","playtime":250,"items_purged":["Strike_R"],"score":204,"play_id":"29462006-d75b-4e71-bf8d-80ef55060aea","local_time":"20210201215245","is_ascension_mode":true,"campfire_choices":[{"data":"Armaments","floor":6,"key":"SMITH"},{"floor":8,"key":"REST"},{"floor":11,"key":"REST"},{"data":"Whirlwind","floor":15,"key":"SMITH"}],"circlet_count":0,"master_deck":["AscendersBane","Strike_R","Strike_R","Strike_R","Strike_R","Defend_R","Defend_R","Defend_R","Defend_R","Bash","Body Slam","Armaments+1","Wild Strike","Shockwave","Second Wind","Shrug It Off","Whirlwind+1"],"relics":["Burning Blood","Happy Flower","Bag of Marbles","Nunchaku"],"acts_visited":["Exordium"],"potions_floor_usage":[13,16],"damage_taken":[{"damage":0,"enemies":"2 Louse","floor":1,"turns":3},{"damage":16,"enemies":"Jaw Worm","floor":2,"turns":4},{"damage":14,"enemies":"Small Slimes","floor":3,"turns":5},{"damage":24,"enemies":"2 Fungi Beasts","floor":4,"turns":5},{"damage":33,"enemies":"3 Sentries","floor":10,"turns":10},{"damage":7,"enemies":"Exordium Thugs","floor":12,"turns":5},{"damage":21,"enemies":"Gremlin Gang","floor":13,"turns":5},{"damage":28,"enemies":"Slime Boss","floor":16,"turns":6}],"seed_played":"2950525957265750441","potions_obtained":[{"floor":4,"key":"Weak Potion"},{"floor":12,"key":"SkillPotion"},{"floor":13,"key":"Block Potion"}],"is_trial":false,"path_per_floor":["M","M","M","M","?","R","?","R","T","E","R","M","M","$","R","B"],"character_chosen":"IRONCLAD","items_purchased":["Whirlwind"],"campfire_rested":2,"item_purchase_floors":[14],"current_hp_per_floor":[70,60,52,34,23,23,12,38,38,11,37,36,21,21,21,0,0],"gold":156,"neow_bonus":"TWENTY_PERCENT_HP_BONUS","is_daily":false,"chose_seed":false,"campfire_upgraded":2,"win_rate":0.0,"timestamp":1612183965,"path_taken":["M","M","M","M","?","R","?","R","T","E","R","M","M","$","R","BOSS"],"items_purchased_type":["Card"],"build_version":"2020-12-22","purchased_purges":1,"victory":false,"max_hp_per_floor":[89,89,89,89,89,89,89,89,89,89,89,89,89,89,89,89,89],"card_choices":[{"not_picked":["Havoc","Thunderclap"],"picked":"Body Slam","floor":1},{"not_picked":["Heavy Blade","Intimidate"],"picked":"Armaments","floor":2},{"not_picked":["Twin Strike","True Grit"],"picked":"Wild Strike","floor":3},{"not_picked":["Perfected Strike","Entrench"],"picked":"Shockwave","floor":4},{"not_picked":["Sword Boomerang","Corruption"],"picked":"Second Wind","floor":10},{"not_picked":["Armaments","Havoc","Whirlwind"],"picked":"SKIP","floor":12},{"not_picked":["Ghostly Armor","Sword Boomerang"],"picked":"Shrug It Off","floor":13}],"player_experience":1454251,"relics_obtained":[{"floor":9,"key":"Bag of Marbles"},{"floor":10,"key":"Nunchaku"}],"event_choices":[{"damage_healed":0,"gold_gain":0,"player_choice":"Success","damage_taken":11,"relics_obtained":["Happy Flower"],"max_hp_gain":0,"max_hp_loss":0,"event_name":"Scrap Ooze","floor":5,"gold_loss":0},{"damage_healed":0,"gold_gain":75,"player_choice":"Gather Gold","damage_taken":11,"max_hp_gain":0,"max_hp_loss":0,"event_name":"World of Goop","floor":7,"gold_loss":0}],"is_beta":false,"boss_relics":[],"items_purged_floors":[14],"is_endless":false,"potions_floor_spawned":[4,12,13],"killed_by":"Slime Boss","ascension_level":20}}