{"host":"cd25ms2o8pjhjp7m","time":1612170960,"event":{"mods":["Aspiration","BaseMod","Bestiary","Better Third Choice","BetterRewards","Conspire","Curses Come First","Friendly Minions","GifTheSpireLib","Hubris","Minty Spire (QoL Compilation)","Rare Cards Sparkle","Relic Stats","Reliquary","Replay The Spire","Robot Space Explorer","StSLib","The Poker Player","Uncapped","[IsaacMod]????","??????REMEMod"],"gold_per_floor":[116,27,40,5,5,5,25,25,106,139,159,159,179,179,179,279,279,289,303,66,79,79,112,112,153,153,153,153,153],"floor_reached":28,"language":"DEU","playtime":1475,"items_purged":["RobotSpaceExplorer:Strike","RobotSpaceExplorer:Strike"],"score":236,"play_id":"b60608f7-feba-499d-9827-1d3efb4a4be5","local_time":"20210201101600","is_ascension_mode":false,"campfire_choices":[{"data":"RobotSpaceExplorer:PowerCollector","floor":6,"key":"SMITH"},{"data":"RobotSpaceExplorer:Pulsar","floor":8,"key":"SMITH"},{"data":"RobotSpaceExplorer:ShockMissile","floor":12,"key":"SMITH"},{"data":"RobotSpaceExplorer:BigMissile","floor":15,"key":"SMITH"},{"data":"RobotSpaceExplorer:TrailblazerForm","floor":27,"key":"SMITH"}],"circlet_count":0,"master_deck":["RobotSpaceExplorer:Strike+1","RobotSpaceExplorer:Defend+1","RobotSpaceExplorer:Defend+1","RobotSpaceExplorer:Defend+1","RobotSpaceExplorer:Defend+1","RobotSpaceExplorer:Scan","RobotSpaceExplorer:MiniLasers","DoctorFetus","REME_BodyOfCthun","RobotSpaceExplorer:ShockMissile+1","RobotSpaceExplorer:SlimeMissile","RobotSpaceExplorer:PowerCollector+1","RobotSpaceExplorer:Pulsar+1","RobotSpaceExplorer:SurgingStrike","RobotSpaceExplorer:FrostMissile","RobotSpaceExplorer:ScrapMissile","RobotSpaceExplorer:Pulsar","RobotSpaceExplorer:GearShield","RobotSpaceExplorer:BigMissile+1","RobotSpaceExplorer:TrailblazerForm+1","RobotSpaceExplorer:Arsenal","RobotSpaceExplorer:TrailblazerForm","RobotSpaceExplorer:Comet","RobotSpaceExplorer:Reload","Magnetism","RobotSpaceExplorer:IronShell+1","RobotSpaceExplorer:Autoloader+1"],"relics":["RobotSpaceExplorer:RoboCore","REME_ComplimentaryCards","HushsDoor","YumHeart","aspiration:StickyExplosives_weak","reliquary:SharkskinSheath","Odd Mushroom","aspiration:SeaSaltIceCream","Replay:Ringing Soul","aspiration:PoetsPen_weak","GuppysCollar","GuppysHead","The Courier","Singing Bowl"],"acts_visited":["Exordium","TheCity"],"potions_floor_usage":[11,13,25],"damage_taken":[{"damage":0,"enemies":"conspire:RoseBush","floor":1,"turns":4},{"damage":3,"enemies":"Small Slimes","floor":3,"turns":3},{"damage":2,"enemies":"2 Louse","floor":7,"turns":3},{"damage":6,"enemies":"Gremlin Nob","floor":10,"turns":4},{"damage":4,"enemies":"The Mushroom Lair","floor":11,"turns":3},{"damage":3,"enemies":"Exordium Thugs","floor":13,"turns":5},{"damage":8,"enemies":"Hexaghost","floor":16,"turns":10},{"damage":0,"enemies":"Chosen","floor":18,"turns":3},{"damage":0,"enemies":"Spheric Guardian","floor":19,"turns":3},{"damage":6,"enemies":"Snecko","floor":21,"turns":4},{"damage":8,"enemies":"conspire:Head Lice","floor":23,"turns":9},{"damage":11,"enemies":"Centurion and Healer","floor":25,"turns":8},{"damage":2,"enemies":"3 Cultists","floor":28,"turns":4}],"seed_played":"7053984613535602558","potions_obtained":[{"floor":3,"key":"Explosive Potion"},{"floor":11,"key":"SkillPotion"},{"floor":16,"key":"RobotSpaceExplorer:RecyclePotion"},{"floor":18,"key":"REME_GoldPotion"},{"floor":23,"key":"Dexterity Potion"}],"is_trial":false,"path_per_floor":["M","$","M","?","?","R","M","R","T","E","?","R","M","T","R","B",null,"M","M","$","M","?","E","?","M","T","R","M"],"character_chosen":"RobotSpaceExplorer","items_purchased":["RobotSpaceExplorer:PowerCollector","RobotSpaceExplorer:Pulsar","RobotSpaceExplorer:Arsenal","RobotSpaceExplorer:TrailblazerForm","RobotSpaceExplorer:Comet","GuppysCollar","GuppysHead","Magnetism"],"campfire_rested":0,"item_purchase_floors":[2,2,17,17,17,17,17,20],"current_hp_per_floor":[54,54,51,69,69,69,67,67,67,61,57,57,54,54,54,73,42,45,45,48,45,45,54,54,43,43,43,0,0],"gold":153,"neow_bonus":"THREE_RARE_CARDS","is_daily":false,"chose_seed":false,"campfire_upgraded":5,"win_rate":0.0,"timestamp":1612170960,"path_taken":["M","$","M","?","?","R","M","R","T","E","?","R","?","?","R","BOSS","M","M","$","M","?","E","?","M","T","R","M"],"items_purchased_type":["Card","Card","Card","Card","Card","Relic","Relic","Card"],"build_version":"2020-12-22","purchased_purges":2,"victory":false,"max_hp_per_floor":[75,75,75,75,75,75,75,75,75,75,75,75,75,75,75,78,42,45,45,48,51,51,54,54,54,54,54,54,54],"relic_stats":{"Singing Bowl":0,"counters":[13,63],"obtain_stats":[{"KeepersGift":0,"Damocles":23,"Singing Bowl":26,"RobotSpaceExplorer:RoboCore":0,"aspiration:PoetsPen_weak":17,"The Courier":25,"aspiration:SeaSaltIceCream":14,"Odd Mushroom":11,"aspiration:StickyExplosives_weak":9,"Replay:Ringing Soul":14,"YumHeart":1,"GuppysHead":17,"HushsDoor":0,"GuppysCollar":17,"REME_ComplimentaryCards":0,"reliquary:SharkskinSheath":10},{"KeepersGift":0,"Damocles":11,"Singing Bowl":12,"RobotSpaceExplorer:RoboCore":0,"aspiration:PoetsPen_weak":7,"The Courier":12,"aspiration:SeaSaltIceCream":6,"Odd Mushroom":5,"aspiration:StickyExplosives_weak":3,"Replay:Ringing Soul":6,"YumHeart":1,"GuppysHead":7,"HushsDoor":0,"GuppysCollar":7,"REME_ComplimentaryCards":0,"reliquary:SharkskinSheath":4},{"KeepersGift":0,"Damocles":51,"Singing Bowl":59,"RobotSpaceExplorer:RoboCore":0,"aspiration:PoetsPen_weak":32,"The Courier":59,"aspiration:SeaSaltIceCream":22,"Odd Mushroom":17,"aspiration:StickyExplosives_weak":10,"Replay:Ringing Soul":22,"YumHeart":1,"GuppysHead":32,"HushsDoor":0,"GuppysCollar":32,"REME_ComplimentaryCards":0,"reliquary:SharkskinSheath":14}]},"card_choices":[{"not_picked":[],"picked":"DoctorFetus","floor":0},{"not_picked":["RobotSpaceExplorer:HighVoltage","RobotSpaceExplorer:Blaster"],"picked":"RobotSpaceExplorer:ShockMissile","floor":0},{"not_picked":["RobotSpaceExplorer:DoubleBlock","RobotSpaceExplorer:SwiftStep"],"picked":"RobotSpaceExplorer:SlimeMissile","floor":1},{"not_picked":["RobotSpaceExplorer:ImprovisedAttack","RobotSpaceExplorer:SwiftStep"],"picked":"RobotSpaceExplorer:SurgingStrike","floor":3},{"not_picked":["RobotSpaceExplorer:GlueSpray","RobotSpaceExplorer:ShovelStrike"],"picked":"RobotSpaceExplorer:ScrapMissile","floor":7},{"not_picked":["RobotSpaceExplorer:ShovelStrike","RobotSpaceExplorer:FreezeRay"],"picked":"RobotSpaceExplorer:Pulsar","floor":10},{"not_picked":["RobotSpaceExplorer:RigExplosive","RobotSpaceExplorer:Ammunition"],"picked":"RobotSpaceExplorer:GearShield","floor":11},{"not_picked":["RobotSpaceExplorer:MiniDrones","RobotSpaceExplorer:Reload"],"picked":"RobotSpaceExplorer:BigMissile","floor":13},{"not_picked":["RobotSpaceExplorer:Exploration","RobotSpaceExplorer:Comet"],"picked":"RobotSpaceExplorer:TrailblazerForm","floor":16},{"not_picked":["RobotSpaceExplorer:Ammunition+1","RobotSpaceExplorer:FranticSearch"],"picked":"RobotSpaceExplorer:Reload","floor":18},{"not_picked":["RobotSpaceExplorer:PowerGlove","RobotSpaceExplorer:ImprovisedAttack","RobotSpaceExplorer:Calculate"],"picked":"SKIP","floor":19},{"not_picked":["RobotSpaceExplorer:Calculate","RobotSpaceExplorer:Probe"],"picked":"RobotSpaceExplorer:IronShell+1","floor":21},{"not_picked":["RobotSpaceExplorer:FranticSearch","RobotSpaceExplorer:FrostMissile+1"],"picked":"RobotSpaceExplorer:Autoloader","floor":23},{"not_picked":["RobotSpaceExplorer:FranticSearch+1","RobotSpaceExplorer:Ammunition","RobotSpaceExplorer:ShockKick"],"picked":"SKIP","floor":25}],"player_experience":448361,"relics_obtained":[{"floor":9,"key":"aspiration:StickyExplosives_weak"},{"floor":10,"key":"reliquary:SharkskinSheath"},{"floor":11,"key":"Odd Mushroom"},{"floor":14,"key":"aspiration:SeaSaltIceCream"},{"floor":23,"key":"Damocles"},{"floor":25,"key":"The Courier"},{"floor":26,"key":"Singing Bowl"}],"event_choices":[{"damage_healed":18,"gold_gain":0,"player_choice":"Healed","damage_taken":0,"max_hp_gain":0,"max_hp_loss":0,"event_name":"The Cleric","floor":4,"gold_loss":35},{"damage_healed":0,"gold_gain":0,"cards_transformed":["RobotSpaceExplorer:Strike"],"player_choice":"Transformed","damage_taken":0,"max_hp_gain":0,"max_hp_loss":0,"event_name":"Transmorgrifier","floor":5,"gold_loss":0,"cards_obtained":["RobotSpaceExplorer:FrostMissile"]},{"damage_healed":0,"gold_gain":0,"player_choice":"Fought Mushrooms","damage_taken":0,"max_hp_gain":0,"max_hp_loss":0,"event_name":"Mushrooms","floor":11,"gold_loss":0},{"damage_healed":0,"gold_gain":0,"player_choice":"Simplicity","damage_taken":0,"max_hp_gain":0,"max_hp_loss":5,"event_name":"betterThird:BetterWriting","floor":22,"gold_loss":0},{"damage_healed":0,"gold_gain":0,"player_choice":"Upgraded","damage_taken":0,"max_hp_gain":0,"max_hp_loss":0,"event_name":"Upgrade Shrine","floor":24,"gold_loss":0,"cards_upgraded":["RobotSpaceExplorer:Autoloader"]}],"is_beta":false,"boss_relics":[{"not_picked":["Velvet Choker","hubris:TerracottaHorce"],"picked":"aspiration:PoetsPen_weak"},{"not_picked":[]}],"items_purged_floors":[17,20],"is_endless":false,"potions_floor_spawned":[3,11,16,18,23],"killed_by":"3 Cultists","ascension_level":0}}