{"host":"qjy62f5erwny7xxh","time":1612216438,"event":{"mods":["2.2 Compatiblity","AchievementEnabler","BaseMod","Colored Powertips","Curses Come First","DeckTracker","Downfall","Minty Spire (QoL Compilation)","StSLib"],"gold_per_floor":[99,118,131,146,56,73,73,86,103,103,103,114,124,150,165,165,165,165],"floor_reached":16,"language":"ENG","playtime":1081,"items_purged":["Decay"],"score":108,"play_id":"4aa98cc1-2efa-4dab-8ad8-934078645eb2","local_time":"20210201215358","is_ascension_mode":false,"campfire_choices":[{"data":"champ:GladiatorForm","floor":1,"key":"SMITH"},{"floor":11,"key":"REST"}],"circlet_count":0,"master_deck":["champ:Strike","champ:Strike","champ:Strike","champ:Strike","champ:Defend","champ:Defend","champ:Defend","champ:Defend","champ:Execute","champ:Taunt","champ:GladiatorForm+1","champ:PerfectedStrike","champ:StanceDance","champ:PerfectedStrike","champ:ShieldSigil","champ:Backstep","champ:FocusedBerserking","champ:EnGarde","Parasite","champ:DeathBlow","champ:ShieldSigil","champ:ShieldSigil","champ:FancyFootwork"],"relics":["champ:ChampionCrown","Mummified Hand","InkBottle"],"acts_visited":["Exordium"],"potions_floor_usage":[5,14,14,16],"damage_taken":[{"damage":18,"enemies":"Cultist","floor":2,"turns":5},{"damage":11,"enemies":"2 Louse","floor":3,"turns":2},{"damage":10,"enemies":"Jaw Worm","floor":4,"turns":2},{"damage":5,"enemies":"downfall:FleeingMerchant","floor":5,"turns":4},{"damage":54,"enemies":"Lots of Slimes","floor":6,"turns":6},{"damage":10,"enemies":"Exordium Wildlife","floor":8,"turns":4},{"damage":16,"enemies":"Blue Slaver","floor":9,"turns":3},{"damage":18,"enemies":"3 Louse","floor":12,"turns":4},{"damage":36,"enemies":"Exordium Thugs","floor":13,"turns":3},{"damage":78,"enemies":"Gremlin Nob","floor":14,"turns":5},{"damage":23,"enemies":"Lots of Slimes","floor":15,"turns":3},{"damage":43,"enemies":"DF_ARCHETYPE_STREAMLINE","floor":16,"turns":3}],"seed_played":"4290858860542266779","potions_obtained":[{"floor":3,"key":"FearPotion"},{"floor":6,"key":"Energy Potion"},{"floor":9,"key":"Guardian:BlockOnCardUsePotion"},{"floor":15,"key":"Swift Potion"}],"is_trial":false,"path_per_floor":["R","M","M","M","$","M","T","M","M","?","R","M","M","E","M","B"],"character_chosen":"THE_CHAMP","items_purchased":[],"campfire_rested":1,"item_purchase_floors":[],"current_hp_per_floor":[90,87,76,66,61,37,37,37,26,48,75,72,66,28,15,0,0,0],"gold":165,"neow_bonus":"THREE_RARE_CARDS","is_daily":false,"chose_seed":false,"campfire_upgraded":1,"win_rate":0.0,"timestamp":1612216438,"path_taken":["R","M","M","?","$","M","T","M","M","?","R","M","M","E","M","BOSS"],"items_purchased_type":[],"build_version":"2020-12-22","purchased_purges":1,"victory":false,"max_hp_per_floor":[90,90,90,90,90,90,90,90,90,90,90,90,90,90,90,90,90,90],"card_choices":[{"not_picked":["champ:MurderStrike","champ:Improvising"],"picked":"champ:GladiatorForm","floor":0},{"not_picked":["champ:BladeFlurry","champ:Lariat"],"picked":"champ:PerfectedStrike","floor":2},{"not_picked":["champ:GutPunch","champ:Haymaker"],"picked":"champ:StanceDance","floor":3},{"not_picked":["champ:ViciousMockery","champ:BladeFlurry"],"picked":"champ:PerfectedStrike","floor":4},{"not_picked":["champ:ViciousMockery","champ:Encircle"],"picked":"champ:ShieldSigil","floor":5},{"not_picked":["champ:Shatter","champ:Parry"],"picked":"champ:Backstep","floor":6},{"not_picked":["champ:HeavySlash","champ:BerserkersShout"],"picked":"champ:FocusedBerserking","floor":8},{"not_picked":["champ:ViciousMockery","champ:GutPunch"],"picked":"champ:EnGarde","floor":9},{"not_picked":["champ:Circumvent","champ:BerserkersShout"],"picked":"champ:DeathBlow","floor":12},{"not_picked":["champ:CrookedStrike","champ:ViciousMockery"],"picked":"champ:ShieldSigil","floor":13},{"not_picked":["champ:AdrenalArmor","champ:PreciseThrust"],"picked":"champ:ShieldSigil","floor":14},{"not_picked":["champ:TornadoPunch","champ:BerserkersShout"],"picked":"champ:FancyFootwork","floor":15}],"player_experience":1137303,"relics_obtained":[{"floor":7,"key":"Mummified Hand"},{"floor":14,"key":"InkBottle"}],"event_choices":[{"damage_healed":22,"gold_gain":0,"player_choice":"Healed and dodged fight","damage_taken":0,"max_hp_gain":0,"max_hp_loss":0,"event_name":"Mushrooms","floor":10,"gold_loss":0,"cards_obtained":["Parasite"]}],"is_beta":false,"boss_relics":[],"items_purged_floors":[5],"is_endless":false,"potions_floor_spawned":[3,6,9,15],"killed_by":"DF_ARCHETYPE_STREAMLINE","ascension_level":0}}