{"host":"7ttbe3gzet1mthv0","time":1612176803,"event":{"mods":["AchievementEnabler","BaseMod","Bestiary","Better Match","Better Note","Better Sensory Stone","Better Third Choice","BetterRewards","CapriCore","Colored Map","Colored Powertips","Custom Start","Downfall","Fox Events","Hermit","Highlight Path","Infinite Spire","Jorbs\u0027s Wanderer Trilogy","Luminous","Marisa????????","Minty Spire (QoL Compilation)","Rare Cards Sparkle","Relic Stats","Spicy Shops","StSLib","The Alterego","The Bug Knight","The Cursed","The Hierophant","The Marked","Wandering Minibosses"],"gold_per_floor":[99,110,122,141,50,50,50,61,61,91,105,5,39,139,155,155,155,155],"floor_reached":16,"language":"SPA","playtime":1626,"items_purged":[],"score":112,"play_id":"604cef36-e6fc-44be-9408-ae68ded9b7aa","local_time":"20210201115323","is_ascension_mode":false,"campfire_choices":[{"floor":1,"key":"RECALL"},{"data":"champ:Lariat","floor":6,"key":"SMITH"},{"data":"champ:Taunt","floor":9,"key":"SMITH"},{"data":"champ:CheapShot","floor":12,"key":"SMITH"}],"circlet_count":0,"master_deck":["champ:Strike","champ:Strike","champ:Strike","champ:Strike","champ:Defend","champ:Defend","champ:Defend","champ:Defend","champ:Execute","champ:Taunt+1","champ:StanceDance","champ:Endure","champ:HeartStrike","champ:RecklessLeap","champ:Lariat+1","champ:IgnorePain","champ:CheapShot+1","champ:ShieldSlam","champ:UltimateStance","champ:AdrenalArmor"],"relics":["champ:ChampionCrown","Gambling Chip","downfall:HeartBlessingRed","infinitespire:Beetle Shell"],"acts_visited":["Exordium"],"potions_floor_usage":[10,10],"damage_taken":[{"damage":24,"enemies":"Cultist","floor":2,"turns":4},{"damage":10,"enemies":"2 Louse","floor":3,"turns":2},{"damage":16,"enemies":"Small Slimes","floor":4,"turns":3},{"damage":20,"enemies":"downfall:FleeingMerchant","floor":5,"turns":4},{"damage":10,"enemies":"3 Louse","floor":8,"turns":4},{"damage":40,"enemies":"Gremlin Nob","floor":10,"turns":4},{"damage":45,"enemies":"Large Slime","floor":11,"turns":6},{"damage":80,"enemies":"3 Sentries","floor":13,"turns":13},{"damage":50,"enemies":"2 Fungi Beasts","floor":15,"turns":4},{"damage":130,"enemies":"SI_SHIV_ARCHETYPE","floor":16,"turns":8}],"seed_played":"7697710344442217857","potions_obtained":[{"floor":3,"key":"FearPotion"},{"floor":8,"key":"hexamod:SoulburnPotion"},{"floor":10,"key":"SpeedPotion"},{"floor":11,"key":"SteroidPotion"}],"is_trial":false,"path_per_floor":["R","M","M","M","$","R","T","M","R","E","M","R","E","?","M","B"],"character_chosen":"THE_CHAMP","items_purchased":["champ:Lariat"],"campfire_rested":0,"item_purchase_floors":[5],"current_hp_per_floor":[99,95,95,94,94,94,94,94,94,79,79,79,54,54,54,0,0,0],"gold":155,"neow_bonus":"TEN_PERCENT_HP_BONUS","is_daily":false,"chose_seed":false,"campfire_upgraded":3,"win_rate":0.0,"timestamp":1612176803,"path_taken":["R","M","M","M","$","R","T","M","R","E","M","R","E","?","M","BOSS"],"items_purchased_type":["Card"],"build_version":"2020-12-22","purchased_purges":0,"victory":false,"max_hp_per_floor":[99,99,99,99,99,99,99,99,99,99,99,99,99,99,99,99,99,99],"relic_stats":{"counters":[10,52],"Gambling Chip":[7],"obtain_stats":[{"downfall:HeartBlessingRed":12,"Gambling Chip":10,"champ:ChampionCrown":0,"infinitespire:Beetle Shell":13},{"downfall:HeartBlessingRed":7,"Gambling Chip":6,"champ:ChampionCrown":0,"infinitespire:Beetle Shell":8},{"downfall:HeartBlessingRed":27,"Gambling Chip":21,"champ:ChampionCrown":0,"infinitespire:Beetle Shell":40}]},"card_choices":[{"not_picked":["champ:Haymaker","champ:FlashCut"],"picked":"champ:StanceDance","floor":2},{"not_picked":["champ:BladeFlurry","champ:TornadoPunch"],"picked":"champ:Endure","floor":3},{"not_picked":["champ:PerfectedStrike","champ:Haymaker"],"picked":"champ:HeartStrike","floor":4},{"not_picked":["champ:BringItOn","champ:AdrenalArmor"],"picked":"champ:RecklessLeap","floor":5},{"not_picked":["champ:StanceDance","champ:CalledShot"],"picked":"champ:IgnorePain","floor":8},{"not_picked":["champ:BladeFlurry","champ:FancyFootwork"],"picked":"champ:CheapShot","floor":10},{"not_picked":["champ:EnGarde","champ:Circumvent"],"picked":"champ:ShieldSlam","floor":11},{"not_picked":["champ:Backstep","champ:BladeFlurry"],"picked":"champ:UltimateStance","floor":13},{"not_picked":["champ:Backstep","champ:DefensiveShout"],"picked":"champ:AdrenalArmor","floor":15}],"player_experience":50249,"relics_obtained":[{"floor":10,"key":"Gambling Chip"},{"floor":13,"key":"infinitespire:Beetle Shell"}],"event_choices":[],"is_beta":false,"boss_relics":[],"items_purged_floors":[],"is_endless":false,"potions_floor_spawned":[3,8,10,11],"killed_by":"SI_SHIV_ARCHETYPE","ascension_level":0}}