{"host":"2brg86hfzr3u5cix","time":1612171738,"event":{"mods":["AchievementEnabler","Ascension Unlocker","BaseMod","CapriCore","DeckTracker","Highlight Path","Keyboard Shortcuts","Minty Spire (QoL Compilation)","Permanent Neow","Relic Stats","StSLib","Twitch Utils","Uncapped","UnlockEverythingMod"],"gold_per_floor":[114,39,10,10,25,52,52,81,81,99,99,113,113,130,130,204,204,224,243,243,262,262,262],"floor_reached":22,"language":"KOR","playtime":672,"items_purged":[],"score":442,"play_id":"6fae18e7-44f2-4d66-830d-d9a2857aa002","local_time":"20210201182858","is_ascension_mode":true,"campfire_choices":[{"data":"Adaptation","floor":7.0,"key":"SMITH"},{"data":"DevaForm","floor":13.0,"key":"SMITH"},{"floor":15,"key":"REST"}],"circlet_count":0,"master_deck":["AscendersBane","Strike_P","Strike_P","Defend_P","Defend_P","Eruption+1","Vigilance","Adaptation+1","Protect","Tantrum","EmptyMind","DevaForm+1","ClearTheMind","EmptyFist","EmptyBody","Vault","Judgement+1","Establishment+1","SashWhip+1","Crescendo","Indignation"],"relics":["PureWater","NeowsBlessing","Pantograph","The Courier","Toy Ornithopter","Astrolabe","MealTicket"],"acts_visited":["Exordium","TheCity"],"potions_floor_usage":[16,22],"damage_taken":[{"damage":0.0,"enemies":"Jaw Worm","floor":1.0,"turns":1.0},{"damage":0.0,"enemies":"Cultist","floor":5.0,"turns":1.0},{"damage":0.0,"enemies":"Lagavulin","floor":6.0,"turns":1.0},{"damage":22.0,"enemies":"Gremlin Nob","floor":8.0,"turns":3.0},{"damage":0.0,"enemies":"Small Slimes","floor":10.0,"turns":2.0},{"damage":10.0,"enemies":"Red Slaver","floor":12.0,"turns":3.0},{"damage":20,"enemies":"Gremlin Gang","floor":14,"turns":3},{"damage":37,"enemies":"The Guardian","floor":16,"turns":9},{"damage":0,"enemies":"Spheric Guardian","floor":18,"turns":2},{"damage":23,"enemies":"Chosen","floor":19,"turns":6},{"damage":24,"enemies":"Snecko","floor":21,"turns":6},{"damage":9,"enemies":"Masked Bandits","floor":22,"turns":2}],"seed_played":"-4134897908987705392","potions_obtained":[{"floor":1.0,"key":"Regen Potion"},{"floor":8.0,"key":"Explosive Potion"},{"floor":10.0,"key":"SpeedPotion"},{"floor":14,"key":"Weak Potion"},{"floor":18,"key":"BottledMiracle"}],"is_trial":false,"path_per_floor":["M","?","$","?","M","E","R","E","T","M","?","M","R","M","R","B",null,"M","M","T","M","?"],"character_chosen":"WATCHER","items_purchased":["Protect"],"campfire_rested":1,"item_purchase_floors":[3],"current_hp_per_floor":[61,61,61,61,61,61,61,39,39,39,39,43,43,23,43,36,60,60,37,37,13,9,9],"gold":262,"neow_bonus":"THREE_ENEMY_KILL","is_daily":false,"chose_seed":false,"campfire_upgraded":2,"win_rate":0.0,"timestamp":1612171738,"path_taken":["M","?","$","?","?","E","R","E","T","M","?","?","R","M","R","BOSS","M","?","?","M","?"],"items_purchased_type":["Card"],"build_version":"2020-12-22","purchased_purges":0,"victory":false,"max_hp_per_floor":[68,68,68,68,68,68,68,68,68,68,68,68,68,68,68,68,68,68,68,68,68,68,68],"relic_stats":{"counters":[12,39],"Pantograph":25,"Astrolabe":["Judgement","Establishment","SashWhip"],"MealTicket":0,"obtain_stats":[{"NeowsBlessing":0,"Pantograph":6,"Astrolabe":17,"MealTicket":20,"The Courier":8,"PureWater":0,"Toy Ornithopter":11},{"NeowsBlessing":0,"Pantograph":3,"Astrolabe":8,"MealTicket":10,"The Courier":4,"PureWater":0,"Toy Ornithopter":5},{"NeowsBlessing":0,"Pantograph":3,"Astrolabe":23,"MealTicket":31,"The Courier":6,"PureWater":0,"Toy Ornithopter":8}],"Toy Ornithopter":15},"card_choices":[{"not_picked":["WreathOfFlame","FollowUp"],"picked":"Adaptation","floor":1.0},{"not_picked":["Study","FollowUp"],"picked":"Tantrum","floor":5.0},{"not_picked":["Crescendo","Consecrate"],"picked":"EmptyMind","floor":6.0},{"not_picked":["CutThroughFate","Consecrate"],"picked":"DevaForm","floor":8.0},{"not_picked":["WheelKick","Fasting2"],"picked":"ClearTheMind","floor":10.0},{"not_picked":["CutThroughFate","Nirvana"],"picked":"EmptyFist","floor":12.0},{"not_picked":["Evaluate","Perseverance"],"picked":"EmptyBody","floor":14},{"not_picked":["DevaForm","Devotion"],"picked":"Vault","floor":16},{"not_picked":["JustLucky","Meditate","Crescendo"],"picked":"SKIP","floor":18},{"not_picked":["JustLucky","Meditate"],"picked":"Crescendo","floor":18},{"not_picked":["FlurryOfBlows","Evaluate"],"picked":"Indignation","floor":19},{"not_picked":["Crescendo","CarveReality","EmptyFist"],"picked":"SKIP","floor":21}],"player_experience":348439,"relics_obtained":[{"floor":6.0,"key":"Pantograph"},{"floor":8.0,"key":"The Courier"},{"floor":20,"key":"MealTicket"}],"event_choices":[{"cards_removed":["Defend_P"],"damage_healed":0.0,"max_hp_gain":0.0,"max_hp_loss":0.0,"gold_gain":0.0,"event_name":"The Cleric","player_choice":"Card Removal","floor":2.0,"gold_loss":75.0,"damage_taken":0.0},{"damage_healed":0.0,"max_hp_gain":0.0,"max_hp_loss":0.0,"gold_gain":0.0,"event_name":"Upgrade Shrine","player_choice":"Upgraded","floor":4.0,"gold_loss":0.0,"damage_taken":0.0,"cards_upgraded":["Eruption"]},{"damage_healed":0.0,"max_hp_gain":0.0,"max_hp_loss":0.0,"gold_gain":0.0,"event_name":"WeMeetAgain","player_choice":"Gave Potion","floor":11.0,"gold_loss":0.0,"damage_taken":0.0,"relics_obtained":["Toy Ornithopter"]},{"damage_healed":0,"gold_gain":0,"player_choice":"Fought Bandits","damage_taken":0,"max_hp_gain":0,"max_hp_loss":0,"event_name":"Masked Bandits","floor":22,"gold_loss":0}],"is_beta":false,"boss_relics":[{"not_picked":["Philosopher\u0027s Stone","Ectoplasm"],"picked":"Astrolabe"}],"items_purged_floors":[],"is_endless":false,"potions_floor_spawned":[1,8,10,14,18],"killed_by":"Masked Bandits","ascension_level":20}}