{"host":"gzk4gkgy3zij1c51","time":1612186536,"event":{"mods":["BaseMod","Colored Map","Downfall","Highlight Path","Marked Mod","Minty Spire (QoL Compilation)","Relic Stats","StSLib","everything is the same but u backflip on backflip"],"gold_per_floor":[115,115,126,226,245,245,271,289,289,299,334,350,365,400,400,496,496,506,105,30,56,56,87,97,97,145,170,42,42,72,96,108,120,120],"floor_reached":33,"language":"ENG","playtime":2342,"items_purged":["Strike_R"],"score":439,"play_id":"cb2b0835-8644-40da-a70e-0ceb15fe859c","local_time":"20210201133536","is_ascension_mode":true,"campfire_choices":[{"data":"True Grit","floor":6.0,"key":"SMITH"},{"data":"Armaments","floor":15.0,"key":"SMITH"},{"data":"Armaments","floor":25.0,"key":"SMITH"},{"data":"Berserk","floor":29,"key":"SMITH"},{"data":"Rampage","floor":32,"key":"SMITH"}],"circlet_count":0,"master_deck":["Strike_R+1","Strike_R","Strike_R+1","Defend_R","Defend_R","Defend_R","Defend_R","Bash","Demon Form","Iron Wave+1","True Grit+1","Sword Boomerang","Sentinel","Spot Weakness","Armaments+1","Ghostly Armor","Dual Wield","Metallicize","Reaper","Berserk+1","Searing Blow","Fire Breathing","Armaments+1","Rampage+1","Wild Strike","Flex","Shrug It Off+1","Pummel"],"relics":["Burning Blood","Bottled Lightning","TungstenRod","Bag of Preparation","Black Star","Membership Card","bronze:DecasWashers","Centennial Puzzle","Enchiridion","Matryoshka","Whetstone","Potion Belt","Omamori","WingedGreaves","Ice Cream","Brimstone","MawBank","bronze:BronzeIdol"],"acts_visited":["Exordium","TheCity"],"potions_floor_usage":[27,27],"damage_taken":[{"damage":4.0,"enemies":"Jaw Worm","floor":1.0,"turns":4.0},{"damage":16.0,"enemies":"2 Louse","floor":3.0,"turns":3.0},{"damage":1.0,"enemies":"Cultist","floor":5.0,"turns":4.0},{"damage":34.0,"enemies":"3 Sentries","floor":7.0,"turns":8.0},{"damage":5.0,"enemies":"Red Slaver","floor":8.0,"turns":4.0},{"damage":13.0,"enemies":"Exordium Wildlife","floor":10.0,"turns":5.0},{"damage":23.0,"enemies":"Gremlin Nob","floor":11.0,"turns":4.0},{"damage":0.0,"enemies":"2 Fungi Beasts","floor":12.0,"turns":3.0},{"damage":6.0,"enemies":"3 Louse","floor":13.0,"turns":5.0},{"damage":10.0,"enemies":"Lagavulin","floor":14.0,"turns":8.0},{"damage":18.0,"enemies":"The Guardian","floor":16.0,"turns":14.0},{"damage":32.0,"enemies":"3 Byrds","floor":18.0,"turns":7.0},{"damage":57.0,"enemies":"Gremlin Leader","floor":23.0,"turns":7.0},{"damage":18.0,"enemies":"Chosen","floor":24.0,"turns":6.0},{"damage":38,"enemies":"Book of Stabbing","floor":27,"turns":5},{"damage":43,"enemies":"Gremlin Leader","floor":30,"turns":6},{"damage":7,"enemies":"Centurion and Healer","floor":31,"turns":5},{"damage":75,"enemies":"Collector","floor":33,"turns":7}],"seed_played":"-2620954474878887305","potions_obtained":[{"floor":3.0,"key":"EntropicBrew"},{"floor":8.0,"key":"PowerPotion"},{"floor":12.0,"key":"LiquidBronze"},{"floor":13.0,"key":"SkillPotion"},{"floor":16.0,"key":"BloodPotion"},{"floor":18.0,"key":"Strength Potion"},{"floor":24.0,"key":"PowerPotion"}],"is_trial":false,"path_per_floor":["M","?","M","?","M","R","E","M","T","M","E","M","M","E","R","B",null,"M","$","?","T","?","E","M","R","T","E","$","R","E","M","R","B"],"character_chosen":"IRONCLAD","items_purchased":["Membership Card","Fire Breathing","Armaments","Rampage","bronze:DecasWashers","Brimstone","FairyPotion"],"campfire_rested":0,"item_purchase_floors":[19,19,19,19,19,28,28],"current_hp_per_floor":[74,74,64,64,69,69,57,58,58,51,34,40,40,36,36,60,75,61,61,61,61,49,37,25,25,25,9,9,9,34,49,49,0,0],"gold":120,"neow_bonus":"ONE_RANDOM_RARE_CARD","is_daily":false,"chose_seed":false,"campfire_upgraded":5,"win_rate":0.0,"timestamp":1612186536,"path_taken":["M","?","M","?","M","R","E","M","T","?","E","M","M","E","R","BOSS","M","$","?","?","?","E","M","R","T","E","$","R","E","M","R","BOSS"],"items_purchased_type":["Relic","Card","Card","Card","Relic","Relic","Potion"],"build_version":"2020-12-22","purchased_purges":1,"victory":false,"max_hp_per_floor":[80,80,80,80,80,80,80,80,80,80,80,80,80,80,80,80,80,80,80,80,80,80,80,80,80,80,80,80,80,80,80,80,80,80],"relic_stats":{"Centennial Puzzle":[18],"counters":[18,105],"Bag of Preparation":[16],"Black Star":3,"Whetstone":["Strike_R","Strike_R"],"MawBank":36,"obtain_stats":[{"Potion Belt":26,"Ice Cream":27,"bronze:DecasWashers":19,"Enchiridion":22,"Bag of Preparation":14,"Omamori":26,"Whetstone":23,"MawBank":30,"Burning Blood":0,"bronze:BronzeIdol":30,"Centennial Puzzle":21,"Matryoshka":23,"Brimstone":28,"WingedGreaves":27,"Black Star":17,"Bottled Lightning":7,"Membership Card":19,"TungstenRod":11},{"Potion Belt":14,"Ice Cream":15,"bronze:DecasWashers":12,"Enchiridion":12,"Bag of Preparation":10,"Omamori":14,"Whetstone":13,"MawBank":16,"Burning Blood":0,"bronze:BronzeIdol":16,"Centennial Puzzle":12,"Matryoshka":13,"Brimstone":15,"WingedGreaves":15,"Black Star":11,"Bottled Lightning":4,"Membership Card":12,"TungstenRod":7},{"Potion Belt":82,"Ice Cream":87,"bronze:DecasWashers":69,"Enchiridion":69,"Bag of Preparation":48,"Omamori":82,"Whetstone":76,"MawBank":93,"Burning Blood":0,"bronze:BronzeIdol":93,"Centennial Puzzle":69,"Matryoshka":76,"Brimstone":87,"WingedGreaves":87,"Black Star":62,"Bottled Lightning":19,"Membership Card":69,"TungstenRod":32}],"Burning Blood":102,"TungstenRod":49},"card_choices":[{"not_picked":["Anger","Havoc"],"picked":"Iron Wave","floor":1.0},{"not_picked":["Clash","Carnage"],"picked":"True Grit","floor":3.0},{"not_picked":["Warcry","Headbutt"],"picked":"Sword Boomerang","floor":5.0},{"not_picked":["Second Wind","Battle Trance"],"picked":"Sentinel","floor":7.0},{"not_picked":["Bloodletting","Anger"],"picked":"Spot Weakness","floor":8.0},{"not_picked":["Warcry","Thunderclap"],"picked":"Armaments","floor":10.0},{"not_picked":["Body Slam","Juggernaut"],"picked":"Ghostly Armor","floor":11.0},{"not_picked":["Flex","Carnage"],"picked":"Dual Wield","floor":12.0},{"not_picked":["Havoc","Armaments"],"picked":"Metallicize","floor":13.0},{"not_picked":["Corruption","Limit Break"],"picked":"Reaper","floor":14.0},{"not_picked":["Demon Form","Juggernaut"],"picked":"Berserk","floor":16.0},{"not_picked":["Hemokinesis","Flex"],"picked":"Searing Blow","floor":18.0},{"not_picked":["Spot Weakness","Anger"],"picked":"Wild Strike","floor":23.0},{"not_picked":["Clash+1","Spot Weakness"],"picked":"Flex","floor":24.0},{"not_picked":["Warcry","Thunderclap"],"picked":"Shrug It Off+1","floor":27},{"not_picked":["Burning Pact","Shockwave","Intimidate+1"],"picked":"SKIP","floor":30},{"not_picked":["Clothesline+1","True Grit"],"picked":"Pummel","floor":31}],"player_experience":1112884,"relics_obtained":[{"floor":7.0,"key":"Bottled Lightning"},{"floor":11.0,"key":"TungstenRod"},{"floor":14.0,"key":"Bag of Preparation"},{"floor":21.0,"key":"Centennial Puzzle"},{"floor":22.0,"key":"Enchiridion"},{"floor":23.0,"key":"Matryoshka"},{"floor":23.0,"key":"Whetstone"},{"floor":26.0,"key":"Potion Belt"},{"floor":26.0,"key":"Omamori"},{"floor":27,"key":"WingedGreaves"},{"floor":27,"key":"Ice Cream"},{"floor":30,"key":"MawBank"},{"floor":30,"key":"bronze:BronzeIdol"}],"event_choices":[{"damage_healed":0.0,"max_hp_gain":0.0,"max_hp_loss":0.0,"gold_gain":0.0,"event_name":"Living Wall","player_choice":"Grow","floor":2.0,"gold_loss":0.0,"damage_taken":0.0,"cards_upgraded":["Iron Wave"]},{"damage_healed":0.0,"max_hp_gain":0.0,"max_hp_loss":0.0,"gold_gain":100.0,"event_name":"Golden Shrine","player_choice":"Pray","floor":4.0,"gold_loss":0.0,"damage_taken":0.0},{"cards_removed":["Strike_R"],"damage_healed":0.0,"max_hp_gain":0.0,"max_hp_loss":0.0,"gold_gain":0.0,"event_name":"Beggar","player_choice":"Gave Gold","floor":20.0,"gold_loss":75.0,"damage_taken":0.0},{"damage_healed":0.0,"max_hp_gain":0.0,"max_hp_loss":0.0,"gold_gain":0.0,"event_name":"Cursed Tome","player_choice":"Obtained Book","floor":22.0,"gold_loss":0.0,"damage_taken":16.0}],"is_beta":false,"boss_relics":[{"not_picked":["Velvet Choker","bronze:MakeshiftBattery"],"picked":"Black Star"}],"items_purged_floors":[19],"is_endless":false,"potions_floor_spawned":[3,8,12,13,16,18,24],"killed_by":"Collector","ascension_level":7}}