{"host":"nnmmiiw4bez2c8ei","time":1612179076,"event":{"mods":["AchievementEnabler","BaseMod","Colored Map","Colored Powertips","Minty Spire (QoL Compilation)","Rare Cards Sparkle","StSLib"],"gold_per_floor":[114,114,64,40,54,88,98,108,160,160,52,80,103,103,103,201,201,216,216,216,201,201,201],"floor_reached":22,"language":"KOR","playtime":855,"items_purged":["Pain"],"score":275,"play_id":"d0f27a40-6b50-4ad8-8c62-1f1de7fc49ce","local_time":"20210201203116","is_ascension_mode":true,"campfire_choices":[{"floor":15,"key":"REST"}],"circlet_count":0,"master_deck":["Defend_G","Defend_G","Defend_G","Defend_G","Survivor","Neutralize","Backflip","Backflip","Blade Dance","PiercingWail","Acrobatics","Terror","Calculated Gamble","Wraith Form v2","Bite","Bite","Bite","Bite","Bite","Cloak And Dagger"],"relics":["Ring of the Snake","NeowsBlessing","HornCleat","Potion Belt","Juzu Bracelet","WarpedTongs","Regal Pillow","Odd Mushroom","Mango","Black Star"],"acts_visited":["Exordium","TheCity"],"potions_floor_usage":[13],"damage_taken":[{"damage":0,"enemies":"Jaw Worm","floor":1,"turns":1},{"damage":0,"enemies":"2 Louse","floor":5,"turns":1},{"damage":0,"enemies":"Gremlin Nob","floor":6,"turns":1},{"damage":0,"enemies":"Cultist","floor":7,"turns":4},{"damage":12,"enemies":"Exordium Thugs","floor":8,"turns":8},{"damage":6,"enemies":"3 Sentries","floor":12,"turns":9},{"damage":2,"enemies":"The Mushroom Lair","floor":13,"turns":5},{"damage":26,"enemies":"Hexaghost","floor":16,"turns":10},{"damage":22,"enemies":"Shell Parasite","floor":18,"turns":9},{"damage":9,"enemies":"2 Thieves","floor":21,"turns":4},{"damage":0,"enemies":"Sentry and Sphere","floor":22,"turns":1}],"seed_played":"-1699118526531947073","potions_obtained":[{"floor":1,"key":"Poison Potion"},{"floor":13,"key":"Ancient Potion"},{"floor":16,"key":"Regen Potion"}],"is_trial":false,"path_per_floor":["M","?","?","$","M","E","M","M","T","?","$","E","?","T","R","B",null,"M","?","?","M","M"],"character_chosen":"THE_SILENT","items_purchased":["Backflip","Terror"],"campfire_rested":1,"item_purchase_floors":[4,11],"current_hp_per_floor":[70,45,45,45,45,45,45,33,33,33,33,27,25,39,79,53,84,62,46,46,49,49,49],"gold":201,"neow_bonus":"THREE_ENEMY_KILL","is_daily":false,"chose_seed":false,"campfire_upgraded":0,"win_rate":0.0,"timestamp":1612179076,"path_taken":["M","?","?","?","M","E","M","M","T","?","$","E","?","?","R","BOSS","M","?","?","M","M"],"items_purchased_type":["Card","Card"],"build_version":"2020-12-22","purchased_purges":1,"victory":false,"max_hp_per_floor":[70,70,70,70,70,70,70,70,70,70,70,70,70,84,84,84,84,84,89,62,62,62,62],"card_choices":[{"not_picked":["Flechettes","Crippling Poison"],"picked":"Backflip","floor":1},{"not_picked":["Flechettes","Infinite Blades"],"picked":"Blade Dance","floor":5},{"not_picked":["Choke","Deadly Poison","Backflip"],"picked":"SKIP","floor":6},{"not_picked":["Dodge and Roll","Deflect"],"picked":"PiercingWail","floor":7},{"not_picked":["Underhanded Strike","Deflect"],"picked":"Acrobatics","floor":8},{"not_picked":["Deadly Poison","Poisoned Stab"],"picked":"Calculated Gamble","floor":12},{"not_picked":["Envenom","Doppelganger"],"picked":"Wraith Form v2","floor":16},{"not_picked":["Endless Agony","Noxious Fumes","Deflect"],"picked":"SKIP","floor":18},{"not_picked":["Sucker Punch+1","Acrobatics"],"picked":"Cloak And Dagger","floor":21}],"player_experience":504213,"relics_obtained":[{"floor":6,"key":"Potion Belt"},{"floor":9,"key":"Juzu Bracelet"},{"floor":12,"key":"Regal Pillow"},{"floor":13,"key":"Odd Mushroom"},{"floor":14,"key":"Mango"}],"event_choices":[{"damage_healed":0,"gold_gain":0,"player_choice":"Success","damage_taken":25,"relics_obtained":["HornCleat"],"max_hp_gain":0,"max_hp_loss":0,"event_name":"Scrap Ooze","floor":2,"gold_loss":0},{"cards_removed":["Defend_G"],"damage_healed":0,"gold_gain":0,"player_choice":"Card Removal","damage_taken":0,"max_hp_gain":0,"max_hp_loss":0,"event_name":"The Cleric","floor":3,"gold_loss":50},{"damage_healed":0,"gold_gain":0,"player_choice":"Rummage","damage_taken":0,"relics_obtained":["WarpedTongs"],"max_hp_gain":0,"max_hp_loss":0,"event_name":"Accursed Blacksmith","floor":10,"gold_loss":0,"cards_obtained":["Pain"]},{"damage_healed":0,"gold_gain":0,"player_choice":"Fought Mushrooms","damage_taken":0,"max_hp_gain":0,"max_hp_loss":0,"event_name":"Mushrooms","floor":13,"gold_loss":0},{"damage_healed":0,"gold_gain":0,"player_choice":"Shed Blood","damage_taken":21,"max_hp_gain":5,"max_hp_loss":0,"event_name":"Forgotten Altar","floor":19,"gold_loss":0},{"damage_healed":0,"gold_gain":0,"player_choice":"Became a vampire","damage_taken":0,"max_hp_gain":0,"max_hp_loss":27,"event_name":"Vampires","floor":20,"gold_loss":0,"cards_obtained":["Bite","Bite","Bite","Bite","Bite"]}],"is_beta":false,"boss_relics":[{"not_picked":["Fusion Hammer","Runic Pyramid"],"picked":"Black Star"}],"items_purged_floors":[11],"is_endless":false,"potions_floor_spawned":[1,13,16],"killed_by":"Sentry and Sphere","ascension_level":3}}