{"host":"jhohbi8xmmotmpw6","time":1612149586,"event":{"mods":["BaseMod","Downfall","Hermit","Hubris","Minty Spire (QoL Compilation)","Reliquary","Replay The Spire","Spicy Shops","StSLib"],"gold_per_floor":[99,109,125,138,155,168,168,168,182,182,182,58,91,19,32,32,32],"floor_reached":16,"language":"ENG","playtime":1229,"items_purged":[],"score":104,"play_id":"4a2ae6d2-16c3-455c-9c5d-eed7bb739ac9","local_time":"20210201161946","daily_mods":["downfall:Enraging"],"is_ascension_mode":false,"campfire_choices":[{"data":"hubris:ReadiedAction","floor":8,"key":"SMITH"},{"data":"Replay:Undeath\u0027s Touch","floor":11,"key":"SMITH"}],"circlet_count":0,"master_deck":["bronze:Strike","bronze:Strike","bronze:Strike","bronze:Strike","bronze:Defend","bronze:Defend","bronze:Defend","bronze:Defend","Bash","Replay:Undeath\u0027s Touch+1","hubris:ReadiedAction+1","Sword Boomerang","Cleave","Replay:Many Hands","Flex","Massacre","Reaper","ReplayTheSpireMod:Strike From Hell","Massacre","Massacre","Headbutt"],"relics":["Burning Blood","bronze:AnalyticalCore","reliquary:HotPoker","Gambling Chip"],"acts_visited":["Exordium"],"potions_floor_usage":[16,16],"damage_taken":[{"damage":0,"enemies":"2 Louse","floor":2,"turns":2},{"damage":1,"enemies":"Cultist","floor":3,"turns":3},{"damage":10,"enemies":"Small Slimes","floor":4,"turns":3},{"damage":23,"enemies":"3 Louse","floor":5,"turns":3},{"damage":11,"enemies":"Exordium Wildlife","floor":6,"turns":3},{"damage":5,"enemies":"Large Slime","floor":9,"turns":5},{"damage":5,"enemies":"downfall:FleeingMerchant","floor":12,"turns":4},{"damage":15,"enemies":"Lagavulin","floor":13,"turns":5},{"damage":12,"enemies":"downfall:FleeingMerchant","floor":14,"turns":4},{"damage":2,"enemies":"2 Fungi Beasts","floor":15,"turns":4},{"damage":110,"enemies":"Fading Forest","floor":16,"turns":8}],"seed_played":"-2132340608285703333","potions_obtained":[{"floor":1,"key":"ElixirPotion"},{"floor":1,"key":"Dexterity Potion"},{"floor":3,"key":"Elixir"},{"floor":6,"key":"LifebloodPotion"},{"floor":15,"key":"FairyPotion"}],"is_trial":true,"path_per_floor":["R","M","M","M","M","M","T","R","M","?","R","$","E","$","M","B"],"character_chosen":"IRONCLAD","items_purchased":["Flex","Massacre","Massacre"],"campfire_rested":0,"item_purchase_floors":[12,12,14],"current_hp_per_floor":[80,80,80,76,59,54,54,54,55,55,55,56,47,47,55,0,0],"gold":32,"neow_bonus":"","is_daily":false,"chose_seed":false,"campfire_upgraded":2,"win_rate":0.0,"timestamp":1612149586,"path_taken":["R","M","M","M","M","M","T","R","M","?","R","$","E","?","M","BOSS"],"items_purchased_type":["Card","Card","Card"],"build_version":"2020-12-22","purchased_purges":0,"victory":false,"max_hp_per_floor":[80,80,80,80,80,80,80,80,80,80,80,80,80,80,80,80,80],"card_choices":[{"not_picked":["Reckless Charge","Armaments"],"picked":"Replay:Undeath\u0027s Touch","floor":2},{"not_picked":["Wild Strike","Entrench","Combust"],"picked":"SKIP","floor":3},{"not_picked":["Replay:Undeath\u0027s Touch","Body Slam","Pummel"],"picked":"SKIP","floor":4},{"not_picked":["Warcry","ReplayReversal"],"picked":"hubris:ReadiedAction","floor":5},{"not_picked":["Evolve","Infernal Blade"],"picked":"Sword Boomerang","floor":6},{"not_picked":["Second Wind","Body Slam"],"picked":"Cleave","floor":9},{"not_picked":["Flame Barrier","ReplayTheSpireMod:Strike From Hell"],"picked":"Replay:Many Hands","floor":12},{"not_picked":["Sentinel","Cleave"],"picked":"Reaper","floor":13},{"not_picked":["Clothesline","Evolve"],"picked":"ReplayTheSpireMod:Strike From Hell","floor":14},{"not_picked":["Thunderclap","Feel No Pain"],"picked":"Headbutt","floor":15}],"player_experience":124945,"relics_obtained":[{"floor":7,"key":"reliquary:HotPoker"},{"floor":13,"key":"Gambling Chip"}],"event_choices":[{"cards_removed":["bronze:Strike"],"damage_healed":0,"gold_gain":0,"player_choice":"Purged","damage_taken":0,"max_hp_gain":0,"max_hp_loss":0,"event_name":"Purifier","floor":10,"gold_loss":0}],"is_beta":false,"boss_relics":[],"items_purged_floors":[],"is_endless":false,"potions_floor_spawned":[3,6,9,15],"killed_by":"Fading Forest","ascension_level":0}}