{"host":"flash","time":1612180104,"event":{"mods":["ATMod(°¢èªMod)","Act Like it!","Aspiration","BaseMod","Minty Spire (QoL Compilation)","Shop Mod","StSLib","¡¾ÒÅÎï¿¨ÅÆ¡¿REMEMod"],"gold_per_floor":[118,136,136,148,148,182,182,196,250,250,278,291,323,342,342,342,342],"floor_reached":16,"language":"ZHS","playtime":404,"items_purged":[],"score":207,"play_id":"54b6cea6-dbf9-4cb2-9790-2ef73f60f69c","local_time":"20210201194824","is_ascension_mode":true,"campfire_choices":[{"data":"Zap","floor":7,"key":"SMITH"},{"floor":10,"key":"REST"},{"floor":15,"key":"REST"}],"circlet_count":0,"master_deck":["AscendersBane","Strike_B","Strike_B","Strike_B","Strike_B+1","Defend_B","Defend_B","Defend_B","Defend_B","Zap+1","Dualcast","AT_EMC2","AT_EmpoweredMortalDraw","Reprogram","Steam+1","Skim"],"relics":["Cracked Core","AT_ATBox","REME_ComplimentaryCards","NeowsBlessing","Darkstone Periapt","REME_HandOfSuture","White Beast Statue","Lantern"],"acts_visited":["Exordium"],"potions_floor_usage":[13,13,16],"damage_taken":[{"damage":0.0,"enemies":"Jaw Worm","floor":1.0,"turns":1.0},{"damage":0.0,"enemies":"Small Slimes","floor":2.0,"turns":1.0},{"damage":0,"enemies":"2 Louse","floor":4,"turns":1},{"damage":25,"enemies":"Gremlin Nob","floor":6,"turns":4},{"damage":6,"enemies":"Looter","floor":8,"turns":3},{"damage":7,"enemies":"3 Sentries","floor":11,"turns":5},{"damage":2,"enemies":"2 Fungi Beasts","floor":12,"turns":2},{"damage":21,"enemies":"Lagavulin","floor":13,"turns":5},{"damage":5,"enemies":"Gremlin Gang","floor":14,"turns":3},{"damage":33,"enemies":"Slime Boss","floor":16,"turns":3}],"seed_played":"958459646330468349","potions_obtained":[{"floor":2.0,"key":"ColorlessPotion"},{"floor":8,"key":"SkillPotion"},{"floor":13,"key":"Ancient Potion"},{"floor":14,"key":"GamblersBrew"}],"is_trial":false,"path_per_floor":["M","M","?","M","?","E","R","M","T","R","E","M","E","M","R","B"],"character_chosen":"DEFECT","items_purchased":[],"campfire_rested":2,"item_purchase_floors":[],"current_hp_per_floor":[64,64,69,69,54,29,29,23,23,45,38,36,15,10,32,0,0],"gold":342,"neow_bonus":"THREE_ENEMY_KILL","is_daily":false,"chose_seed":false,"campfire_upgraded":1,"win_rate":0.0,"timestamp":1612180104,"path_taken":["M","M","?","M","?","E","R","M","T","R","E","M","E","?","R","BOSS"],"items_purchased_type":[],"build_version":"2020-12-18","purchased_purges":0,"victory":false,"max_hp_per_floor":[71,71,76,76,76,76,76,76,76,76,76,76,76,76,76,76,76],"card_choices":[{"not_picked":["REME_Compress","Steam"],"picked":"Reprogram","floor":1.0},{"not_picked":["AT_HeatAcrobatics","Rebound","Hello World"],"picked":"SKIP","floor":2.0},{"not_picked":["Streamline","Melter"],"picked":"Steam","floor":4},{"not_picked":["Barrage","Stack","AT_HeatAcrobatics"],"picked":"SKIP","floor":6},{"not_picked":["Stack","Compile Driver","Steam"],"picked":"SKIP","floor":8},{"not_picked":["Genetic Algorithm","Streamline","Rebound"],"picked":"SKIP","floor":11},{"not_picked":["Darkness","Conserve Battery","Machine Learning"],"picked":"SKIP","floor":12},{"not_picked":["Stack","Go for the Eyes","Rebound"],"picked":"SKIP","floor":13},{"not_picked":["Reinforced Body","Hologram"],"picked":"Skim","floor":14}],"player_experience":678510,"relics_obtained":[{"floor":6,"key":"Darkstone Periapt"},{"floor":9,"key":"REME_HandOfSuture"},{"floor":11,"key":"White Beast Statue"},{"floor":13,"key":"Lantern"}],"event_choices":[{"damage_healed":0,"gold_gain":0,"player_choice":"Donut","damage_taken":0,"max_hp_gain":5,"max_hp_loss":0,"event_name":"Big Fish","floor":3,"gold_loss":0},{"damage_healed":0,"gold_gain":0,"player_choice":"Entered Light","damage_taken":15,"max_hp_gain":0,"max_hp_loss":0,"event_name":"Shining Light","floor":5,"gold_loss":0,"cards_upgraded":["Steam","Strike_B"]}],"is_beta":true,"boss_relics":[],"items_purged_floors":[],"is_endless":false,"potions_floor_spawned":[2,8,12,13,14],"killed_by":"Slime Boss","ascension_level":14}}