{"host":"vm3f1ccwgbs4oygt","time":1612211908,"event":{"mods":["BaseMod","Bestiary","BetterRewards","Block Reminder","Colored Powertips","Highlight Path","Minty Spire (QoL Compilation)","Permanent Neow","Quick Restart","Relic Stats","Shop Mod","StSLib"],"gold_per_floor":[99,99,99,99,99,99,99,99,99,99,99,99,99,23,23,23,23,23,23,23,23],"floor_reached":20,"language":"ENG","playtime":1780,"items_purged":[],"score":313,"play_id":"8a353d93-45e6-42b9-a592-a2caf854a427","local_time":"20210201213828","is_ascension_mode":true,"campfire_choices":[{"data":"True Grit","floor":6,"key":"SMITH"},{"data":"Feed","floor":8,"key":"SMITH"},{"data":"Clothesline","floor":12,"key":"SMITH"},{"data":"Bash","floor":15,"key":"SMITH"}],"circlet_count":0,"master_deck":["Strike_R","Strike_R","Strike_R","Strike_R","Defend_R","Defend_R","Defend_R","Defend_R","Bash+1","Shrug It Off","Whirlwind","Flex","True Grit+1","Immolate","Feed+1","Clothesline+1","Dual Wield","Inflame","Demon Form","Inflame"],"relics":["Ectoplasm","Eternal Feather","Bottled Flame","Mango","Regal Pillow","Mark of Pain"],"acts_visited":["Exordium","TheCity"],"potions_floor_usage":[7,11,16,20],"damage_taken":[{"damage":0,"enemies":"Cultist","floor":1,"turns":3},{"damage":0,"enemies":"2 Louse","floor":2,"turns":3},{"damage":0,"enemies":"Jaw Worm","floor":3,"turns":3},{"damage":0,"enemies":"Large Slime","floor":4,"turns":5},{"damage":11,"enemies":"Gremlin Gang","floor":5,"turns":3},{"damage":27,"enemies":"Lagavulin","floor":7,"turns":6},{"damage":0,"enemies":"3 Sentries","floor":11,"turns":2},{"damage":36,"enemies":"Lagavulin","floor":13,"turns":7},{"damage":26,"enemies":"The Guardian","floor":16,"turns":9},{"damage":38,"enemies":"Shell Parasite","floor":18,"turns":5},{"damage":43,"enemies":"Spheric Guardian","floor":19,"turns":6},{"damage":41,"enemies":"Shelled Parasite and Fungi","floor":20,"turns":3}],"seed_played":"-4721423095754926370","potions_obtained":[{"floor":2,"key":"ColorlessPotion"},{"floor":7,"key":"EssenceOfSteel"},{"floor":13,"key":"Strength Potion"},{"floor":18,"key":"DistilledChaos"}],"is_trial":false,"path_per_floor":["M","M","M","M","M","R","E","R","T","?","E","R","E","$","R","B",null,"M","M","M"],"character_chosen":"IRONCLAD","items_purchased":["Inflame"],"campfire_rested":0,"item_purchase_floors":[14],"current_hp_per_floor":[80,80,80,80,69,69,42,51,51,51,65,74,42,42,51,29,102,68,29,0,0],"gold":23,"neow_bonus":"BOSS_RELIC","is_daily":false,"chose_seed":false,"campfire_upgraded":4,"win_rate":0.0,"timestamp":1612211908,"path_taken":["M","M","M","M","?","R","E","R","T","?","E","R","E","$","R","BOSS","M","M","?"],"items_purchased_type":["Card"],"build_version":"2020-12-22","purchased_purges":0,"victory":false,"max_hp_per_floor":[80,80,80,80,80,80,80,80,80,80,94,94,98,98,98,102,102,106,110,110,110],"relic_stats":{"Regal Pillow":0,"counters":[12,55],"Eternal Feather":27,"Ectoplasm":378,"obtain_stats":[{"Bottled Flame":9,"Regal Pillow":13,"Eternal Feather":7,"Mango":11,"Ectoplasm":0,"Mark of Pain":17,"Burning Blood":0},{"Bottled Flame":6,"Regal Pillow":8,"Eternal Feather":6,"Mango":7,"Ectoplasm":0,"Mark of Pain":9,"Burning Blood":0},{"Bottled Flame":23,"Regal Pillow":32,"Eternal Feather":23,"Mango":25,"Ectoplasm":0,"Mark of Pain":41,"Burning Blood":0}]},"card_choices":[{"not_picked":["Twin Strike","Headbutt"],"picked":"Shrug It Off","floor":1},{"not_picked":["Armaments","Sword Boomerang"],"picked":"Whirlwind","floor":2},{"not_picked":["Shrug It Off","Entrench"],"picked":"Flex","floor":3},{"not_picked":["Body Slam","Heavy Blade"],"picked":"True Grit","floor":4},{"not_picked":["Body Slam","Heavy Blade"],"picked":"Immolate","floor":5},{"not_picked":["Whirlwind","Shrug It Off"],"picked":"Feed","floor":7},{"not_picked":["Iron Wave","Cleave"],"picked":"Clothesline","floor":11},{"not_picked":["Clothesline","True Grit"],"picked":"Dual Wield","floor":13},{"not_picked":["Brutality","Corruption"],"picked":"Demon Form","floor":16},{"not_picked":["Wild Strike","Body Slam"],"picked":"Inflame","floor":18},{"not_picked":["Searing Blow","Body Slam","Dual Wield"],"picked":"SKIP","floor":19}],"player_experience":1156070,"relics_obtained":[{"floor":7,"key":"Eternal Feather"},{"floor":9,"key":"Bottled Flame"},{"floor":11,"key":"Mango"},{"floor":13,"key":"Regal Pillow"}],"event_choices":[{"cards_removed":["Strike_R"],"damage_healed":0,"gold_gain":0,"player_choice":"Purged","damage_taken":0,"max_hp_gain":0,"max_hp_loss":0,"event_name":"Purifier","floor":10,"gold_loss":0}],"is_beta":false,"boss_relics":[{"not_picked":["Pandora\u0027s Box","Tiny House"],"picked":"Mark of Pain"}],"items_purged_floors":[],"is_endless":false,"potions_floor_spawned":[2,7,13,18],"killed_by":"Shelled Parasite and Fungi","ascension_level":4}}