{"host":"nb3r5a3er9rrnn3n","time":1612149761,"event":{"mods":["BaseMod","Colored Map","Downfall","Minty Spire (QoL Compilation)","Spire Arcade","StSLib"],"gold_per_floor":[99,116,130,148,148,164,164,197,197,231,245,265,277,308,325,325,325,325],"floor_reached":16,"language":"ENG","playtime":1679,"items_purged":[],"score":264,"play_id":"1a974c03-c49a-4b58-95e5-ab883a43ce9e","local_time":"20210201142241","is_ascension_mode":true,"campfire_choices":[{"data":"The Bomb","floor":1,"key":"SMITH"}],"circlet_count":0,"master_deck":["AscendersBane","Guardian:Strike_Guardian","Guardian:Strike_Guardian","Guardian:Strike_Guardian","Guardian:Defend_Guardian","Guardian:Defend_Guardian","Guardian:Defend_Guardian","Guardian:Defend_Guardian","Guardian:CurlUp","Guardian:TwinSlam","The Bomb+1","Guardian:ShieldCharger","Guardian:PiercingHide","Guardian:Recover","Guardian:PiercingHide","Guardian:Gem_Green","Guardian:ShieldCharger","Guardian:Gem_Lightblue","Guardian:Gem_Purple","Guardian:Gem_Synthetic","Guardian:ArmoredProtocol"],"relics":["Guardian:ModeShifter","Question Card","Letter Opener","Orichalcum"],"acts_visited":["Exordium"],"potions_floor_usage":[9,14,16,16,16],"damage_taken":[{"damage":6,"enemies":"2 Louse","floor":2,"turns":3},{"damage":0,"enemies":"Cultist","floor":3,"turns":4},{"damage":2,"enemies":"Small Slimes","floor":4,"turns":3},{"damage":6,"enemies":"Exordium Wildlife","floor":6,"turns":7},{"damage":0,"enemies":"Lagavulin","floor":8,"turns":6},{"damage":14,"enemies":"Gremlin Nob","floor":10,"turns":5},{"damage":0,"enemies":"Large Slime","floor":11,"turns":6},{"damage":2,"enemies":"2 Fungi Beasts","floor":12,"turns":5},{"damage":0,"enemies":"Blue Slaver","floor":13,"turns":5},{"damage":0,"enemies":"3 Sentries","floor":14,"turns":3},{"damage":7,"enemies":"3 Louse","floor":15,"turns":3},{"damage":20,"enemies":"SI_SHIV_ARCHETYPE","floor":16,"turns":10}],"seed_played":"-4948554724635642404","potions_obtained":[{"floor":3,"key":"Fruit Juice"},{"floor":4,"key":"Guardian:BlockOnCardUsePotion"},{"floor":6,"key":"ColorlessPotion"},{"floor":9,"key":"LiquidBronze"},{"floor":15,"key":"Guardian:DefensiveModePotion"}],"is_trial":false,"path_per_floor":["R","M","M","M","?","M","T","E","?","E","M","M","M","E","M","B"],"character_chosen":"GUARDIAN","items_purchased":[],"campfire_rested":0,"item_purchase_floors":[],"current_hp_per_floor":[51,45,45,43,43,37,37,37,42,28,28,26,26,26,19,0,0,0],"gold":325,"neow_bonus":"RANDOM_COLORLESS_2","is_daily":false,"chose_seed":false,"campfire_upgraded":1,"win_rate":0.0,"timestamp":1612149761,"path_taken":["R","M","M","M","?","M","T","E","?","E","M","M","M","E","M","BOSS"],"items_purchased_type":[],"build_version":"2020-12-22","purchased_purges":0,"victory":false,"max_hp_per_floor":[80,80,80,80,80,80,80,80,85,85,85,85,85,85,85,85,85,85],"card_choices":[{"not_picked":["Secret Weapon","Mayhem"],"picked":"The Bomb","floor":0},{"not_picked":["Guardian:VentSteam","Guardian:Gem_Green"],"picked":"Guardian:ShieldCharger","floor":2},{"not_picked":["Guardian:PrimingBeam","Guardian:TemporalStrike"],"picked":"Guardian:PiercingHide","floor":3},{"not_picked":["Guardian:PrimingBeam","Guardian:WalkerClaw"],"picked":"Guardian:Recover","floor":4},{"not_picked":["Guardian:DecasProtection","Guardian:Recover"],"picked":"Guardian:PiercingHide","floor":6},{"not_picked":["Guardian:GemFire","Guardian:PrimingBeam"],"picked":"Guardian:Gem_Green","floor":8},{"not_picked":["Guardian:TimeCapacitor","Guardian:Repulse","Guardian:WalkerClaw"],"picked":"Guardian:ShieldCharger","floor":10},{"not_picked":["Guardian:Reroute","Guardian:WalkerClaw","Guardian:CrystalBeam"],"picked":"Guardian:Gem_Lightblue","floor":11},{"not_picked":["Guardian:PrismaticBarrier","Guardian:Gem_White","Guardian:PiercingHide"],"picked":"Guardian:Gem_Purple","floor":12},{"not_picked":["Guardian:Gem_Fragmented","Guardian:Emergency","Guardian:PrimingBeam","Guardian:Incinerate"],"picked":"SKIP","floor":13},{"not_picked":["Guardian:Gem_Purple","Guardian:Recover","Guardian:FloatingOrbs"],"picked":"Guardian:Gem_Synthetic","floor":14},{"not_picked":["Guardian:Gem_Green","Guardian:Gem_Lightblue","Guardian:Recover"],"picked":"Guardian:ArmoredProtocol","floor":15}],"player_experience":1953087,"relics_obtained":[{"floor":8,"key":"Question Card"},{"floor":10,"key":"Letter Opener"},{"floor":14,"key":"Orichalcum"}],"event_choices":[{"damage_healed":0,"gold_gain":0,"player_choice":"Got Potions","damage_taken":0,"max_hp_gain":0,"max_hp_loss":0,"event_name":"Lab","floor":9,"gold_loss":0}],"is_beta":false,"boss_relics":[],"items_purged_floors":[],"is_endless":false,"potions_floor_spawned":[3,4,6,12,15],"killed_by":"SI_SHIV_ARCHETYPE","ascension_level":10}}