{"host":"aqym1xxr3lb31d9m","time":1612180154,"event":{"mods":["BaseMod","Block Reminder","Colored Map","Colored Powertips","DeckTracker","Highlight Path","Minty Spire (QoL Compilation)","Quick Restart","Random Character Button","StSLib","SuperFastMode","UnlockEverythingMod"],"gold_per_floor":[219,219,238,238,238,238,271,282,330,343,343,360,360,376,376,455,455,471,471,471,490,490,490,508,508,508],"floor_reached":25,"language":"JPN","playtime":763,"items_purged":[],"score":406,"play_id":"8e6e8247-827b-4387-a364-40a1b4cae375","local_time":"20210201204914","is_ascension_mode":true,"campfire_choices":[{"data":"Go for the Eyes","floor":6,"key":"SMITH"},{"data":"Go for the Eyes","floor":11,"key":"SMITH"},{"floor":13,"key":"REST"},{"data":"Hologram","floor":15,"key":"SMITH"},{"data":"Seek","floor":23,"key":"SMITH"}],"circlet_count":0,"master_deck":["AscendersBane","Strike_B+1","Strike_B+1","Strike_B+1","Defend_B+1","Defend_B+1","Defend_B+1","Defend_B+1","Zap","Dualcast","Ball Lightning+1","Go for the Eyes+1","Go for the Eyes+1","Sunder+1","Core Surge+1","Cold Snap+1","Static Discharge","Hologram+1","Seek+1","Rebound+1","Conserve Battery","Writhe","Undo+1"],"relics":["Cracked Core","Art of War","Molten Egg 2","Smiling Mask","Coffee Dripper","Enchiridion","Mercury Hourglass"],"acts_visited":["Exordium","TheCity"],"potions_floor_usage":[16,21],"damage_taken":[{"damage":0,"enemies":"2 Louse","floor":1,"turns":3},{"damage":0,"enemies":"Cultist","floor":3,"turns":3},{"damage":27,"enemies":"Lagavulin","floor":7,"turns":8},{"damage":0,"enemies":"Jaw Worm","floor":8,"turns":2},{"damage":4,"enemies":"Blue Slaver","floor":10,"turns":3},{"damage":2,"enemies":"3 Louse","floor":12,"turns":2},{"damage":0,"enemies":"Exordium Wildlife","floor":14,"turns":3},{"damage":12,"enemies":"The Guardian","floor":16,"turns":9},{"damage":4,"enemies":"3 Byrds","floor":18,"turns":4},{"damage":0,"enemies":"2 Thieves","floor":21,"turns":2},{"damage":28,"enemies":"Chosen and Byrds","floor":24,"turns":5},{"damage":16,"enemies":"Slavers","floor":25,"turns":1}],"seed_played":"-4146802575259371590","potions_obtained":[{"floor":7,"key":"PotionOfCapacity"},{"floor":10,"key":"DistilledChaos"},{"floor":12,"key":"Dexterity Potion"},{"floor":16,"key":"Strength Potion"},{"floor":18,"key":"LiquidMemories"}],"is_trial":false,"path_per_floor":["M","?","M","?","T","R","E","M","T","M","R","M","R","M","R","B",null,"M","?","?","M","?","R","M","E"],"character_chosen":"DEFECT","items_purchased":[],"campfire_rested":1,"item_purchase_floors":[],"current_hp_per_floor":[64,64,64,64,64,64,37,37,37,33,33,31,52,52,52,40,63,59,59,38,38,38,38,10,0,0],"gold":508,"neow_bonus":"HUNDRED_GOLD","is_daily":false,"chose_seed":false,"campfire_upgraded":4,"win_rate":0.0,"timestamp":1612180154,"path_taken":["M","?","?","?","?","R","E","M","T","M","R","M","R","M","R","BOSS","M","?","?","M","?","R","M","E"],"items_purchased_type":[],"build_version":"2020-12-22","purchased_purges":0,"victory":false,"max_hp_per_floor":[71,71,71,71,71,71,71,71,71,71,71,71,71,71,71,71,71,71,71,71,71,71,71,71,71,71],"card_choices":[{"not_picked":["White Noise","Rebound"],"picked":"Ball Lightning","floor":1},{"not_picked":["Gash","Stack"],"picked":"Go for the Eyes","floor":3},{"not_picked":["Streamline+1","Rip and Tear+1"],"picked":"Sunder+1","floor":7},{"not_picked":["BootSequence","Force Field"],"picked":"Core Surge+1","floor":8},{"not_picked":["Rebound+1","Doom and Gloom+1"],"picked":"Cold Snap+1","floor":10},{"not_picked":["Sweeping Beam+1","Streamline+1"],"picked":"Static Discharge","floor":12},{"not_picked":["Stack","Go for the Eyes+1"],"picked":"Hologram","floor":14},{"not_picked":["Hyperbeam+1","Meteor Strike+1"],"picked":"Seek","floor":16},{"not_picked":["Leap","Streamline+1"],"picked":"Rebound+1","floor":18},{"not_picked":["Turbo+1","Darkness"],"picked":"Conserve Battery","floor":21},{"not_picked":["Hologram","Compile Driver+1"],"picked":"Undo+1","floor":24}],"player_experience":4171429,"relics_obtained":[{"floor":5,"key":"Art of War"},{"floor":7,"key":"Molten Egg 2"},{"floor":9,"key":"Smiling Mask"},{"floor":20,"key":"Enchiridion"}],"event_choices":[{"damage_healed":0,"gold_gain":0,"player_choice":"Upgraded","damage_taken":0,"max_hp_gain":0,"max_hp_loss":0,"event_name":"Upgrade Shrine","floor":2,"gold_loss":0,"cards_upgraded":["Ball Lightning"]},{"damage_healed":0,"gold_gain":0,"cards_transformed":["Strike_B"],"player_choice":"Change","damage_taken":0,"max_hp_gain":0,"max_hp_loss":0,"event_name":"Living Wall","floor":4,"gold_loss":0,"cards_obtained":["Go for the Eyes"]},{"damage_healed":0,"gold_gain":0,"player_choice":"Simplicity","damage_taken":0,"max_hp_gain":0,"max_hp_loss":0,"event_name":"Back to Basics","floor":19,"gold_loss":0,"cards_upgraded":["Strike_B","Strike_B","Strike_B","Defend_B","Defend_B","Defend_B","Defend_B"]},{"damage_healed":0,"gold_gain":0,"player_choice":"Obtained Book","damage_taken":21,"max_hp_gain":0,"max_hp_loss":0,"event_name":"Cursed Tome","floor":20,"gold_loss":0},{"damage_healed":0,"gold_gain":0,"player_choice":"Opened","damage_taken":0,"relics_obtained":["Mercury Hourglass"],"max_hp_gain":0,"max_hp_loss":0,"event_name":"The Mausoleum","floor":22,"gold_loss":0,"cards_obtained":["Writhe"]}],"is_beta":false,"boss_relics":[{"not_picked":["Snecko Eye","Sozu"],"picked":"Coffee Dripper"}],"items_purged_floors":[],"is_endless":false,"potions_floor_spawned":[7,10,12,16,18],"killed_by":"Slavers","ascension_level":20}}