{"host":"815dqs41i1y8uxms","time":1612203645,"event":{"mods":["A Penny For Your Troubles","Act Like it!","BaseMod","Elementarium","Fox Events","Jorbs\u0027s Wanderer Trilogy","Minty Spire (QoL Compilation)","Rare Cards Sparkle","Shop Mod","Spire Arcade","StSLib","The Marked"],"gold_per_floor":[113,34,67,67,77,106,106,121,198,198,198,212,222,240,240,344,471,490,490,490,490,490,490,124,11,88,107,107,4,4,17,17,17,17],"floor_reached":33,"language":"ENG","playtime":1695,"items_purged":[],"score":288,"play_id":"b4b3df3e-efdc-4cfb-a811-653b35da6e7c","local_time":"20210201192045","is_ascension_mode":false,"campfire_choices":[{"floor":7,"key":"RECALL"},{"floor":11,"key":"REST"},{"floor":15,"key":"REST"},{"floor":28,"key":"REST"},{"floor":30,"key":"REST"},{"floor":32,"key":"REST"}],"circlet_count":0,"master_deck":["theMarked:Defend","theMarked:Defend","theMarked:Defend","theMarked:Defend","theMarked:SoldierOfQuellstein","theMarked:OneWithTheBlade","theMarked:GodGivenPower","theMarked:SwordAndMagic","theMarked:EnhanceMovement+1","theMarked:Generate+1","theMarked:Aftermath+1","theMarked:Polarize+1","theMarked:Parkour","theMarked:EternalStudent+1","theMarked:Static+1","theMarked:EmpowerWeapon+1","Bite","Bite","Bite","Bite","Bite","Enlightenment+1","theMarked:Generate+1","theMarked:TwofoldDefense+1","theMarked:Indomitable+1","Good Instincts+1","theMarked:Indomitable+1","theMarked:RepellingDischarge+1","theMarked:TunnelVision","theMarked:TunnelVision+1"],"relics":["theMarked:ArtifactOfAir","NeowsBlessing","foxEvents:LuckyCharm","Toxic Egg 2","Ancient Tea Set","Darkstone Periapt","MerchantsRug"],"acts_visited":["Exordium","TheCity"],"potions_floor_usage":[6,13,16,16,23,23,31,33],"damage_taken":[{"damage":0,"enemies":"Jaw Worm","floor":1,"turns":1},{"damage":0,"enemies":"Colosseum Slavers","floor":3,"turns":1},{"damage":0,"enemies":"Cultist","floor":5,"turns":1},{"damage":32,"enemies":"Gremlin Nob","floor":6,"turns":4},{"damage":1,"enemies":"2 Louse","floor":8,"turns":3},{"damage":5,"enemies":"2 Fungi Beasts","floor":12,"turns":3},{"damage":13,"enemies":"Large Slime","floor":13,"turns":6},{"damage":0,"enemies":"Looter","floor":14,"turns":2},{"damage":45,"enemies":"Hexaghost","floor":16,"turns":7},{"damage":19,"enemies":"Shell Parasite","floor":18,"turns":6},{"damage":41,"enemies":"Book of Stabbing","floor":23,"turns":5},{"damage":10,"enemies":"Spheric Guardian","floor":27,"turns":3},{"damage":1,"enemies":"Shelled Parasite and Fungi","floor":31,"turns":3},{"damage":61,"enemies":"Champ","floor":33,"turns":9}],"seed_played":"-1146279259270211209","potions_obtained":[{"floor":1,"key":"Dexterity Potion"},{"floor":3,"key":"GamblersBrew"},{"floor":8,"key":"Explosive Potion"},{"floor":12,"key":"PowerPotion"},{"floor":13,"key":"SmokeBomb"},{"floor":17,"key":"EssenceOfSteel"},{"floor":27,"key":"DistilledChaos"},{"floor":31,"key":"Weak Potion"}],"is_trial":false,"path_per_floor":["M","$","?","$","M","E","R","M","T","?","R","M","M","M","R","B",null,"M","?","?","?","?","E","$","$","T","M","R","$","R","M","R","B"],"character_chosen":"THE_DEFAULT","items_purchased":["theMarked:GodGivenPower","MerchantsRug","Enlightenment+1","DollysMirror","theMarked:TwofoldDefense+1","theMarked:Indomitable+1","Good Instincts+1","theMarked:RepellingDischarge+1","theMarked:TunnelVision"],"campfire_rested":5,"item_purchase_floors":[2,24,24,24,24,25,25,29,29],"current_hp_per_floor":[70,70,70,70,70,38,38,37,37,37,58,53,40,40,61,16,75,56,42,42,42,42,5,5,5,5,1,17,17,33,34,50,0,0],"gold":17,"neow_bonus":"THREE_ENEMY_KILL","is_daily":false,"chose_seed":false,"campfire_upgraded":0,"win_rate":0.0,"timestamp":1612203645,"path_taken":["M","$","?","$","M","E","R","M","T","?","R","?","M","M","R","BOSS","M","?","?","?","?","E","?","$","T","M","R","$","R","M","R","BOSS"],"items_purchased_type":["Card","Relic","Card","Relic","Card","Card","Card","Card","Card"],"build_version":"2020-12-22","purchased_purges":0,"victory":false,"max_hp_per_floor":[70,70,70,70,70,70,70,70,70,70,70,70,70,70,70,70,75,75,80,80,80,56,56,56,56,56,56,56,56,56,56,56,56,56],"card_choices":[{"not_picked":["theMarked:TunnelVision","theMarked:MuscleMemory"],"picked":"theMarked:OneWithTheBlade","floor":1},{"not_picked":["theMarked:TakeCover","theMarked:HeightenedSenses"],"picked":"theMarked:SwordAndMagic","floor":5},{"not_picked":["theMarked:Determination","theMarked:ThrowWeapon"],"picked":"theMarked:EnhanceMovement+1","floor":6},{"not_picked":["theMarked:ChannelForce+1","theMarked:ElectricStrings"],"picked":"theMarked:Generate+1","floor":8},{"not_picked":["theMarked:SwordAndMagic","theMarked:Frustration"],"picked":"theMarked:Aftermath+1","floor":12},{"not_picked":["theMarked:Parkour","theMarked:SwordAndMagic"],"picked":"theMarked:Polarize+1","floor":13},{"not_picked":["theMarked:Standoff","theMarked:Overthink+1"],"picked":"theMarked:Parkour","floor":14},{"not_picked":["theMarked:SuspiciousRaven+1","theMarked:Abjuration"],"picked":"theMarked:EternalStudent+1","floor":16},{"not_picked":["theMarked:Memento+1","theMarked:SwordAndMagic"],"picked":"theMarked:Static+1","floor":17},{"not_picked":["theMarked:SelfDefenseTraining","theMarked:Frustration"],"picked":"theMarked:EmpowerWeapon+1","floor":18},{"not_picked":["theMarked:WardOff+1","theMarked:Aftermath+1"],"picked":"theMarked:Indomitable+1","floor":27},{"not_picked":["theMarked:TakeCover+1","theMarked:SwordAndMagic"],"picked":"theMarked:TunnelVision+1","floor":31}],"player_experience":3847346,"relics_obtained":[{"floor":3,"key":"foxEvents:LuckyCharm"},{"floor":6,"key":"Toxic Egg 2"},{"floor":9,"key":"Ancient Tea Set"}],"event_choices":[{"cards_removed":["theMarked:Strike"],"damage_healed":0,"gold_gain":0,"player_choice":"Card Removal","damage_taken":0,"max_hp_gain":0,"max_hp_loss":0,"event_name":"Wheel of Change","floor":10,"gold_loss":0},{"damage_healed":0,"gold_gain":0,"player_choice":"Shed Blood","damage_taken":19,"max_hp_gain":5,"max_hp_loss":0,"event_name":"Forgotten Altar","floor":19,"gold_loss":0},{"damage_healed":0,"gold_gain":0,"player_choice":"Ignored","damage_taken":0,"max_hp_gain":0,"max_hp_loss":0,"event_name":"Ghosts","floor":20,"gold_loss":0},{"damage_healed":0,"gold_gain":0,"player_choice":"Opened","damage_taken":0,"relics_obtained":["Darkstone Periapt"],"max_hp_gain":0,"max_hp_loss":0,"event_name":"The Mausoleum","floor":21,"gold_loss":0},{"damage_healed":0,"gold_gain":0,"player_choice":"Became a vampire","damage_taken":0,"max_hp_gain":0,"max_hp_loss":24,"event_name":"Vampires","floor":22,"gold_loss":0,"cards_obtained":["Bite","Bite","Bite","Bite","Bite"]}],"is_beta":false,"boss_relics":[{"not_picked":["Philosopher\u0027s Stone","Cursed Key"],"picked":"Tiny House"}],"items_purged_floors":[],"is_endless":false,"potions_floor_spawned":[1,3,8,12,13,23,27,31],"killed_by":"Champ","ascension_level":0}}