{"host":"kpyoctgc7jne3jiy","time":1612175842,"event":{"mods":["AchievementEnabler","BaseMod","Minty Spire (QoL Compilation)","Relic Stats"],"gold_per_floor":[119,137,137,20,45,83,102,202,272,272,292,292,316,354,354,482,482,503,49,65,88,88,88,121,121,121,121,121],"floor_reached":27,"language":"ENG","playtime":1129,"items_purged":["Strike_P"],"score":348,"play_id":"e4ace8dc-e041-484c-858d-84941d604e8f","local_time":"20210201113722","is_ascension_mode":true,"campfire_choices":[{"floor":10.0,"key":"REST"},{"floor":12.0,"key":"REST"},{"data":"Vigilance","floor":15,"key":"SMITH"},{"floor":23,"key":"REST"},{"data":"TalkToTheHand","floor":25,"key":"SMITH"}],"circlet_count":0,"master_deck":["Strike_P+1","Defend_P","Defend_P+1","Defend_P","Eruption","Vigilance+1","FlyingSleeves","Tantrum","Establishment","CrushJoints","EmptyFist","LessonLearned+1","DeceiveReality","InnerPeace","Conclude","Meditate","DevaForm","MentalFortress+1","ForeignInfluence+1","ConjureBlade+1","SandsOfTime+1","TalkToTheHand+1","Evaluate","EmptyBody+1"],"relics":["SlaversCollar","Golden Idol","Unceasing Top","Matryoshka","Tiny Chest","Astrolabe","Anchor","MealTicket","Pear","Blood Vial"],"acts_visited":["Exordium","TheCity"],"potions_floor_usage":[14,24,24,24,24],"damage_taken":[{"damage":0.0,"enemies":"Cultist","floor":1.0,"turns":3.0},{"damage":3.0,"enemies":"Jaw Worm","floor":2.0,"turns":4.0},{"damage":0.0,"enemies":"Small Slimes","floor":5.0,"turns":2.0},{"damage":35.0,"enemies":"Lagavulin","floor":6.0,"turns":5.0},{"damage":1.0,"enemies":"Red Slaver","floor":7.0,"turns":2.0},{"damage":9.0,"enemies":"Large Slime","floor":11.0,"turns":3.0},{"damage":6,"enemies":"Looter","floor":13,"turns":4},{"damage":0,"enemies":"Gremlin Nob","floor":14,"turns":2},{"damage":18,"enemies":"Slime Boss","floor":16,"turns":7},{"damage":24,"enemies":"Chosen","floor":18,"turns":5},{"damage":18,"enemies":"Spheric Guardian","floor":20,"turns":5},{"damage":14,"enemies":"Centurion and Healer","floor":21,"turns":9},{"damage":26,"enemies":"Book of Stabbing","floor":24,"turns":5},{"damage":39,"enemies":"Masked Bandits","floor":27,"turns":5}],"seed_played":"-1124317955102091320","potions_obtained":[{"floor":6.0,"key":"PowerPotion"},{"floor":7.0,"key":"Energy Potion"},{"floor":11.0,"key":"BottledMiracle"},{"floor":14,"key":"SkillPotion"},{"floor":16,"key":"Regen Potion"},{"floor":20,"key":"EntropicBrew"}],"is_trial":false,"path_per_floor":["M","M","?","$","M","E","M","?","T","R","M","R","M","E","R","B",null,"M","$","M","M","$","R","E","R","T","?"],"character_chosen":"WATCHER","items_purchased":["Establishment","CrushJoints","Anchor","TalkToTheHand","MealTicket"],"campfire_rested":3,"item_purchase_floors":[4,4,19,19,19],"current_hp_per_floor":[65,62,44,44,44,9,8,8,8,29,20,41,35,35,35,17,58,34,34,16,2,17,38,27,27,27,0,0],"gold":121,"neow_bonus":"BOSS_RELIC","is_daily":false,"chose_seed":false,"campfire_upgraded":2,"win_rate":0.0,"timestamp":1612175842,"path_taken":["M","M","?","$","M","E","M","?","T","R","M","R","?","E","R","BOSS","M","$","M","M","$","R","E","R","T","?"],"items_purchased_type":["Card","Card","Relic","Card","Relic"],"build_version":"2020-12-22","purchased_purges":1,"victory":false,"max_hp_per_floor":[72,72,72,72,72,72,72,72,72,72,72,72,72,72,72,72,72,72,72,72,72,72,72,82,82,82,82,82],"relic_stats":{"Blood Vial":2,"counters":[14,61],"Golden Idol":87,"Astrolabe":["MentalFortress","ForeignInfluence","ConjureBlade"],"Tiny Chest":0,"MealTicket":15,"obtain_stats":[{"Blood Vial":26,"SlaversCollar":0,"Anchor":19,"Matryoshka":9,"Pear":24,"Golden Idol":3,"Astrolabe":17,"Tiny Chest":14,"MealTicket":19,"PureWater":0,"Unceasing Top":6},{"Blood Vial":13,"SlaversCollar":0,"Anchor":10,"Matryoshka":5,"Pear":13,"Golden Idol":2,"Astrolabe":9,"Tiny Chest":8,"MealTicket":10,"PureWater":0,"Unceasing Top":4},{"Blood Vial":56,"SlaversCollar":0,"Anchor":37,"Matryoshka":16,"Pear":56,"Golden Idol":7,"Astrolabe":32,"Tiny Chest":25,"MealTicket":37,"PureWater":0,"Unceasing Top":14}],"Unceasing Top":[2]},"card_choices":[{"not_picked":["ClearTheMind","JustLucky"],"picked":"FlyingSleeves","floor":1.0},{"not_picked":["EmptyFist","WreathOfFlame"],"picked":"Tantrum","floor":2.0},{"not_picked":["Vengeance","Prostrate"],"picked":"EmptyFist","floor":5.0},{"not_picked":["Judgement","ThirdEye"],"picked":"LessonLearned","floor":6.0},{"not_picked":["BowlingBash","MentalFortress"],"picked":"DeceiveReality","floor":7.0},{"not_picked":["Crescendo","CrushJoints"],"picked":"InnerPeace","floor":11.0},{"not_picked":["BattleHymn","Crescendo"],"picked":"Conclude","floor":13},{"not_picked":["Weave","FlyingSleeves"],"picked":"Meditate","floor":14},{"not_picked":["LessonLearned","Establishment"],"picked":"DevaForm","floor":16},{"not_picked":["EmptyBody","ClearTheMind"],"picked":"SandsOfTime+1","floor":18},{"not_picked":["WindmillStrike","EmptyMind","Pray"],"picked":"SKIP","floor":20},{"not_picked":["FollowUp","JustLucky"],"picked":"Evaluate","floor":21},{"not_picked":["BowlingBash","ReachHeaven"],"picked":"EmptyBody+1","floor":24}],"player_experience":334814,"relics_obtained":[{"floor":6.0,"key":"Unceasing Top"},{"floor":9.0,"key":"Matryoshka"},{"floor":14,"key":"Tiny Chest"},{"floor":24,"key":"Pear"},{"floor":26,"key":"Blood Vial"}],"event_choices":[{"damage_healed":0.0,"max_hp_gain":0.0,"max_hp_loss":0.0,"gold_gain":0.0,"event_name":"Golden Idol","player_choice":"Take Damage","floor":3.0,"gold_loss":0.0,"damage_taken":18.0,"relics_obtained":["Golden Idol"]},{"damage_healed":0.0,"max_hp_gain":0.0,"max_hp_loss":0.0,"gold_gain":100.0,"event_name":"Golden Shrine","player_choice":"Pray","floor":8.0,"gold_loss":0.0,"damage_taken":0.0},{"damage_healed":0,"gold_gain":0,"player_choice":"Fought Bandits","damage_taken":0,"max_hp_gain":0,"max_hp_loss":0,"event_name":"Masked Bandits","floor":27,"gold_loss":0}],"is_beta":false,"boss_relics":[{"not_picked":["Velvet Choker","Coffee Dripper"],"picked":"Astrolabe"}],"items_purged_floors":[19],"is_endless":false,"potions_floor_spawned":[6,7,11,14,16,18,20],"killed_by":"Masked Bandits","ascension_level":6}}