{"host":"15dd7v8o90xso62x","time":1612175727,"event":{"mods":["BaseMod","Minty Spire (QoL Compilation)","Quick Restart","StSLib","SuperFastMode"],"gold_per_floor":[116,189,189,17,34,34,64,19,19,37,62,82,7,36,36,107,107,122,135,59,79,4,4,23,38,62,62,72,72,72,122,122,122,122],"floor_reached":33,"language":"KOR","playtime":876,"items_purged":["Strike_G"],"score":610,"play_id":"3ab4b6a5-52e6-4c6d-b16a-1909ba3d8eac","local_time":"20210201193527","is_ascension_mode":true,"campfire_choices":[{"data":"Blade Dance","floor":6.0,"key":"SMITH"},{"data":"Acrobatics","floor":15.0,"key":"SMITH"},{"data":"Tactician","floor":23.0,"key":"SMITH"},{"floor":27.0,"key":"REST"},{"data":"Well Laid Plans","floor":29.0,"key":"SMITH"},{"data":"Grand Finale","floor":32,"key":"SMITH"}],"circlet_count":0,"master_deck":["AscendersBane","Strike_G+1","Strike_G+1","Strike_G","Defend_G","Defend_G","Defend_G","Defend_G","Defend_G","Survivor","Neutralize","Crippling Poison","Blade Dance+1","Acrobatics+1","Well Laid Plans+1","Dash","Grand Finale+1","Escape Plan","Tactician+1"],"relics":["Ring of the Snake","NeowsBlessing","Darkstone Periapt","Sling","MealTicket","Shuriken","Gambling Chip","Odd Mushroom","WristBlade","Whetstone"],"acts_visited":["Exordium","TheCity"],"potions_floor_usage":[],"damage_taken":[{"damage":0.0,"enemies":"Cultist","floor":1.0,"turns":1.0},{"damage":0.0,"enemies":"Small Slimes","floor":5.0,"turns":1.0},{"damage":0.0,"enemies":"3 Sentries","floor":7.0,"turns":1.0},{"damage":11.0,"enemies":"Jaw Worm","floor":10.0,"turns":6.0},{"damage":0.0,"enemies":"Gremlin Nob","floor":11.0,"turns":3.0},{"damage":8.0,"enemies":"Blue Slaver","floor":12.0,"turns":5.0},{"damage":5.0,"enemies":"The Mushroom Lair","floor":14.0,"turns":2.0},{"damage":28.0,"enemies":"Slime Boss","floor":16.0,"turns":6.0},{"damage":11.0,"enemies":"2 Thieves","floor":18.0,"turns":2.0},{"damage":10.0,"enemies":"Shell Parasite","floor":19.0,"turns":3.0},{"damage":19.0,"enemies":"Shelled Parasite and Fungi","floor":21.0,"turns":2.0},{"damage":14.0,"enemies":"Snake Plant","floor":24.0,"turns":4.0},{"damage":2.0,"enemies":"Sentry and Sphere","floor":25.0,"turns":3.0},{"damage":9.0,"enemies":"Shelled Parasite and Fungi","floor":28.0,"turns":4.0},{"damage":44,"enemies":"Automaton","floor":33,"turns":6}],"seed_played":"-8224037103204015480","potions_obtained":[{"floor":5.0,"key":"Poison Potion"},{"floor":11.0,"key":"SkillPotion"},{"floor":14.0,"key":"LiquidBronze"},{"floor":19.0,"key":"BlessingOfTheForge"},{"floor":25.0,"key":"SteroidPotion"}],"is_trial":false,"path_per_floor":["M","T","?","$","M","R","E","$","T","M","E","M","$","?","R","B",null,"M","M","$","M","?","R","M","M","T","R","M","R","?","?","R","B"],"character_chosen":"THE_SILENT","items_purchased":["Sling","Well Laid Plans","Tactician"],"campfire_rested":1,"item_purchase_floors":[4,8,20],"current_hp_per_floor":[59,59,64,64,64,64,64,71,71,60,60,52,67,62,62,34,62,51,41,56,37,37,37,23,21,21,42,33,33,33,33,33,0,0],"gold":122,"neow_bonus":"THREE_ENEMY_KILL","is_daily":false,"chose_seed":false,"campfire_upgraded":5,"win_rate":0.0,"timestamp":1612175727,"path_taken":["M","?","?","$","M","R","E","?","T","?","E","M","$","?","R","BOSS","M","M","$","M","?","R","M","M","T","R","M","R","?","?","R","BOSS"],"items_purchased_type":["Relic","Card","Card"],"build_version":"2020-12-22","purchased_purges":1,"victory":false,"max_hp_per_floor":[66,66,71,71,71,71,71,71,71,71,71,71,71,71,71,71,71,71,71,71,71,71,71,71,71,71,71,71,71,71,71,71,71,71],"card_choices":[{"not_picked":["Slice","Deflect"],"picked":"Crippling Poison","floor":1.0},{"not_picked":["Deadly Poison","Flying Knee"],"picked":"Blade Dance","floor":5.0},{"not_picked":["Bouncing Flask","Escape Plan"],"picked":"Acrobatics","floor":7.0},{"not_picked":["Finisher","Eviscerate"],"picked":"Dash","floor":10.0},{"not_picked":["Noxious Fumes","Blade Dance"],"picked":"Grand Finale","floor":11.0},{"not_picked":["Outmaneuver","Flying Knee","Cloak And Dagger"],"picked":"SKIP","floor":12.0},{"not_picked":["Bouncing Flask","Poisoned Stab"],"picked":"Escape Plan","floor":14.0},{"not_picked":["Cloak And Dagger","Noxious Fumes","Caltrops"],"picked":"SKIP","floor":18.0},{"not_picked":["Sucker Punch","Deflect","Flying Knee"],"picked":"SKIP","floor":19.0},{"not_picked":["Skewer","Quick Slash+1","Backflip"],"picked":"SKIP","floor":21.0},{"not_picked":["Dagger Throw","Slice","Sucker Punch"],"picked":"SKIP","floor":24.0},{"not_picked":["Deflect","Crippling Poison","PiercingWail"],"picked":"SKIP","floor":25.0},{"not_picked":["Deadly Poison","PiercingWail","Dagger Throw"],"picked":"SKIP","floor":28.0}],"player_experience":919700,"relics_obtained":[{"floor":2.0,"key":"Darkstone Periapt"},{"floor":7.0,"key":"MealTicket"},{"floor":9.0,"key":"Shuriken"},{"floor":11.0,"key":"Gambling Chip"},{"floor":14.0,"key":"Odd Mushroom"},{"floor":26.0,"key":"Whetstone"}],"event_choices":[{"damage_healed":0.0,"max_hp_gain":5.0,"max_hp_loss":0.0,"gold_gain":0.0,"event_name":"Big Fish","player_choice":"Donut","floor":3.0,"gold_loss":0.0,"damage_taken":0.0},{"damage_healed":0.0,"max_hp_gain":0.0,"max_hp_loss":0.0,"gold_gain":0.0,"event_name":"Mushrooms","player_choice":"Fought Mushrooms","floor":14.0,"gold_loss":0.0,"damage_taken":0.0},{"cards_removed":["Strike_G"],"damage_healed":0.0,"max_hp_gain":0.0,"max_hp_loss":0.0,"gold_gain":0.0,"event_name":"Beggar","player_choice":"Gave Gold","floor":22.0,"gold_loss":75.0,"damage_taken":0.0},{"damage_healed":0,"gold_gain":100,"player_choice":"Bet on Murderer","damage_taken":0,"max_hp_gain":0,"max_hp_loss":0,"event_name":"The Joust","floor":31,"gold_loss":50}],"is_beta":false,"boss_relics":[{"not_picked":["Sozu","Busted Crown"],"picked":"WristBlade"}],"items_purged_floors":[13],"is_endless":false,"potions_floor_spawned":[5,11,14,19,25],"killed_by":"Automaton","ascension_level":20}}