{"host":"d744ndivyohnro60","time":1612204110,"event":{"mods":["BaseMod","Bestiary","Colored Powertips","Minty Spire (QoL Compilation)","Relic Stats"],"gold_per_floor":[115,115,115,134,147,147,161,196,196,209,209,209,209,223,223,322,322,342,342,342,352,352,352,352],"floor_reached":23,"language":"ENG","playtime":800,"items_purged":[],"score":248,"play_id":"394066e7-7ba3-4ad7-a17d-e4fc939c054f","local_time":"20210201132830","is_ascension_mode":true,"campfire_choices":[{"data":"Genetic Algorithm","floor":6,"key":"SMITH"},{"data":"Buffer","floor":15,"key":"SMITH"}],"circlet_count":0,"master_deck":["Strike_B","Strike_B","Strike_B","Strike_B","Defend_B","Defend_B","Defend_B+1","Zap","Dualcast","Genetic Algorithm+1","Hologram","Static Discharge","Ball Lightning","Buffer+1","Undo","Redo+1","Creative AI","Chaos","Undo","Shame"],"relics":["Cracked Core","DataDisk","White Beast Statue","MealTicket","StrikeDummy","Shovel","Inserter","War Paint","StoneCalendar"],"acts_visited":["Exordium","TheCity"],"potions_floor_usage":[7,8,8,14,16,18,21,23],"damage_taken":[{"damage":1,"enemies":"2 Louse","floor":1,"turns":2},{"damage":7,"enemies":"Jaw Worm","floor":4,"turns":2},{"damage":1,"enemies":"Cultist","floor":5,"turns":3},{"damage":25,"enemies":"Exordium Wildlife","floor":7,"turns":3},{"damage":0,"enemies":"Gremlin Nob","floor":8,"turns":2},{"damage":3,"enemies":"Large Slime","floor":10,"turns":4},{"damage":0,"enemies":"Exordium Thugs","floor":14,"turns":2},{"damage":7,"enemies":"Slime Boss","floor":16,"turns":9},{"damage":25,"enemies":"Shell Parasite","floor":18,"turns":8},{"damage":29,"enemies":"2 Thieves","floor":21,"turns":3},{"damage":25,"enemies":"Book of Stabbing","floor":23,"turns":6}],"seed_played":"2852929788981471031","potions_obtained":[{"floor":1,"key":"ColorlessPotion"},{"floor":4,"key":"FocusPotion"},{"floor":5,"key":"DistilledChaos"},{"floor":7,"key":"Explosive Potion"},{"floor":8,"key":"Block Potion"},{"floor":10,"key":"DistilledChaos"},{"floor":14,"key":"FocusPotion"},{"floor":16,"key":"Explosive Potion"},{"floor":18,"key":"PotionOfCapacity"},{"floor":21,"key":"EssenceOfSteel"}],"is_trial":false,"path_per_floor":["M","?","T","M","M","R","M","E","T","M","?","?","?","M","R","B",null,"M","?","?","M","?","E"],"character_chosen":"DEFECT","items_purchased":[],"campfire_rested":0,"item_purchase_floors":[],"current_hp_per_floor":[74,74,74,67,66,66,41,41,41,38,31,56,56,56,56,49,75,50,50,50,21,21,0,0],"gold":352,"neow_bonus":"RANDOM_COMMON_RELIC","is_daily":false,"chose_seed":false,"campfire_upgraded":2,"win_rate":0.0,"timestamp":1612204110,"path_taken":["M","?","?","M","?","R","M","E","T","M","?","?","?","?","R","BOSS","M","?","?","?","?","E"],"items_purchased_type":[],"build_version":"2020-12-22","purchased_purges":0,"victory":false,"max_hp_per_floor":[75,75,75,75,75,75,75,75,75,75,75,75,75,75,75,75,75,75,75,75,75,75,75,75],"relic_stats":{"Shovel":0,"Inserter":[8],"counters":[11,44],"MealTicket":0,"StoneCalendar":[0],"War Paint":["Redo","Defend_B"],"obtain_stats":[{"DataDisk":0,"Shovel":13,"Inserter":17,"MealTicket":8,"StoneCalendar":22,"War Paint":19,"Cracked Core":0,"StrikeDummy":9,"White Beast Statue":3},{"DataDisk":0,"Shovel":6,"Inserter":8,"MealTicket":5,"StoneCalendar":10,"War Paint":9,"Cracked Core":0,"StrikeDummy":5,"White Beast Statue":1},{"DataDisk":0,"Shovel":16,"Inserter":27,"MealTicket":12,"StoneCalendar":38,"War Paint":35,"Cracked Core":0,"StrikeDummy":12,"White Beast Statue":2}]},"card_choices":[{"not_picked":["Sweeping Beam","Conserve Battery"],"picked":"Genetic Algorithm","floor":1},{"not_picked":["Go for the Eyes","Steam"],"picked":"Hologram","floor":4},{"not_picked":["Ball Lightning","Storm"],"picked":"Static Discharge","floor":5},{"not_picked":["Darkness","Coolheaded"],"picked":"Ball Lightning","floor":7},{"not_picked":["Recycle","Leap"],"picked":"Buffer","floor":8},{"not_picked":["Steam","Conserve Battery"],"picked":"Undo","floor":10},{"not_picked":["Hologram","Genetic Algorithm"],"picked":"Redo","floor":14},{"not_picked":["Hyperbeam","Amplify"],"picked":"Creative AI","floor":16},{"not_picked":["Scrape","Redo"],"picked":"Chaos","floor":18},{"not_picked":["Rebound","Go for the Eyes"],"picked":"Undo","floor":21}],"player_experience":188438,"relics_obtained":[{"floor":3,"key":"White Beast Statue"},{"floor":8,"key":"MealTicket"},{"floor":9,"key":"StrikeDummy"}],"event_choices":[{"damage_healed":0,"gold_gain":0,"player_choice":"Ignored","damage_taken":0,"max_hp_gain":0,"max_hp_loss":0,"event_name":"Shining Light","floor":2,"gold_loss":0},{"cards_removed":["Defend_B"],"damage_healed":0,"gold_gain":0,"player_choice":"Card Removal","damage_taken":7,"max_hp_gain":0,"max_hp_loss":0,"event_name":"Golden Wing","floor":11,"gold_loss":0},{"damage_healed":25,"gold_gain":0,"player_choice":"Banana","damage_taken":0,"max_hp_gain":0,"max_hp_loss":0,"event_name":"Big Fish","floor":12,"gold_loss":0},{"damage_healed":0,"gold_gain":0,"player_choice":"Gave Potion","damage_taken":0,"relics_obtained":["Shovel"],"max_hp_gain":0,"max_hp_loss":0,"event_name":"WeMeetAgain","floor":13,"gold_loss":0},{"damage_healed":0,"gold_gain":0,"player_choice":"Opened","damage_taken":0,"relics_obtained":["War Paint"],"max_hp_gain":0,"max_hp_loss":0,"event_name":"The Mausoleum","floor":19,"gold_loss":0,"cards_obtained":["Writhe"]},{"cards_removed":["Writhe"],"damage_healed":0,"gold_gain":0,"player_choice":"Purged","damage_taken":0,"max_hp_gain":0,"max_hp_loss":0,"event_name":"Purifier","floor":20,"gold_loss":0},{"damage_healed":0,"gold_gain":0,"player_choice":"Stole Relic","damage_taken":0,"relics_obtained":["StoneCalendar"],"max_hp_gain":0,"max_hp_loss":0,"event_name":"Addict","floor":22,"gold_loss":0,"cards_obtained":["Shame"]}],"is_beta":false,"boss_relics":[{"not_picked":["Nuclear Battery","Black Star"],"picked":"Inserter"}],"items_purged_floors":[],"is_endless":false,"potions_floor_spawned":[1,4,5,7,8,10,14,16,18,21],"killed_by":"Book of Stabbing","ascension_level":3}}