{"host":"jx3f6ezc0g3s9edc","time":1612148222,"event":{"mods":["AchievementEnabler","BaseMod","Bestiary","Colored Map","Highlight Path","Minty Spire (QoL Compilation)","StSLib"],"gold_per_floor":[113,133,144,144,219,252,271,271,295,306,306,306,306],"floor_reached":12,"language":"ENG","playtime":797,"items_purged":[],"score":132,"play_id":"32581770-0186-454a-9dce-5fe8fc4ddacf","local_time":"20210131215702","is_ascension_mode":true,"campfire_choices":[{"floor":8,"key":"REST"}],"circlet_count":0,"master_deck":["AscendersBane","Strike_R","Strike_R","Strike_R","Strike_R","Strike_R","Defend_R","Defend_R","Defend_R","Defend_R","Bash+1","Flex","Sword Boomerang","Feel No Pain","Headbutt","Cleave"],"relics":["Burning Blood","Bag of Marbles","Bronze Scales","Bottled Tornado"],"acts_visited":["Exordium"],"potions_floor_usage":[6],"damage_taken":[{"damage":4,"enemies":"2 Louse","floor":1,"turns":4},{"damage":4,"enemies":"Jaw Worm","floor":2,"turns":4},{"damage":11,"enemies":"Small Slimes","floor":3,"turns":3},{"damage":42,"enemies":"3 Sentries","floor":6,"turns":12},{"damage":16,"enemies":"Blue Slaver","floor":7,"turns":4},{"damage":39,"enemies":"Exordium Thugs","floor":10,"turns":6},{"damage":41,"enemies":"Lagavulin","floor":12,"turns":7}],"seed_played":"7654955114815578372","potions_obtained":[{"floor":1,"key":"FairyPotion"},{"floor":3,"key":"ColorlessPotion"}],"is_trial":false,"path_per_floor":["M","M","M","?","?","E","M","R","T","M","T","E"],"character_chosen":"IRONCLAD","items_purchased":[],"campfire_rested":1,"item_purchase_floors":[],"current_hp_per_floor":[74,76,71,76,65,29,19,44,44,11,11,0,0],"gold":306,"neow_bonus":"UPGRADE_CARD","is_daily":false,"chose_seed":false,"campfire_upgraded":0,"win_rate":0.0,"timestamp":1612148222,"path_taken":["M","M","M","?","?","E","M","R","T","M","?","E"],"items_purchased_type":[],"build_version":"2020-12-22","purchased_purges":0,"victory":false,"max_hp_per_floor":[80,80,80,85,85,85,85,85,85,85,85,85,85],"card_choices":[{"not_picked":["Pummel","True Grit"],"picked":"Flex","floor":1},{"not_picked":["Pommel Strike","Sentinel"],"picked":"Sword Boomerang","floor":2},{"not_picked":["Cleave","Perfected Strike"],"picked":"Feel No Pain","floor":3},{"not_picked":["Perfected Strike","Exhume"],"picked":"Headbutt","floor":6},{"not_picked":["Wild Strike","Headbutt"],"picked":"Cleave","floor":7},{"not_picked":["Wild Strike","Thunderclap","Cleave"],"picked":"SKIP","floor":10}],"player_experience":807669,"relics_obtained":[{"floor":6,"key":"Bag of Marbles"},{"floor":9,"key":"Bronze Scales"},{"floor":11,"key":"Bottled Tornado"}],"event_choices":[{"damage_healed":0,"gold_gain":0,"player_choice":"Donut","damage_taken":0,"max_hp_gain":5,"max_hp_loss":0,"event_name":"Big Fish","floor":4,"gold_loss":0},{"damage_healed":0,"gold_gain":75,"player_choice":"Gather Gold","damage_taken":11,"max_hp_gain":0,"max_hp_loss":0,"event_name":"World of Goop","floor":5,"gold_loss":0}],"is_beta":false,"boss_relics":[],"items_purged_floors":[],"is_endless":false,"potions_floor_spawned":[1,3],"killed_by":"Lagavulin","ascension_level":13}}