{"host":"2q4w55ev63ot6isg","time":1612201809,"event":{"mods":["Aspiration","BaseMod","Downfall","Hubris","Marisa????????","Minty Spire (QoL Compilation)","Replay The Spire","StSLib","The Cursed","The Jungle","The Servant 0.9.4"],"gold_per_floor":[118,18,37,37,37,63,63,88,88,88,99,99,113,129,129,231,231,251,267,267,192,203,203,236,256,280,300,300,314,333,350,350,450,450,461,472,72,122,122,122],"floor_reached":39,"language":"ENG","playtime":1256,"items_purged":["Strike_G"],"score":589,"play_id":"4d9c6992-a4a2-4531-89ce-0eb8e6d1fb5d","local_time":"20210201095009","is_ascension_mode":true,"campfire_choices":[{"data":"Footwork","floor":7,"key":"SMITH"},{"floor":10,"key":"REST"},{"data":"Envenom","floor":23,"key":"SMITH"},{"floor":28,"key":"REST"},{"floor":32,"key":"REST"}],"circlet_count":0,"master_deck":["Strike_G","Strike_G","Strike_G","Defend_G","Defend_G","Defend_G","Defend_G","Defend_G","Survivor","Neutralize","Catalyst+1","Deadly Poison+1","Footwork+1","Dagger Spray","Acrobatics","Distraction","Envenom+1","Blur","Cloak And Dagger","Poison Darts","Tactician","Dagger Throw","Backstab","Deadly Poison+1","Replay:Poison Smokescreen","Calculated Gamble+1","Backflip","Toxin Wave","Backflip","Hidden Blade+1","Atom Bomb","Outmaneuver+1","Blur+1","ReplayTheSpireMod:Private Reserves","Sucker Punch+1"],"relics":["Sozu","hubris:ToyBattleship","Lantern","Blood Vial","hubris:Metronome","Painkiller Herb","Mercury Hourglass","Bronze Scales","SlaversCollar","TwistedFunnel","Centennial Puzzle","hubris:GlazedTorus"],"acts_visited":["Exordium","TheCity","TheBeyond"],"potions_floor_usage":[],"damage_taken":[{"damage":0,"enemies":"Jaw Worm","floor":1,"turns":6},{"damage":0,"enemies":"2 Louse","floor":3,"turns":3},{"damage":14,"enemies":"Lagavulin","floor":6,"turns":8},{"damage":20,"enemies":"Gremlin Nob","floor":8,"turns":4},{"damage":0,"enemies":"Cultist","floor":11,"turns":3},{"damage":8,"enemies":"Looter","floor":13,"turns":4},{"damage":0,"enemies":"2 Fungi Beasts","floor":14,"turns":3},{"damage":0,"enemies":"Slime Boss","floor":16,"turns":5},{"damage":10,"enemies":"Spheric Guardian","floor":18,"turns":6},{"damage":2,"enemies":"3 Byrds","floor":19,"turns":5},{"damage":13,"enemies":"Snake Plant","floor":22,"turns":2},{"damage":25,"enemies":"Slavers","floor":24,"turns":6},{"damage":1,"enemies":"Snecko","floor":25,"turns":4},{"damage":4,"enemies":"Cultist and Chosen","floor":27,"turns":4},{"damage":5,"enemies":"Snake Plant","floor":29,"turns":3},{"damage":0,"enemies":"Centurion and Healer","floor":30,"turns":6},{"damage":10,"enemies":"Shelled Parasite and Fungi","floor":31,"turns":4},{"damage":23,"enemies":"Pondfish","floor":33,"turns":8},{"damage":30,"enemies":"3 Darklings","floor":35,"turns":3},{"damage":9,"enemies":"Orb Walker","floor":36,"turns":2},{"damage":4,"enemies":"Mind Bloom Boss Battle","floor":38,"turns":6},{"damage":38,"enemies":"2 Orb Walkers","floor":39,"turns":2}],"seed_played":"-2322673543469853600","potions_obtained":[],"is_trial":false,"path_per_floor":["M","$","M","?","$","E","R","E","T","R","M","?","M","M","R","B",null,"?","?","?","T","?","T","E","?","T","?","T","?","?","?","T","B",null,"?","?","T","?","?"],"character_chosen":"THE_SILENT","items_purchased":["Deadly Poison","Footwork","TwistedFunnel","ReplayTheSpireMod:Private Reserves","Centennial Puzzle"],"campfire_rested":3,"item_purchase_floors":[2,2,37,37,37],"current_hp_per_floor":[70,70,70,58,58,44,44,24,24,45,47,47,41,43,64,66,70,60,60,60,60,49,49,26,27,27,25,46,43,45,37,58,37,70,40,33,33,31,0,0],"gold":122,"neow_bonus":"BOSS_RELIC","is_daily":false,"chose_seed":false,"campfire_upgraded":2,"win_rate":0.0,"timestamp":1612201809,"path_taken":["M","$","M","?","$","E","R","E","T","R","M","?","M","M","R","BOSS","?","?","?","T","?","T","E","?","T","?","T","?","?","?","T","BOSS","?","?","T","?","?"],"items_purchased_type":["Card","Card","Relic","Card","Relic"],"build_version":"2020-12-22","purchased_purges":1,"victory":false,"max_hp_per_floor":[70,70,70,70,70,70,70,70,70,70,70,70,70,70,70,70,70,70,70,70,70,70,70,70,70,70,70,70,70,70,70,70,70,70,70,70,70,70,70,70],"card_choices":[{"not_picked":["Cloak And Dagger","Underhanded Strike"],"picked":"Catalyst","floor":1},{"not_picked":["Backstab","Terror"],"picked":"Dagger Spray","floor":3},{"not_picked":["Flying Knee","Dagger Spray"],"picked":"Acrobatics","floor":6},{"not_picked":["Dagger Spray","Terror"],"picked":"Distraction","floor":8},{"not_picked":["Draining Mist","Poisoned Stab"],"picked":"Envenom","floor":11},{"not_picked":["ReplayTheSpireMod:Shiv Toss","Dodge and Roll"],"picked":"Blur","floor":13},{"not_picked":["Hidden Blade","hubris:Counter"],"picked":"Cloak And Dagger","floor":14},{"not_picked":["Phantasmal Killer","Doppelganger"],"picked":"Poison Darts","floor":16},{"not_picked":["PiercingWail","Blade Dance"],"picked":"Tactician","floor":18},{"not_picked":["PiercingWail","Cloak And Dagger"],"picked":"Dagger Throw","floor":19},{"not_picked":["Endless Agony+1","Prepared"],"picked":"Deadly Poison+1","floor":22},{"not_picked":["Slice","Outmaneuver"],"picked":"Replay:Poison Smokescreen","floor":24},{"not_picked":["Cloak And Dagger","hubris:SlightOfHand"],"picked":"Calculated Gamble+1","floor":25},{"not_picked":["Outmaneuver+1","PiercingWail"],"picked":"Backflip","floor":27},{"not_picked":["Dagger Spray","A Thousand Cuts"],"picked":"Toxin Wave","floor":29},{"not_picked":["Dash","hubris:Counter"],"picked":"Backflip","floor":30},{"not_picked":["Sucker Punch","Bane"],"picked":"Hidden Blade+1","floor":31},{"not_picked":["A Thousand Cuts","Grand Finale"],"picked":"Atom Bomb","floor":33},{"not_picked":["Slice+1","Acrobatics"],"picked":"Outmaneuver+1","floor":35},{"not_picked":["Flying Knee+1","Outmaneuver+1"],"picked":"Blur+1","floor":36},{"not_picked":["hubris:Counter","Dagger Spray"],"picked":"Sucker Punch+1","floor":38}],"player_experience":199100,"relics_obtained":[{"floor":6,"key":"Lantern"},{"floor":8,"key":"Blood Vial"},{"floor":9,"key":"hubris:Metronome"},{"floor":24,"key":"Mercury Hourglass"},{"floor":26,"key":"Bronze Scales"},{"floor":38,"key":"hubris:GlazedTorus"}],"event_choices":[{"damage_healed":0,"gold_gain":0,"player_choice":"Success","damage_taken":12,"relics_obtained":["hubris:ToyBattleship"],"max_hp_gain":0,"max_hp_loss":0,"event_name":"Scrap Ooze","floor":4,"gold_loss":0},{"damage_healed":0,"gold_gain":0,"player_choice":"Grow","damage_taken":0,"max_hp_gain":0,"max_hp_loss":0,"event_name":"Living Wall","floor":12,"gold_loss":0,"cards_upgraded":["Catalyst"]},{"damage_healed":0,"gold_gain":0,"cards_transformed":["Strike_G"],"player_choice":"Transformed","damage_taken":0,"max_hp_gain":0,"max_hp_loss":0,"event_name":"Transmorgrifier","floor":20,"gold_loss":0,"cards_obtained":["Backstab"]},{"damage_healed":0,"gold_gain":0,"player_choice":"Fight","damage_taken":0,"max_hp_gain":0,"max_hp_loss":0,"event_name":"MindBloom","floor":38,"gold_loss":0},{"damage_healed":0,"gold_gain":0,"player_choice":"Fight","damage_taken":0,"max_hp_gain":0,"max_hp_loss":0,"event_name":"Mysterious Sphere","floor":39,"gold_loss":0}],"is_beta":false,"boss_relics":[{"not_picked":["Tiny House","Velvet Choker"],"picked":"Painkiller Herb"},{"not_picked":["Abe\u0027s Treasure","Philosopher\u0027s Stone"],"picked":"SlaversCollar"}],"items_purged_floors":[21],"is_endless":false,"potions_floor_spawned":[6,13,14,16,19,22,24,27,33,35,36],"killed_by":"2 Orb Walkers","ascension_level":3}}