{"host":"9slw7l0ws16384qq","time":1612182625,"event":{"mods":["A Penny For Your Troubles","BaseMod","Colored Map","Downfall","Evolution","Hubris","Minty Spire (QoL Compilation)","Replay The Spire","StS++","StSLib"],"gold_per_floor":[0,19,19,35,35,35,35,55,15,44,44,73,93,93,106,211,211,111,127,146,146,166,166,166,201,201,217,217,217,546,456,467,467,467,467],"floor_reached":33,"language":"FRA","playtime":1577,"items_purged":["hexamod:Strike"],"score":310,"play_id":"520abdcd-0faa-4ffa-82a7-f4b87c644634","local_time":"20210201133025","is_ascension_mode":true,"campfire_choices":[{"data":"hexamod:Sear","floor":1,"key":"SMITH"},{"data":"hexamod:SwordOfDarkness","floor":6,"key":"SMITH"},{"data":"hexamod:SwordOfDarkness","floor":11,"key":"SMITH"},{"floor":18,"key":"DIG"},{"data":"hexamod:GhostflameInferno","floor":29,"key":"SMITH"}],"circlet_count":0,"master_deck":["hexamod:Strike","hexamod:Strike","hexamod:Defend+1","hexamod:Defend+1","hexamod:Defend+1","hexamod:Defend+1","hexamod:Sear+1","hexamod:Float","ReplayUltimateDefense+1","hexamod:SwordOfDarkness+1","hexamod:SwordOfDarkness+1","hexamod:SwordOfDarkness","hexamod:GhostflameInferno+1","hexamod:EmpoweredFlame","hexamod:VolcanoVisage"],"relics":["hexamod:SpiritBrand","EVO:Axolotl","hubris:Towel","Turnip","Replay:Bottled Eggs","hubris:Backtick","Guardian:PocketSentry","downfall:HeartBlessingGreen","Bag of Marbles","downfall:RedIOU","Pantograph","Tiny Chest","Old Coin"],"acts_visited":["Exordium","TheCity"],"potions_floor_usage":[16,25,25,33],"damage_taken":[{"damage":1,"enemies":"Jaw Worm","floor":2,"turns":4},{"damage":0,"enemies":"2 Louse","floor":4,"turns":3},{"damage":0,"enemies":"Small Slimes","floor":8,"turns":2},{"damage":0,"enemies":"downfall:FleeingMerchant","floor":9,"turns":4},{"damage":25,"enemies":"3 Sentries","floor":10,"turns":9},{"damage":13,"enemies":"Lagavulin","floor":12,"turns":4},{"damage":0,"enemies":"Exordium Thugs","floor":13,"turns":3},{"damage":0,"enemies":"Blue Slaver","floor":15,"turns":2},{"damage":21,"enemies":"WA_ARCHETYPE_RETAIN","floor":16,"turns":4},{"damage":0,"enemies":"Shell Parasite","floor":19,"turns":4},{"damage":1,"enemies":"Centurion and Healer","floor":20,"turns":5},{"damage":0,"enemies":"Sentry and Sphere","floor":22,"turns":4},{"damage":40,"enemies":"Gremlin Leader","floor":25,"turns":8},{"damage":13,"enemies":"3 Cultists","floor":27,"turns":4},{"damage":30,"enemies":"Book of Stabbing","floor":30,"turns":5},{"damage":1,"enemies":"downfall:FleeingMerchant","floor":31,"turns":4},{"damage":8,"enemies":"Snake Plant","floor":32,"turns":3},{"damage":46,"enemies":"DF_ARCHETYPE_CLAW","floor":33,"turns":9}],"seed_played":"-3338923510792660722","potions_obtained":[{"floor":4,"key":"StSpp:SecondWindPotion"},{"floor":10,"key":"sneckomod:MuddlingPotion"},{"floor":13,"key":"Adrenaline Potion"},{"floor":15,"key":"Death Potion"},{"floor":16,"key":"Flashbang"},{"floor":27,"key":"BlessingOfTheForge"},{"floor":28,"key":"CultistPotion"}],"is_trial":false,"path_per_floor":["R","M","?","M","?","R","T","M","$","E","R","E","M","?","M","B",null,"R_BF","M","M","?","M","?","T","E","?","M","?","R","E","$","M","B"],"character_chosen":"THE_SPIRIT","items_purchased":["hexamod:SwordOfDarkness"],"campfire_rested":0,"item_purchase_floors":[9],"current_hp_per_floor":[70,69,69,69,69,69,69,69,69,44,44,31,31,31,31,10,70,70,70,69,69,69,69,69,29,70,57,57,57,27,26,18,0,0,0],"gold":467,"neow_bonus":"RANDOM_COLORLESS_2","is_daily":false,"chose_seed":false,"campfire_upgraded":4,"win_rate":0.0,"timestamp":1612182625,"path_taken":["R","M","?","M","?","R","T","M","$","E","R","E","M","?","M","BOSS","R_BF","M","M","?","M","?","T","E","?","?","?","R","E","$","M","BOSS"],"items_purchased_type":["Card"],"build_version":"2020-12-22","purchased_purges":1,"victory":false,"max_hp_per_floor":[70,70,70,70,70,70,70,70,70,70,70,70,70,70,70,70,70,70,70,70,70,70,70,70,70,70,70,70,70,70,70,70,70,70,70],"card_choices":[{"not_picked":["Metamorphosis","Chrysalis"],"picked":"ReplayUltimateDefense","floor":0},{"not_picked":["hexamod:Firestarter","hexamod:BurningTouch"],"picked":"hexamod:SwordOfDarkness","floor":2},{"not_picked":["hexamod:GhostflameBarrier","hexamod:StepThrough","hexamod:CatchUp"],"picked":"SKIP","floor":4},{"not_picked":["hexamod:GiftsFromTheDead","hexamod:SpectralAdrenaline","hexamod:NightmareGuise"],"picked":"SKIP","floor":8},{"not_picked":["hexamod:FourthSeal","hexamod:FastForward","hexamod:ExtraCrispy"],"picked":"SKIP","floor":9},{"not_picked":["hexamod:HeatMetal","hexamod:SecondSeal","hexamod:BurningTouch"],"picked":"SKIP","floor":10},{"not_picked":["hexamod:AdvancingGuard","hexamod:SoulSteal","hexamod:InspiringFlames"],"picked":"SKIP","floor":12},{"not_picked":["hexamod:InspiringFlames","hexamod:SpectersWail","hexamod:ShieldOfDarkness"],"picked":"SKIP","floor":13},{"not_picked":["hexamod:FlamesFromBeyond","hexamod:ShieldOfDarkness"],"picked":"hexamod:SwordOfDarkness","floor":15},{"not_picked":["hexamod:TimeWarp","hexamod:GiftsFromTheDead"],"picked":"hexamod:GhostflameInferno","floor":16},{"not_picked":["hexamod:NightmareStrike","hexamod:HeatMetal+1","hexamod:SuperheatedStrike+1"],"picked":"SKIP","floor":19},{"not_picked":["hexamod:SpectersWail","hexamod:RetreatToShadows+1"],"picked":"hexamod:EmpoweredFlame","floor":20},{"not_picked":["hexamod:GhostOfSpirePast","hexamod:Again","hexamod:BacktrackSmack+1"],"picked":"SKIP","floor":22},{"not_picked":["hexamod:NightmareGuise","hexamod:GhostLash","hexamod:BurningTouch"],"picked":"SKIP","floor":25},{"not_picked":["hexamod:GhostShield","hexamod:GhostLash","hexamod:ExtraCrispy"],"picked":"SKIP","floor":27},{"not_picked":["hexamod:SpectralAdrenaline+1","hexamod:GhostflameBarrier"],"picked":"hexamod:VolcanoVisage","floor":30},{"not_picked":["hexamod:NightmareGuise","hexamod:FourthSeal","hexamod:GhostShield"],"picked":"SKIP","floor":31},{"not_picked":["hexamod:RecurringNightmare+1","hexamod:NecessarySacrifice","hexamod:HeatMetal+1"],"picked":"SKIP","floor":32}],"player_experience":1576915,"relics_obtained":[{"floor":7,"key":"Turnip"},{"floor":10,"key":"Replay:Bottled Eggs"},{"floor":12,"key":"hubris:ToyBattleship"},{"floor":18,"key":"Bag of Marbles"},{"floor":24,"key":"Pantograph"},{"floor":25,"key":"Tiny Chest"},{"floor":30,"key":"Old Coin"}],"event_choices":[{"cards_removed":["hexamod:Strike"],"damage_healed":0,"gold_gain":0,"player_choice":"Card Removal","damage_taken":0,"max_hp_gain":0,"max_hp_loss":0,"event_name":"The Cleric","floor":14,"gold_loss":0},{"damage_healed":41,"gold_gain":0,"player_choice":"Full Heal","damage_taken":0,"max_hp_gain":0,"max_hp_loss":0,"event_name":"Wheel of Change","floor":26,"gold_loss":0}],"is_beta":false,"boss_relics":[{"not_picked":["Busted Crown","hubris:TerracottaHorce"],"picked":"hubris:Backtick"}],"items_purged_floors":[31],"is_endless":false,"potions_floor_spawned":[4,10,13,15,16,20,27,30],"killed_by":"DF_ARCHETYPE_CLAW","ascension_level":1}}