{"host":"xltl1aroowo69o4n","time":1612153842,"event":{"mods":["BaseMod","Colored Map","Colored Powertips","Minty Spire (QoL Compilation)","StSLib"],"gold_per_floor":[112,123,123,140,105,105,116,116,142,161,179,179,179,205,205,309,309,309,17,17,17,17,17,0,0,0,0,0,0,0,0,0,0,0,0,0,0,0,0,0,0],"floor_reached":40,"language":"ENG","playtime":1950,"items_purged":[],"score":404,"play_id":"e2bad266-56bf-4f70-b2bb-7ad10b489ff9","local_time":"20210131233042","is_ascension_mode":false,"campfire_choices":[{"data":"Genetic Algorithm","floor":6.0,"key":"SMITH"},{"floor":8,"key":"REST"},{"data":"Loop","floor":12,"key":"SMITH"},{"floor":15,"key":"REST"},{"floor":25,"key":"REST"},{"floor":29,"key":"REST"},{"floor":32,"key":"REST"}],"circlet_count":0,"master_deck":["Strike_B","Strike_B","Strike_B","Defend_B","Defend_B","Defend_B","Defend_B","Zap","Dualcast","Genetic Algorithm+1","Undo","Lockon","Loop","Loop+1","Melter","Core Surge","Gash","J.A.X.","RitualDagger","Beam Cell","Steam","Echo Form","Conserve Battery+1","BootSequence","Seek","Static Discharge","Capacitor+1"],"relics":["Cracked Core","Tiny Chest","Toy Ornithopter","Thread and Needle","Omamori","Ectoplasm","TungstenRod","Gremlin Horn","Darkstone Periapt","Sundial","Pantograph","Fusion Hammer","Ginger"],"acts_visited":["Exordium","TheCity","TheBeyond"],"potions_floor_usage":[16,16,23,33,38,40],"damage_taken":[{"damage":10.0,"enemies":"Small Slimes","floor":1.0,"turns":4.0},{"damage":4.0,"enemies":"Jaw Worm","floor":2.0,"turns":4.0},{"damage":5.0,"enemies":"2 Louse","floor":4.0,"turns":2.0},{"damage":9.0,"enemies":"2 Fungi Beasts","floor":7.0,"turns":3.0},{"damage":7,"enemies":"Exordium Wildlife","floor":10,"turns":4},{"damage":3,"enemies":"3 Louse","floor":11,"turns":4},{"damage":8,"enemies":"Gremlin Nob","floor":14,"turns":4},{"damage":34,"enemies":"Hexaghost","floor":16,"turns":9},{"damage":0,"enemies":"Spheric Guardian","floor":18,"turns":3},{"damage":41,"enemies":"Slavers","floor":23,"turns":6},{"damage":7,"enemies":"2 Thieves","floor":24,"turns":4},{"damage":2,"enemies":"Snecko","floor":28,"turns":3},{"damage":18,"enemies":"Cultist and Chosen","floor":30,"turns":6},{"damage":9,"enemies":"Centurion and Healer","floor":31,"turns":5},{"damage":61,"enemies":"Collector","floor":33,"turns":10},{"damage":8,"enemies":"Orb Walker","floor":35,"turns":4},{"damage":54,"enemies":"2 Orb Walkers","floor":38,"turns":6},{"damage":28,"enemies":"Reptomancer","floor":40,"turns":2}],"seed_played":"-2972392784625237381","potions_obtained":[{"floor":2.0,"key":"Dexterity Potion"},{"floor":10,"key":"LiquidMemories"},{"floor":11,"key":"SpeedPotion"},{"floor":14,"key":"LiquidBronze"},{"floor":18,"key":"EssenceOfSteel"},{"floor":24,"key":"Explosive Potion"},{"floor":30,"key":"Energy Potion"},{"floor":35,"key":"Swift Potion"}],"is_trial":false,"path_per_floor":["M","M","?","M","?","R","M","R","T","M","M","R","T","E","R","B",null,"M","$","?","?","?","E","M","R","T","T","M","R","M","M","R","B",null,"M","?","$","?","$","E"],"character_chosen":"DEFECT","items_purchased":["TungstenRod"],"campfire_rested":5,"item_purchase_floors":[19],"current_hp_per_floor":[65,61,54,49,67,67,58,75,75,68,65,65,65,57,75,51,75,75,75,75,75,70,34,27,49,49,49,47,69,51,42,64,14,75,67,67,67,18,18,0,0],"gold":0,"neow_bonus":"RANDOM_COMMON_RELIC","is_daily":false,"chose_seed":false,"campfire_upgraded":2,"win_rate":0.0,"timestamp":1612153842,"path_taken":["M","M","?","M","?","R","M","R","T","?","M","R","?","E","R","BOSS","M","$","?","?","?","E","M","R","T","?","M","R","M","M","R","BOSS","M","?","$","?","$","E"],"items_purchased_type":["Relic"],"build_version":"2020-12-13","purchased_purges":0,"victory":false,"max_hp_per_floor":[75,75,75,75,75,75,75,75,75,75,75,75,75,75,75,75,75,75,75,75,75,75,75,75,75,75,75,75,75,75,75,75,75,75,75,75,75,75,75,75,75],"card_choices":[{"not_picked":["Compile Driver","Reinforced Body"],"picked":"Genetic Algorithm","floor":1.0},{"not_picked":["Go for the Eyes","Gash"],"picked":"Scrape","floor":2.0},{"not_picked":["Rebound","Hologram"],"picked":"Undo","floor":4.0},{"not_picked":["Redo","Streamline"],"picked":"Lockon","floor":7.0},{"not_picked":["Heatsinks","Streamline"],"picked":"Loop","floor":10},{"not_picked":["Force Field","Steam Power"],"picked":"Loop","floor":11},{"not_picked":["Rainbow","Recycle"],"picked":"Melter","floor":14},{"not_picked":["Reboot","Meteor Strike"],"picked":"Core Surge","floor":16},{"not_picked":["Hologram","Beam Cell"],"picked":"Gash","floor":18},{"not_picked":["Conserve Battery","Scrape+1"],"picked":"Beam Cell","floor":23},{"not_picked":["Compile Driver+1","Static Discharge"],"picked":"Steam","floor":24},{"not_picked":["Rebound+1","Sweeping Beam"],"picked":"Echo Form","floor":28},{"not_picked":["Hologram","Cold Snap"],"picked":"Conserve Battery+1","floor":30},{"not_picked":["Chill","Capacitor"],"picked":"BootSequence","floor":31},{"not_picked":["Thunder Strike","Biased Cognition"],"picked":"Seek","floor":33},{"not_picked":["Sweeping Beam","Hologram"],"picked":"Static Discharge","floor":35},{"not_picked":["Fusion+1","Cold Snap+1"],"picked":"Capacitor+1","floor":38}],"player_experience":56397,"relics_obtained":[{"floor":9,"key":"Toy Ornithopter"},{"floor":13,"key":"Thread and Needle"},{"floor":14,"key":"Omamori"},{"floor":23,"key":"Darkstone Periapt"},{"floor":26,"key":"Sundial"},{"floor":27,"key":"Pantograph"},{"floor":38,"key":"Ginger"}],"event_choices":[{"cards_removed":["Strike_B"],"damage_healed":0.0,"max_hp_gain":0.0,"max_hp_loss":0.0,"gold_gain":0.0,"event_name":"Golden Wing","player_choice":"Card Removal","floor":3.0,"gold_loss":0.0,"damage_taken":7.0},{"damage_healed":18.0,"max_hp_gain":0.0,"max_hp_loss":0.0,"gold_gain":0.0,"event_name":"The Cleric","player_choice":"Healed","floor":5.0,"gold_loss":35.0,"damage_taken":0.0},{"damage_healed":0,"gold_gain":0,"player_choice":"Obtain J.A.X.","damage_taken":0,"max_hp_gain":0,"max_hp_loss":0,"event_name":"Drug Dealer","floor":20,"gold_loss":0,"cards_obtained":["J.A.X."]},{"damage_healed":0,"gold_gain":0,"player_choice":"Stole Relic","damage_taken":0,"relics_obtained":["Gremlin Horn"],"max_hp_gain":0,"max_hp_loss":0,"event_name":"Addict","floor":21,"gold_loss":0,"cards_obtained":["Shame"]},{"damage_healed":0,"gold_gain":0,"player_choice":"Joined the Cult","damage_taken":6,"max_hp_gain":0,"max_hp_loss":0,"event_name":"Nest","floor":22,"gold_loss":0,"cards_obtained":["RitualDagger"]},{"cards_removed":["Scrape"],"damage_healed":0,"gold_gain":0,"player_choice":"Removed Attack","damage_taken":0,"max_hp_gain":0,"max_hp_loss":0,"event_name":"Falling","floor":36,"gold_loss":0},{"damage_healed":0,"gold_gain":0,"player_choice":"Fight","damage_taken":0,"max_hp_gain":0,"max_hp_loss":0,"event_name":"Mysterious Sphere","floor":38,"gold_loss":0}],"is_beta":false,"boss_relics":[{"not_picked":["Runic Dome","Black Star"],"picked":"Ectoplasm"},{"not_picked":["Snecko Eye","Astrolabe"],"picked":"Fusion Hammer"}],"items_purged_floors":[],"is_endless":false,"potions_floor_spawned":[2,10,11,14,18,24,30,31,35],"killed_by":"Reptomancer","ascension_level":0}}