{"host":"2se5dq1do2gp0x9k","time":1612161288,"event":{"mods":["AchievementEnabler","BaseMod","Block Reminder","Colored Map","Colored Powertips","Minty Spire (QoL Compilation)","Relic Stats","StSLib","SuperFastMode"],"gold_per_floor":[116,116,130,41,52,83,83,83,83],"floor_reached":8,"language":"ENG","playtime":252,"items_purged":[],"score":112,"play_id":"a4916ec1-eb55-43bd-b7db-80638c9e0735","local_time":"20210131223448","is_ascension_mode":true,"campfire_choices":[{"floor":7,"key":"DIG"}],"circlet_count":0,"master_deck":["AscendersBane","Strike_B","Strike_B","Strike_B","Strike_B","Defend_B","Defend_B","Defend_B","Defend_B","Zap","Dualcast","Swift Strike","Reinforced Body","Go for the Eyes","Sunder","Rainbow","Reinforced Body"],"relics":["Cracked Core","Shovel","Torii","Symbiotic Virus"],"acts_visited":["Exordium"],"potions_floor_usage":[],"damage_taken":[{"damage":3,"enemies":"Small Slimes","floor":1,"turns":3},{"damage":1,"enemies":"Cultist","floor":3,"turns":3},{"damage":0,"enemies":"2 Louse","floor":5,"turns":3},{"damage":37,"enemies":"Gremlin Nob","floor":6,"turns":4},{"damage":30,"enemies":"Lagavulin","floor":8,"turns":10}],"seed_played":"4189372217681798668","potions_obtained":[{"floor":1,"key":"Fruit Juice"},{"floor":5,"key":"PowerPotion"}],"is_trial":false,"path_per_floor":["M","?","M","$","M","E","R","E"],"character_chosen":"DEFECT","items_purchased":["Sunder"],"campfire_rested":0,"item_purchase_floors":[4],"current_hp_per_floor":[61,61,60,60,60,23,23,0,0],"gold":83,"neow_bonus":"RANDOM_COLORLESS","is_daily":false,"chose_seed":false,"campfire_upgraded":0,"win_rate":0.0,"timestamp":1612161288,"path_taken":["M","?","M","$","?","E","R","E"],"items_purchased_type":["Card"],"build_version":"2020-12-22","purchased_purges":0,"victory":false,"max_hp_per_floor":[71,71,71,71,71,71,71,71,71],"relic_stats":{"Shovel":1,"Torii":2,"counters":[5,23],"obtain_stats":[{"Shovel":2,"Torii":6,"Cracked Core":0,"Symbiotic Virus":7},{"Shovel":1,"Torii":4,"Cracked Core":0,"Symbiotic Virus":4},{"Shovel":3,"Torii":13,"Cracked Core":0,"Symbiotic Virus":13}]},"card_choices":[{"not_picked":["Blind","Purity"],"picked":"Swift Strike","floor":0},{"not_picked":["Compile Driver","Rebound"],"picked":"Reinforced Body","floor":1},{"not_picked":["Blizzard","Turbo"],"picked":"Go for the Eyes","floor":3},{"not_picked":["Loop","Cold Snap"],"picked":"Rainbow","floor":5},{"not_picked":["Ball Lightning","Static Discharge"],"picked":"Reinforced Body","floor":6}],"player_experience":4041165,"relics_obtained":[{"floor":6,"key":"Torii"},{"floor":7,"key":"Symbiotic Virus"}],"event_choices":[{"damage_healed":0,"gold_gain":0,"player_choice":"Gave Potion","damage_taken":0,"relics_obtained":["Shovel"],"max_hp_gain":0,"max_hp_loss":0,"event_name":"WeMeetAgain","floor":2,"gold_loss":0}],"is_beta":false,"boss_relics":[],"items_purged_floors":[],"is_endless":false,"potions_floor_spawned":[1,5],"killed_by":"Lagavulin","ascension_level":20}}