{"host":"vt6dr1xq3iy14a3e","time":1612207914,"event":{"mods":["AchievementEnabler","BaseMod","Colored Map","DeckTracker","Minty Spire (QoL Compilation)","StSLib","SuperFastMode"],"gold_per_floor":[115,129,144,159,14,14,25,56,56,70,81,30,30,50,50,146,146,160,173,2,53,84,84,114,114,114,166,202,27,63,120,120,242,242,277,308,308,308,308,308,366,427,427,468,292,292,292,32,32,82,82,82,0,0,0],"floor_reached":54,"language":"KOR","playtime":4214,"items_purged":["Strike_P","Defend_P","Strike_P+1","Defend_P+1"],"score":869,"play_id":"b9ad5b8a-4a86-4381-8d7f-948fac064954","local_time":"20210202043154","is_ascension_mode":true,"campfire_choices":[{"data":"Establishment","floor":6.0,"key":"SMITH"},{"data":"Eruption","floor":13.0,"key":"SMITH"},{"data":"WindmillStrike","floor":15.0,"key":"SMITH"},{"floor":23.0,"key":"REST"},{"floor":32.0,"key":"REST"},{"floor":40.0,"key":"RECALL"},{"data":"Deep Breath","floor":49.0,"key":"SMITH"},{"data":"Thinking Ahead","floor":52,"key":"SMITH"}],"circlet_count":0,"master_deck":["Strike_P+1","Defend_P+1","Eruption+1","Vigilance+1","Establishment+1","CrushJoints+1","Swivel+1","Consecrate+1","WindmillStrike+1","EmptyBody+1","ClearTheMind+1","Protect+1","Halt+1","Protect+1","HandOfGreed+1","WindmillStrike+1","EmptyBody+1","Protect+1","Adaptation+1","Crescendo+1","Scrawl+1","FearNoEvil+1","EmptyBody+1","Madness","Deep Breath+1","Thinking Ahead+1","Finesse","Violence"],"relics":["PureWater","Letter Opener","Akabeko","Runic Pyramid","The Courier","Blood Vial","Empty Cage","Mark of the Bloom","Bottled Flame","Juzu Bracelet"],"acts_visited":["Exordium","TheCity","TheBeyond","TheEnding"],"potions_floor_usage":[50,50,54,54],"damage_taken":[{"damage":7.0,"enemies":"Cultist","floor":1.0,"turns":5.0},{"damage":3.0,"enemies":"2 Louse","floor":2.0,"turns":2.0},{"damage":0.0,"enemies":"Jaw Worm","floor":3.0,"turns":3.0},{"damage":6.0,"enemies":"Lots of Slimes","floor":4.0,"turns":4.0},{"damage":11.0,"enemies":"3 Louse","floor":7.0,"turns":3.0},{"damage":10.0,"enemies":"Gremlin Nob","floor":8.0,"turns":3.0},{"damage":3.0,"enemies":"Blue Slaver","floor":10.0,"turns":4.0},{"damage":0.0,"enemies":"Exordium Wildlife","floor":11.0,"turns":3.0},{"damage":0.0,"enemies":"Large Slime","floor":14.0,"turns":4.0},{"damage":13.0,"enemies":"Slime Boss","floor":16.0,"turns":10.0},{"damage":2.0,"enemies":"Chosen","floor":18.0,"turns":6.0},{"damage":9.0,"enemies":"3 Byrds","floor":19.0,"turns":4.0},{"damage":21.0,"enemies":"3 Cultists","floor":21.0,"turns":5.0},{"damage":8.0,"enemies":"Snake Plant","floor":22.0,"turns":3.0},{"damage":0.0,"enemies":"Centurion and Healer","floor":24.0,"turns":5.0},{"damage":10.0,"enemies":"Book of Stabbing","floor":27.0,"turns":4.0},{"damage":1.0,"enemies":"3 Cultists","floor":28.0,"turns":4.0},{"damage":2.0,"enemies":"Chosen and Byrds","floor":30.0,"turns":4.0},{"damage":0.0,"enemies":"Centurion and Healer","floor":31.0,"turns":6.0},{"damage":48.0,"enemies":"Collector","floor":33.0,"turns":11.0},{"damage":3.0,"enemies":"Orb Walker","floor":35.0,"turns":4.0},{"damage":47.0,"enemies":"3 Darklings","floor":36.0,"turns":7.0},{"damage":0.0,"enemies":"Reptomancer","floor":41.0,"turns":7.0},{"damage":9.0,"enemies":"Sphere and 2 Shapes","floor":42.0,"turns":7.0},{"damage":0.0,"enemies":"Maw","floor":44.0,"turns":8.0},{"damage":33,"enemies":"Awakened One","floor":50,"turns":11},{"damage":15,"enemies":"Shield and Spear","floor":54,"turns":2}],"seed_played":"17853438396290616","potions_obtained":[{"floor":1.0,"key":"CultistPotion"},{"floor":2.0,"key":"BottledMiracle"},{"floor":4.0,"key":"ColorlessPotion"},{"floor":8.0,"key":"SpeedPotion"},{"floor":18.0,"key":"SneckoOil"},{"floor":22.0,"key":"Strength Potion"},{"floor":24.0,"key":"EssenceOfSteel"},{"floor":25.0,"key":"CultistPotion"},{"floor":25.0,"key":"FearPotion"},{"floor":25.0,"key":"GamblersBrew"},{"floor":27.0,"key":"SkillPotion"},{"floor":30.0,"key":"Weak Potion"},{"floor":31.0,"key":"EntropicBrew"},{"floor":36.0,"key":"Explosive Potion"},{"floor":41.0,"key":"DuplicationPotion"},{"floor":44.0,"key":"LiquidBronze"}],"is_trial":false,"path_per_floor":["M","M","M","M","$","R","M","E","T","M","M","$","R","M","R","B",null,"M","M","$","M","M","R","M","?","T","E","M","$","M","M","R","B",null,"M","M","?","?","T","R","E","M","T","M","$","?","?","$","R","B",null,"R","$","E"],"character_chosen":"WATCHER","items_purchased":["WindmillStrike","Swift Potion","HandOfGreed","Adaptation","Crescendo","Madness","Violence","Energy Potion","SkillPotion"],"campfire_rested":2,"item_purchase_floors":[5,12,20,29,29,45,48,53,53],"current_hp_per_floor":[65,62,62,56,56,56,45,35,35,32,32,32,32,32,32,19,59,57,48,48,27,19,40,40,40,40,30,31,31,31,33,54,8,56,55,10,63,63,63,63,63,54,54,54,54,44,44,44,44,11,11,11,11,0,0],"gold":0,"neow_bonus":"ONE_RANDOM_RARE_CARD","is_daily":false,"chose_seed":false,"campfire_upgraded":5,"win_rate":0.0,"timestamp":1612207914,"path_taken":["M","M","M","M","$","R","M","E","T","M","M","$","R","M","R","BOSS","M","M","$","M","M","R","M","?","T","E","M","$","?","M","R","BOSS","M","M","?","?","?","R","E","M","T","M","$","?","?","$","R","BOSS","R","$","E"],"items_purchased_type":["Card","Potion","Card","Card","Card","Card","Card","Potion","Potion"],"build_version":"2020-12-22","purchased_purges":4,"victory":false,"max_hp_per_floor":[72,72,72,72,72,72,72,72,72,72,72,72,72,72,72,72,72,72,72,72,72,72,72,72,72,72,72,72,72,72,72,72,72,72,72,72,63,63,63,63,63,63,63,63,63,63,63,63,63,63,63,63,63,63,63],"card_choices":[{"not_picked":["ReachHeaven","CarveReality"],"picked":"CrushJoints","floor":1.0},{"not_picked":["CutThroughFate","Worship"],"picked":"Swivel","floor":2.0},{"not_picked":["BattleHymn","Perseverance"],"picked":"Consecrate","floor":3.0},{"not_picked":["Study","Prostrate","ReachHeaven"],"picked":"SKIP","floor":4.0},{"not_picked":["Prostrate","Wireheading"],"picked":"EmptyBody","floor":7.0},{"not_picked":["Nirvana","EmptyFist"],"picked":"ClearTheMind","floor":8.0},{"not_picked":["ReachHeaven","PathToVictory","Conclude"],"picked":"SKIP","floor":10.0},{"not_picked":["Wireheading","Halt"],"picked":"Protect","floor":11.0},{"not_picked":["Evaluate","Pray"],"picked":"Halt","floor":14.0},{"not_picked":["Halt","Worship"],"picked":"Protect","floor":18.0},{"not_picked":["Nirvana","Swivel+1","Indignation"],"picked":"SKIP","floor":19.0},{"not_picked":["Nirvana","Swivel+1","Indignation"],"picked":"SKIP","floor":19.0},{"not_picked":["Protect","FlurryOfBlows"],"picked":"WindmillStrike+1","floor":21.0},{"not_picked":["Sanctity+1","Halt"],"picked":"EmptyBody+1","floor":22.0},{"not_picked":["Halt","Conclude","Prostrate+1"],"picked":"SKIP","floor":24.0},{"not_picked":["EmptyFist","Prostrate","Evaluate"],"picked":"SKIP","floor":27.0},{"not_picked":["Halt","SpiritShield"],"picked":"Protect+1","floor":28.0},{"not_picked":["Meditate","ForeignInfluence+1","PathToVictory"],"picked":"SKIP","floor":30.0},{"not_picked":["ForeignInfluence","PathToVictory","Nirvana+1"],"picked":"SKIP","floor":31.0},{"not_picked":["Ragnarok","DeusExMachina"],"picked":"Scrawl","floor":33.0},{"not_picked":["DeceiveReality","Consecrate+1","Halt+1"],"picked":"SKIP","floor":35.0},{"not_picked":["EmptyBody+1","SashWhip+1"],"picked":"FearNoEvil+1","floor":36.0},{"not_picked":["PathToVictory+1","Alpha"],"picked":"EmptyBody+1","floor":41.0},{"not_picked":["Study","ThirdEye+1","ClearTheMind+1"],"picked":"SKIP","floor":42.0},{"not_picked":["CutThroughFate","FlyingSleeves+1","BowlingBash"],"picked":"SKIP","floor":44.0},{"not_picked":["Madness","PanicButton"],"picked":"Deep Breath","floor":46.0},{"not_picked":["Transmutation","Mind Blast"],"picked":"Thinking Ahead","floor":46.0},{"not_picked":["Forethought","Bandage Up"],"picked":"Finesse","floor":46.0}],"player_experience":998737,"relics_obtained":[{"floor":8.0,"key":"Letter Opener"},{"floor":9.0,"key":"Akabeko"},{"floor":26.0,"key":"The Courier"},{"floor":27.0,"key":"Blood Vial"},{"floor":41.0,"key":"Bottled Flame"},{"floor":43.0,"key":"Juzu Bracelet"}],"event_choices":[{"damage_healed":0.0,"max_hp_gain":0.0,"max_hp_loss":0.0,"gold_gain":0.0,"event_name":"Lab","player_choice":"Got Potions","floor":25.0,"gold_loss":0.0,"damage_taken":0.0},{"damage_healed":63.0,"max_hp_gain":0.0,"max_hp_loss":9.0,"gold_gain":0.0,"event_name":"The Moai Head","player_choice":"Heal","floor":37.0,"gold_loss":0.0,"damage_taken":0.0},{"damage_healed":0.0,"max_hp_gain":0.0,"max_hp_loss":0.0,"gold_gain":0.0,"event_name":"MindBloom","player_choice":"Upgrade","floor":38.0,"gold_loss":0.0,"damage_taken":0.0,"cards_upgraded":["Strike_P","Strike_P","Defend_P","Defend_P","Vigilance","CrushJoints","Swivel","Consecrate","EmptyBody","ClearTheMind","Protect","Halt","Protect","HandOfGreed","Adaptation","Crescendo","Scrawl"],"relics_obtained":["Mark of the Bloom"]},{"damage_healed":0.0,"max_hp_gain":0.0,"max_hp_loss":0.0,"gold_gain":0.0,"event_name":"SensoryStone","player_choice":"Memory 3","floor":46.0,"gold_loss":0.0,"damage_taken":10.0},{"damage_healed":0.0,"max_hp_gain":0.0,"max_hp_loss":0.0,"gold_gain":0.0,"event_name":"Match and Keep!","player_choice":"0 cards matched","floor":47.0,"gold_loss":0.0,"damage_taken":0.0,"cards_obtained":[]}],"is_beta":false,"boss_relics":[{"not_picked":["Coffee Dripper","Runic Dome"],"picked":"Runic Pyramid"},{"not_picked":["Snecko Eye","SacredBark"],"picked":"Empty Cage"}],"items_purged_floors":[5,29,45,48],"is_endless":false,"potions_floor_spawned":[1,2,4,8,18,22,24,27,30,31,36,41,44],"killed_by":"Shield and Spear","ascension_level":5}}