{"host":"lq2h7q9ca6uwu60x","time":1612165435,"event":{"mods":["Act Like it!","BaseMod","Gensokyo","Marisa£®ÏF”Í°°ƒß¿Ì…≥£©","Minty Spire (QoL Compilation)","Reimu£®≤©¿ˆ¡È√Œ£©","StSLib","Youmu£®ªÍ∆«—˝√Œ£©"],"gold_per_floor":[110,110,40,40,55,83,83,83,83,109,127,153,153,163,163,163,163],"floor_reached":16,"language":"ZHS","playtime":928,"items_purged":[],"score":299,"play_id":"4e85c87a-2428-4b60-9535-6e3a3b5ef9d2","local_time":"20210201154355","is_ascension_mode":true,"campfire_choices":[{"data":"RunawayExorcism:ReiMu","floor":7,"key":"SMITH"},{"floor":15,"key":"RECALL"}],"circlet_count":0,"master_deck":["AscendersBane","NB:ReiMu","Stagnation:ReiMu+1","PayForSelf:ReiMu","PassingAway:ReiMu","PayForSelf:ReiMu","KamiRite:ReiMu+1","RunawayExorcism:ReiMu+1","EmergencyTakeOff:ReiMu","Intuition:ReiMu","Injury","FantasyBorder:ReiMu","PassingAway:ReiMu"],"relics":["Pandora\u0027s Box","Strawberry","Bag of Preparation","Sundial","Matryoshka","MealTicket","Bronze Scales","Gensokyo:OccultBall"],"acts_visited":["Exordium"],"potions_floor_usage":[6,14,14,16],"damage_taken":[{"damage":8.0,"enemies":"Gensokyo:Gryphon","floor":1.0,"turns":4.0},{"damage":0.0,"enemies":"Gensokyo:2_Kodama","floor":5.0,"turns":2.0},{"damage":25,"enemies":"Gensokyo:Cirno","floor":6,"turns":6},{"damage":0,"enemies":"Gensokyo:Mamizou","floor":10,"turns":7},{"damage":9,"enemies":"Gensokyo:3_Fairies","floor":11,"turns":5},{"damage":0,"enemies":"Gensokyo:Aya","floor":12,"turns":2},{"damage":3,"enemies":"Gensokyo:VengefulSpirit","floor":14,"turns":5},{"damage":16,"enemies":"Gensokyo:Reimu","floor":16,"turns":2}],"seed_played":"-3661364579064710760","potions_obtained":[{"floor":1.0,"key":"AttackPotion"},{"floor":11,"key":"EssenceOfSteel"},{"floor":12,"key":"Block Potion"},{"floor":14,"key":"AttackPotion"}],"is_trial":false,"path_per_floor":["M","?","?","$","M","E","R","?","T","E","M","E","?","M","R","B"],"character_chosen":"REIMU","items_purchased":[],"campfire_rested":0,"item_purchase_floors":[],"current_hp_per_floor":[46,39,39,39,39,14,14,14,14,14,5,5,5,2,2,0,0],"gold":163,"neow_bonus":"BOSS_RELIC","is_daily":false,"chose_seed":false,"campfire_upgraded":1,"win_rate":0.0,"timestamp":1612165435,"path_taken":["M","?","?","?","M","E","R","?","T","E","?","E","?","M","R","BOSS"],"items_purchased_type":[],"build_version":"2020-12-22","purchased_purges":0,"victory":false,"max_hp_per_floor":[60,67,67,67,67,67,67,67,67,67,67,67,67,67,67,67,67],"card_choices":[{"not_picked":["Crusade:ReiMu","CareerPray:ReiMu","SpreadBorder2:ReiMu"],"picked":"SKIP","floor":1.0},{"not_picked":["EmergencyTakeOff:ReiMu","AirStrike:ReiMu","UpKicking:ReiMu"],"picked":"SKIP","floor":5.0},{"not_picked":["EmergencyTakeOff:ReiMu","AirStrike:ReiMu","UpKicking:ReiMu"],"picked":"SKIP","floor":5.0},{"not_picked":["Meditation:ReiMu","Intuition:ReiMu","LearningPray:ReiMu"],"picked":"SKIP","floor":6},{"not_picked":["PhosphorusFlame:ReiMu","Conquer:ReiMu"],"picked":"FantasyBorder:ReiMu","floor":10},{"not_picked":["AirManeuver:ReiMu","Intuition:ReiMu","AlertArray:ReiMu"],"picked":"SKIP","floor":11},{"not_picked":["OrbThrow:ReiMu","Crusade:ReiMu"],"picked":"PassingAway:ReiMu","floor":12},{"not_picked":["EmergencyTakeOff:ReiMu","BarrageOfMoneybags:ReiMu","RainPray2:ReiMu"],"picked":"SKIP","floor":14}],"player_experience":1036199,"relics_obtained":[{"floor":6,"key":"Bag of Preparation"},{"floor":9,"key":"Matryoshka"},{"floor":10,"key":"MealTicket"},{"floor":12,"key":"Bronze Scales"}],"event_choices":[],"is_beta":false,"boss_relics":[],"items_purged_floors":[],"is_endless":false,"potions_floor_spawned":[1,11,12,14],"killed_by":"Gensokyo:Reimu","ascension_level":19}}