{"host":"u0qetpmu4y58k1tf","time":1612188069,"event":{"mods":["AchievementEnabler","BaseMod","Colored Map","Colored Powertips","Hermit","Marisa£¨Ùöéë¡¡Øª×âÞÞ£©","Minty Spire (QoL Compilation)","Replay The Spire","StSLib","SuperFastMode","The Bug Knight","The Cursed","The Hierophant","The Runesmith"],"gold_per_floor":[115,134,59,59,8,8,33,33,110,125,152,170,186,220,220,320,320,337,337,356,2,20,48,48,48,48,68,88,88,105,132,132,233,233,248,248,265,140,152,152,178,30,57,85,111,123,123],"floor_reached":46,"language":"KOR","playtime":2453,"items_purged":["Strike_G","Strike_G","Shame"],"score":898,"play_id":"659fca97-533c-4599-8cfa-696666ad8c3c","local_time":"20210201230109","is_ascension_mode":true,"campfire_choices":[{"data":"Noxious Fumes","floor":6.0,"key":"SMITH"},{"data":"Noxious Fumes","floor":8.0,"key":"SMITH"},{"floor":15,"key":"REST"},{"floor":32,"key":"DIG"},{"floor":40,"key":"RECALL"}],"circlet_count":0,"master_deck":["Strike_G","Strike_G","Strike_G","Defend_G","Defend_G","Defend_G","Defend_G","Survivor","Neutralize","Poisoned Stab","Acrobatics","Noxious Fumes+1","Noxious Fumes+1","Endless Agony","Backstab","Deflect","Deadly Poison","Adrenaline","Outmaneuver","Flying Knee+1","Deflect","Escape Plan+1","Ghostly","Ghostly","Ghostly","Ghostly","Ghostly","Escape Plan+1","Acrobatics","Dagger Throw+1","Underhanded Strike","Adrenaline","Deflect+1","Underhanded Strike","Quick Slash+1","Escape Plan+1","Deadly Poison+1","Parasite","Dagger Throw+1"],"relics":["Ring of the Snake","NeowsBlessing","TungstenRod","PreservedInsect","Replay:Bottled Flurry","Sozu","Iron Hammer","Regal Pillow","Durian","Pet Ghost","ReplayTheSpireMod:Lightbulb","Peace Pipe","Replay:Bronze Core","Smiling Mask","Snake Skull","MawBank"],"acts_visited":["Exordium","TheCity","TheBeyond"],"potions_floor_usage":[14,16,16],"damage_taken":[{"damage":0.0,"enemies":"2 Louse","floor":1.0,"turns":1.0},{"damage":0.0,"enemies":"Small Slimes","floor":2.0,"turns":1.0},{"damage":0.0,"enemies":"3 Sentries","floor":7.0,"turns":1.0},{"damage":0,"enemies":"Cultist","floor":10,"turns":3},{"damage":10,"enemies":"Lagavulin","floor":11,"turns":6},{"damage":5,"enemies":"Looter","floor":12,"turns":3},{"damage":12,"enemies":"Exordium Wildlife","floor":13,"turns":4},{"damage":10,"enemies":"3 Sentries","floor":14,"turns":4},{"damage":28,"enemies":"Slime Boss","floor":16,"turns":8},{"damage":12,"enemies":"Shell Parasite","floor":18,"turns":4},{"damage":11,"enemies":"Spheric Guardian","floor":20,"turns":4},{"damage":11,"enemies":"Snecko","floor":22,"turns":5},{"damage":19,"enemies":"Book of Stabbing","floor":23,"turns":4},{"damage":0,"enemies":"Shelled Parasite and Fungi","floor":27,"turns":5},{"damage":0,"enemies":"Chosen and Byrds","floor":28,"turns":6},{"damage":0,"enemies":"Centurion and Healer","floor":30,"turns":5},{"damage":0,"enemies":"Replay:Snechameleon","floor":31,"turns":5},{"damage":9,"enemies":"Pondfish","floor":33,"turns":11},{"damage":0,"enemies":"3 Shapes","floor":35,"turns":5},{"damage":0,"enemies":"Orb Walker","floor":37,"turns":3},{"damage":0,"enemies":"Sphere and 2 Shapes","floor":39,"turns":4},{"damage":0,"enemies":"Giant Head","floor":41,"turns":7},{"damage":0,"enemies":"Spire Growth","floor":44,"turns":4},{"damage":0,"enemies":"Writhing Mass","floor":45,"turns":4},{"damage":57,"enemies":"Reptomancer","floor":46,"turns":2}],"seed_played":"8670847561823845917","potions_obtained":[{"floor":7.0,"key":"Swift Potion"},{"floor":10,"key":"FearPotion"},{"floor":13,"key":"SkillPotion"},{"floor":14,"key":"AttackPotion"}],"is_trial":false,"path_per_floor":["M","M","$","?","$","R","E","R","T","M","E","M","M","E","R","B",null,"M","?","M","$","M","E","?","?","T","M","M","?","M","E","R_BF","B",null,"M","?","M","$","M","R","E","$","T","M","M","E"],"character_chosen":"THE_SILENT","items_purchased":["Noxious Fumes","Iron Hammer","Snake Skull"],"campfire_rested":1,"item_purchase_floors":[5,21,42],"current_hp_per_floor":[70,70,70,70,70,70,70,70,70,70,60,55,43,33,54,26,70,58,70,59,59,48,29,34,34,34,34,34,34,34,34,34,25,37,37,37,37,37,37,37,37,37,37,37,37,0,0],"gold":123,"neow_bonus":"THREE_ENEMY_KILL","is_daily":false,"chose_seed":false,"campfire_upgraded":2,"win_rate":0.0,"timestamp":1612188069,"path_taken":["M","M","$","?","$","R","E","R","T","M","E","M","M","E","R","BOSS","M","?","?","$","M","E","?","?","T","M","M","?","?","E","R_BF","BOSS","M","?","?","?","M","R","E","$","T","M","M","E"],"items_purchased_type":["Card","Relic","Relic"],"build_version":"2020-12-22","purchased_purges":3,"victory":false,"max_hp_per_floor":[70,70,70,70,70,70,70,70,70,70,70,70,70,70,70,70,70,70,70,70,70,70,70,75,37,37,37,37,37,37,37,37,37,37,37,37,37,37,37,37,37,37,37,37,37,37,37],"card_choices":[{"not_picked":["Slice","Quick Slash"],"picked":"Poisoned Stab","floor":1.0},{"not_picked":["Riddle With Holes","Reflex"],"picked":"Acrobatics","floor":2.0},{"not_picked":["Reflex","Dodge and Roll","Dagger Throw"],"picked":"SKIP","floor":7.0},{"not_picked":["Poisoned Stab","Hidden Blade"],"picked":"Endless Agony","floor":10},{"not_picked":["Dagger Throw","Deadly Poison"],"picked":"Backstab","floor":11},{"not_picked":["Dagger Throw","Quick Slash"],"picked":"Deflect","floor":12},{"not_picked":["ReplayTheSpireMod:Scrap Shanks","Acrobatics"],"picked":"Masterful Stab","floor":13},{"not_picked":["ReplayTheSpireMod:Scrap Shanks","Night Terror"],"picked":"Deadly Poison","floor":14},{"not_picked":["Corpse Explosion","Glass Knife"],"picked":"Adrenaline","floor":16},{"not_picked":["Deadly Poison","ReplayTheSpireMod:Exploit Weakness"],"picked":"Outmaneuver","floor":18},{"not_picked":["Blade Dance","Acrobatics"],"picked":"Flying Knee+1","floor":20},{"not_picked":["Draining Mist","Acrobatics"],"picked":"Deflect","floor":22},{"not_picked":["ReplayTheSpireMod:Scrap Shanks","Underhanded Strike+1"],"picked":"Escape Plan+1","floor":23},{"not_picked":["ReplayTheSpireMod:Scrap Shanks","Leg Sweep"],"picked":"Escape Plan+1","floor":27},{"not_picked":["Outmaneuver","Blade Dance+1"],"picked":"Acrobatics","floor":28},{"not_picked":["Leg Sweep","Outmaneuver+1"],"picked":"Dagger Throw+1","floor":30},{"not_picked":["Deadly Poison","Outmaneuver"],"picked":"Underhanded Strike","floor":31},{"not_picked":["Burst","A Thousand Cuts"],"picked":"Adrenaline","floor":33},{"not_picked":["Bane","Well Laid Plans"],"picked":"Deflect+1","floor":35},{"not_picked":["Replay:Poison Smokescreen","Outmaneuver+1"],"picked":"Quick Slash+1","floor":37},{"not_picked":["Underhanded Strike","Outmaneuver"],"picked":"Escape Plan+1","floor":39},{"not_picked":["Riddle With Holes","Dagger Spray","Heel Hook"],"picked":"SKIP","floor":41},{"not_picked":["PiercingWail","Acrobatics+1"],"picked":"Deadly Poison+1","floor":44},{"not_picked":["Dagger Spray+1","PiercingWail"],"picked":"Dagger Throw+1","floor":45}],"player_experience":65352,"relics_obtained":[{"floor":7.0,"key":"TungstenRod"},{"floor":11,"key":"PreservedInsect"},{"floor":14,"key":"Replay:Bottled Flurry"},{"floor":23,"key":"Regal Pillow"},{"floor":26,"key":"Pet Ghost"},{"floor":31,"key":"ReplayTheSpireMod:Lightbulb"},{"floor":32,"key":"Peace Pipe"},{"floor":41,"key":"Smiling Mask"},{"floor":43,"key":"MawBank"}],"event_choices":[{"cards_removed":["Defend_G"],"damage_healed":0.0,"max_hp_gain":0.0,"max_hp_loss":0.0,"gold_gain":0.0,"event_name":"Living Wall","player_choice":"Forget","floor":4.0,"gold_loss":0.0,"damage_taken":0.0},{"cards_removed":["Masterful Stab"],"damage_healed":12,"gold_gain":0,"player_choice":"Offered Uncommon","damage_taken":0,"max_hp_gain":0,"max_hp_loss":0,"event_name":"Bonfire Elementals","floor":19,"gold_loss":0},{"damage_healed":0,"gold_gain":0,"player_choice":"Stole Relic","damage_taken":0,"relics_obtained":["Durian"],"max_hp_gain":0,"max_hp_loss":0,"event_name":"Addict","floor":24,"gold_loss":0,"cards_obtained":["Shame"]},{"damage_healed":0,"gold_gain":0,"player_choice":"Became a Ghost","damage_taken":0,"max_hp_gain":0,"max_hp_loss":38,"event_name":"Ghosts","floor":25,"gold_loss":0,"cards_obtained":["Ghostly","Ghostly","Ghostly","Ghostly","Ghostly"]},{"damage_healed":0,"gold_gain":0,"player_choice":"1 cards matched","damage_taken":0,"max_hp_gain":0,"max_hp_loss":0,"event_name":"Match and Keep!","floor":36,"gold_loss":0,"cards_obtained":["Underhanded Strike"]}],"is_beta":false,"boss_relics":[{"not_picked":["Busted Crown","Honey Jar"],"picked":"Sozu"},{"not_picked":["Astrolabe","ChewingGum"],"picked":"Replay:Bronze Core"}],"items_purged_floors":[3,21,38],"is_endless":false,"potions_floor_spawned":[7,10,13,14,18,20,22,30,33,37,44],"killed_by":"Reptomancer","ascension_level":3}}