{"host":"cmxkjr0hek4mqvmn","time":1612191800,"event":{"mods":["BaseMod","Beaked The Cultist","Better Match","Better Skull","Better Third Choice","BetterRewards","Clawfect","Colored Map","Displayed Cursed Tome","GifTheSpireLib","Hermit","Hubris","JesterMod","Mimic Mod","Minty Spire (QoL Compilation)","Quick Restart","Robot Space Explorer","StSLib","The Bladedancer","The Blue Laboratory","The Cursed","Thieving Mod","Waifu the Spire"],"gold_per_floor":[116,140,153,153,164,192,206,219,219,236,236,252,34,46,46,143,143,158,158,158,12,23,54,74,101,101,101,114,74,74,101,101,199,199,218,218,218,230,256,256,286,286,313,313,326,343,343,343,343,343,343,343,103,130,130,130],"floor_reached":55,"language":"ENG","playtime":3772,"items_purged":["Defend_B"],"score":849,"play_id":"df88d40c-1e05-47c7-9db1-b3b1b762213b","local_time":"20210201100320","is_ascension_mode":true,"campfire_choices":[{"floor":15.0,"key":"RECALL"},{"floor":27.0,"key":"REST"},{"floor":30.0,"key":"REST"},{"floor":32.0,"key":"REST"},{"data":"hubris:DoWhile","floor":40.0,"key":"SMITH"},{"data":"Clawfect:ClawForOne","floor":44.0,"key":"SMITH"},{"floor":49.0,"key":"REST"},{"data":"Electrodynamics","floor":52.0,"key":"SMITH"}],"circlet_count":0,"master_deck":["Gash","Gash","Gash","Gash","Gash","Defend_B","Defend_B","Clawfect:ClawingBeam","Clawfect:ClawLightning+1","Clawfect:Clawter","Chill","Madness","Gash","Glacier","Electrodynamics+1","Genetic Algorithm","Electrodynamics+1","Turbo+1","Multi-Cast+1","hubris:PowerSurge+1","Clawfect:ClawForTheEyes+1","J.A.X.","Clawfect:ClawForOne+1","Steam","Tempest+1","Leap+1","Madness+1","Clawfect:Clawter+1","hubris:DoWhile+1","Clawfect:Clawrage+1","White Noise+1","Good Instincts","Blind","Swift Strike","Clawfect:Clawrage","Clawfect:ClawSnap+1","hubris:PowerSurge","Madness","Clawfect:Clawrage"],"relics":["Clawfect:DRClaw","Juzu Bracelet","Boot","hubris:Icosahedron","Mango","Astrolabe","Nunchaku","Tiny Chest","Pear","Darkstone Periapt","hubris:Backtick","Unceasing Top","Blood Vial","Lantern","Bronze Scales","hubris:Towel","Bottled Lightning"],"acts_visited":["Exordium","TheCity","TheBeyond","TheEnding"],"potions_floor_usage":[55,55],"damage_taken":[{"damage":0.0,"enemies":"Cultist","floor":1.0,"turns":4.0},{"damage":0.0,"enemies":"Small Slimes","floor":3.0,"turns":4.0},{"damage":1.0,"enemies":"Jaw Worm","floor":5.0,"turns":3.0},{"damage":16.0,"enemies":"Lagavulin","floor":6.0,"turns":4.0},{"damage":2.0,"enemies":"Looter","floor":7.0,"turns":3.0},{"damage":15.0,"enemies":"Large Slime","floor":8.0,"turns":5.0},{"damage":2.0,"enemies":"Blue Slaver","floor":10.0,"turns":4.0},{"damage":11.0,"enemies":"Lots of Slimes","floor":12.0,"turns":4.0},{"damage":15.0,"enemies":"Exordium Thugs","floor":14.0,"turns":5.0},{"damage":16.0,"enemies":"The Guardian","floor":16.0,"turns":8.0},{"damage":2.0,"enemies":"Shell Parasite","floor":18.0,"turns":4.0},{"damage":10.0,"enemies":"Chosen","floor":22.0,"turns":4.0},{"damage":64.0,"enemies":"Gremlin Leader","floor":23.0,"turns":5.0},{"damage":0.0,"enemies":"Shelled Parasite and Fungi","floor":24.0,"turns":4.0},{"damage":3.0,"enemies":"Centurion and Healer","floor":28.0,"turns":4.0},{"damage":38.0,"enemies":"Slavers","floor":31.0,"turns":4.0},{"damage":67.0,"enemies":"hubris:MusketHawk","floor":33.0,"turns":8.0},{"damage":16.0,"enemies":"3 Shapes","floor":35.0,"turns":2.0},{"damage":8.0,"enemies":"Orb Walker","floor":38.0,"turns":4.0},{"damage":3.0,"enemies":"Giant Head","floor":41.0,"turns":3.0},{"damage":6.0,"enemies":"Transient","floor":45.0,"turns":2.0},{"damage":9.0,"enemies":"Maw","floor":46.0,"turns":4.0},{"damage":31.0,"enemies":"Time Eater","floor":50.0,"turns":5.0},{"damage":3.0,"enemies":"Shield and Spear","floor":54.0,"turns":2.0},{"damage":108,"enemies":"The Heart","floor":55,"turns":5}],"seed_played":"-2572275345981465280","potions_obtained":[{"floor":3.0,"key":"Explosive Potion"},{"floor":6.0,"key":"Weak Potion"},{"floor":10.0,"key":"Dexterity Potion"},{"floor":16.0,"key":"blueLaboratory:RecallPotion"},{"floor":23.0,"key":"Swift Potion"},{"floor":29.0,"key":"Strength Potion"},{"floor":29.0,"key":"DuplicationPotion"},{"floor":33.0,"key":"Ancient Potion"},{"floor":38.0,"key":"blueLaboratory:CoolantVial"},{"floor":46.0,"key":"Explosive Potion"}],"is_trial":false,"path_per_floor":["M","T","M","?","M","E","M","M","T","M","?","M","$","M","R","B",null,"M","?","?","$","M","E","M","T","T","R","M","?","R","E","R","B",null,"M","?","?","M","T","R","E","?","T","R","M","M","?","?","R","B",null,"R","$","E","B"],"character_chosen":"DEFECT","items_purchased":["Electrodynamics","Clawfect:ClawForOne","hubris:PowerSurge","blueLaboratory:TeslaPotion","FTL"],"campfire_rested":4,"item_purchase_floors":[13,21,53,53,53],"current_hp_per_floor":[75,75,75,75,74,74,72,57,57,55,55,44,44,29,29,13,91,89,89,89,89,79,15,15,15,25,55,52,52,82,44,74,7,101,85,85,85,77,77,77,76,66,66,66,62,55,55,55,85,56,101,101,101,98,0,0],"gold":130,"neow_bonus":"RANDOM_COMMON_RELIC","is_daily":false,"chose_seed":false,"campfire_upgraded":3,"win_rate":0.0,"timestamp":1612191800,"path_taken":["M","?","M","?","M","E","M","M","T","M","?","M","?","M","R","BOSS","M","?","?","$","M","E","M","?","T","R","M","?","R","E","R","BOSS","M","?","?","M","?","R","E","?","T","R","M","M","?","?","R","BOSS","R","$","E","BOSS"],"items_purchased_type":["Card","Card","Card","Potion","Undefined"],"build_version":"2020-12-22","purchased_purges":1,"victory":false,"max_hp_per_floor":[75,75,75,75,75,91,91,91,91,91,91,91,91,91,91,91,91,91,91,91,91,91,91,91,91,101,101,101,101,101,101,101,101,101,101,101,101,101,101,101,101,101,101,101,101,101,101,101,101,101,101,101,101,101,101,101],"card_choices":[{"not_picked":["Clawfect:ScrapingClaw","Recycle"],"picked":"Clawfect:ClawingBeam","floor":1.0},{"not_picked":["FTL","White Noise"],"picked":"Clawfect:ClawLightning","floor":3.0},{"not_picked":["Gash","Rebound"],"picked":"Clawfect:Clawter","floor":5.0},{"not_picked":["Reboot","Double Energy"],"picked":"Chill","floor":6.0},{"not_picked":["Conserve Battery","Clawfect:Clawter"],"picked":"FTL","floor":7.0},{"not_picked":["Redo","Blizzard"],"picked":"Coolheaded","floor":8.0},{"not_picked":["Clawfect:Clawter","hubris:PowerSurge"],"picked":"Gash","floor":10.0},{"not_picked":["Redo","Reprogram"],"picked":"Glacier","floor":12.0},{"not_picked":["Double Energy","Gash"],"picked":"Genetic Algorithm","floor":14.0},{"not_picked":["Creative AI","Meteor Strike"],"picked":"Electrodynamics","floor":16.0},{"not_picked":["Coolheaded","Clawfect:Clawrage"],"picked":"Clawfect:ClawForTheEyes+1","floor":18.0},{"not_picked":["Steam Power+1","Clawfect:Clawline"],"picked":"Steam","floor":22.0},{"not_picked":["Loop","Clawfect:ScrapingClaw+1"],"picked":"Tempest+1","floor":23.0},{"not_picked":["Hologram+1","Turbo"],"picked":"Leap+1","floor":24.0},{"not_picked":["Turbo","Clawfect:Clawrage"],"picked":"FTL+1","floor":28.0},{"not_picked":["Static Discharge","Multi-Cast"],"picked":"Clawfect:Clawter+1","floor":31.0},{"not_picked":["Meteor Strike","Fission"],"picked":"hubris:DoWhile","floor":33.0},{"not_picked":["Gash","Clawfect:ClawForTheEyes"],"picked":"Clawfect:Clawrage+1","floor":35.0},{"not_picked":["Darkness+1","Gash+1"],"picked":"Clawfect:ClawSnap","floor":38.0},{"not_picked":["Static Discharge","Clawfect:Clawter+1"],"picked":"White Noise+1","floor":41.0},{"not_picked":["Impatience","hubris:Insight"],"picked":"Good Instincts","floor":42.0},{"not_picked":["Mind Blast","PanicButton"],"picked":"Blind","floor":42.0},{"not_picked":["Trip","Thinking Ahead"],"picked":"Swift Strike","floor":42.0},{"not_picked":["Clawfect:ScrapingClaw","Leap"],"picked":"Clawfect:Clawrage","floor":45.0},{"not_picked":["Blizzard","Amplify"],"picked":"Clawfect:ClawSnap+1","floor":46.0},{"not_picked":["Rebound","Coolheaded+1"],"picked":"Clawfect:Clawrage","floor":54.0}],"player_experience":662436,"relics_obtained":[{"floor":2.0,"key":"Boot"},{"floor":6.0,"key":"Mango"},{"floor":23.0,"key":"Nunchaku"},{"floor":25.0,"key":"Tiny Chest"},{"floor":26.0,"key":"Pear"},{"floor":31.0,"key":"Darkstone Periapt"},{"floor":39.0,"key":"Blood Vial"},{"floor":41.0,"key":"Lantern"},{"floor":43.0,"key":"Bronze Scales"},{"floor":54.0,"key":"Bottled Lightning"}],"event_choices":[{"damage_healed":0.0,"max_hp_gain":0.0,"max_hp_loss":0.0,"gold_gain":0.0,"event_name":"Upgrade Shrine","player_choice":"Upgraded","floor":11.0,"gold_loss":0.0,"damage_taken":0.0,"cards_upgraded":["Clawfect:ClawLightning"]},{"damage_healed":0.0,"max_hp_gain":0.0,"max_hp_loss":0.0,"gold_gain":0.0,"event_name":"betterThird:BetterWriting","player_choice":"Adaptability","floor":19.0,"gold_loss":0.0,"damage_taken":0.0},{"damage_healed":0.0,"max_hp_gain":0.0,"max_hp_loss":0.0,"gold_gain":0.0,"event_name":"Drug Dealer","player_choice":"Obtain J.A.X.","floor":20.0,"gold_loss":0.0,"damage_taken":0.0,"cards_obtained":["J.A.X."]},{"damage_healed":0.0,"max_hp_gain":0.0,"max_hp_loss":0.0,"gold_gain":0.0,"event_name":"The Woman in Blue","player_choice":"Bought 3 Potions","floor":29.0,"gold_loss":0.0,"damage_taken":0.0},{"damage_healed":0.0,"max_hp_gain":0.0,"max_hp_loss":0.0,"gold_gain":0.0,"event_name":"Tomb of Lord Red Mask","player_choice":"Ignored","floor":36.0,"gold_loss":0.0,"damage_taken":0.0},{"damage_healed":0.0,"max_hp_gain":0.0,"max_hp_loss":0.0,"gold_gain":0.0,"event_name":"SensoryStone","player_choice":"Memory 3","floor":42.0,"gold_loss":0.0,"damage_taken":10.0},{"cards_removed":["Clawfect:ClawSnap"],"damage_healed":0.0,"max_hp_gain":0.0,"max_hp_loss":0.0,"gold_gain":0.0,"event_name":"Falling","player_choice":"Removed Attack","floor":47.0,"gold_loss":0.0,"damage_taken":0.0}],"is_beta":false,"boss_relics":[{"not_picked":["Busted Crown","hubris:VirtuousBlindfold"],"picked":"Astrolabe"},{"not_picked":["Philosopher\u0027s Stone","Pandora\u0027s Box"],"picked":"hubris:Backtick"}],"items_purged_floors":[13],"is_endless":false,"potions_floor_spawned":[3,6,8,10,14,16,23,33,38,46],"killed_by":"The Heart","ascension_level":1}}