{"host":"Tuck","time":1612146439,"event":{"mods":["BaseMod","Minty Spire (QoL Compilation)","StSLib"],"gold_per_floor":[115,130,141,141,32,32,64,82,82,82,82,82,82,108,108,204,204,219,134,134,150,164,190,190,221,221,236,254,289,303,338,338,443,443,461,514,534,534,584,616,616,616,616,648,412,412,412,440,440,440,440,440,143,171,171],"floor_reached":56,"language":"ENG","playtime":4683,"items_purged":["Strike_P+1"],"score":1580,"play_id":"1e012987-5b89-4d4c-91de-afcb6a7f1afd","local_time":"20210131192719","is_ascension_mode":true,"campfire_choices":[{"data":"Omniscience","floor":6.0,"key":"SMITH"},{"data":"LikeWater","floor":10.0,"key":"SMITH"},{"data":"Conclude","floor":13.0,"key":"SMITH"},{"data":"Indignation","floor":15.0,"key":"SMITH"},{"data":"Vengeance","floor":24.0,"key":"SMITH"},{"data":"MentalFortress","floor":32,"key":"SMITH"},{"floor":41,"key":"DIG"},{"floor":49,"key":"DIG"},{"floor":52,"key":"DIG"}],"circlet_count":0,"master_deck":["Defend_P","Defend_P","Defend_P","Defend_P","Eruption+1","Vigilance","Omniscience+1","Protect","LikeWater+1","Wallop+1","WaveOfTheHand+1","Indignation+1","Scrawl","Vengeance+1","FearNoEvil+1","Meditate+1","Establishment+1","Meditate+1","LikeWater+1","ReachHeaven","Vault","Wireheading+1","Nirvana","Ragnarok","Apotheosis","MentalFortress+1","Adaptation","FollowUp+1","Swivel","SandsOfTime+1","JustLucky+1"],"relics":["HolyWater","CloakClasp","Matryoshka","Black Star","Blue Candle","Gambling Chip","Tiny Chest","Kunai","Whetstone","Centennial Puzzle","Art of War","Juzu Bracelet","Pantograph","Bird Faced Urn","Lizard Tail","Sozu","Pocketwatch","Shovel","Blood Vial","Toy Ornithopter","Oddly Smooth Stone","Meat on the Bone","Orichalcum","White Beast Statue","Smiling Mask","Bottled Lightning","Bronze Scales","Ornamental Fan","Dead Branch","HornCleat","Bag of Preparation","Orrery","Ginger","Bag of Marbles"],"acts_visited":["Exordium","TheCity","TheBeyond","TheEnding"],"potions_floor_usage":[55],"damage_taken":[{"damage":0.0,"enemies":"Cultist","floor":1.0,"turns":6.0},{"damage":0.0,"enemies":"Jaw Worm","floor":2.0,"turns":5.0},{"damage":2.0,"enemies":"Small Slimes","floor":3.0,"turns":6.0},{"damage":9.0,"enemies":"3 Sentries","floor":7.0,"turns":6.0},{"damage":2.0,"enemies":"Blue Slaver","floor":8.0,"turns":5.0},{"damage":0.0,"enemies":"Lagavulin","floor":14.0,"turns":6.0},{"damage":15.0,"enemies":"Hexaghost","floor":16.0,"turns":10.0},{"damage":0.0,"enemies":"Chosen","floor":18.0,"turns":6.0},{"damage":0.0,"enemies":"Spheric Guardian","floor":21.0,"turns":5.0},{"damage":0.0,"enemies":"Shelled Parasite and Fungi","floor":22.0,"turns":5.0},{"damage":0.0,"enemies":"Gremlin Leader","floor":23.0,"turns":7.0},{"damage":7.0,"enemies":"Slavers","floor":25.0,"turns":5.0},{"damage":0,"enemies":"Snecko","floor":27,"turns":3},{"damage":0,"enemies":"Cultist and Chosen","floor":28,"turns":6},{"damage":6,"enemies":"Gremlin Leader","floor":29,"turns":6},{"damage":0,"enemies":"Shelled Parasite and Fungi","floor":30,"turns":5},{"damage":0,"enemies":"Book of Stabbing","floor":31,"turns":3},{"damage":0,"enemies":"Collector","floor":33,"turns":6},{"damage":0,"enemies":"Orb Walker","floor":35,"turns":4},{"damage":0,"enemies":"2 Orb Walkers","floor":36,"turns":5},{"damage":0,"enemies":"3 Darklings","floor":37,"turns":5},{"damage":0,"enemies":"Mind Bloom Boss Battle","floor":39,"turns":7},{"damage":0,"enemies":"Nemesis","floor":40,"turns":6},{"damage":0,"enemies":"Giant Head","floor":44,"turns":5},{"damage":3,"enemies":"Nemesis","floor":48,"turns":7},{"damage":17,"enemies":"Time Eater","floor":50,"turns":11},{"damage":0,"enemies":"Shield and Spear","floor":54,"turns":7},{"damage":1,"enemies":"The Heart","floor":55,"turns":8}],"seed_played":"2958726170301398740","potions_obtained":[{"floor":2.0,"key":"BottledMiracle"},{"floor":16.0,"key":"PowerPotion"},{"floor":25.0,"key":"Ancient Potion"}],"is_trial":false,"path_per_floor":["M","M","M","?","$","R","E","M","T","R","?","?","R","E","R","B",null,"M","?","?","M","M","E","R","E","T","M","M","E","M","E","R","B",null,"M","?","M","?","?","E","R","T","T","E","$","?","?","E","R","B",null,"R","$","E","B",null],"character_chosen":"WATCHER","items_purchased":["LikeWater","Conclude","Apotheosis","Bag of Preparation","Orrery"],"campfire_rested":0,"item_purchase_floors":[5,5,45,53,53],"current_hp_per_floor":[72,72,70,70,70,70,61,59,59,59,59,45,45,45,45,30,72,72,72,72,72,72,72,72,65,65,65,65,59,59,59,59,72,72,72,72,72,62,72,72,72,72,72,72,72,72,68,65,65,59,68,68,68,68,68],"gold":171,"neow_bonus":"ONE_RANDOM_RARE_CARD","is_daily":false,"chose_seed":false,"campfire_upgraded":6,"win_rate":0.0,"timestamp":1612146439,"path_taken":["M","M","M","?","$","R","E","M","T","R","?","?","R","E","R","BOSS","M","?","?","M","M","E","R","E","T","M","M","E","M","E","R","BOSS","M","?","M","?","?","E","R","?","T","E","$","?","?","E","R","BOSS","R","$","E","BOSS"],"items_purchased_type":["Card","Card","Card","Relic","Relic"],"build_version":"2020-12-18","purchased_purges":1,"victory":true,"max_hp_per_floor":[72,72,72,72,72,72,72,72,72,72,72,72,72,72,72,72,72,72,72,72,72,72,72,72,72,72,72,72,72,72,72,72,72,72,72,72,72,72,72,72,72,72,72,72,72,72,68,68,68,68,68,68,68,68,68],"card_choices":[{"not_picked":["Consecrate","EmptyBody","ClearTheMind"],"picked":"SKIP","floor":1.0},{"not_picked":["Crescendo","Halt"],"picked":"Protect","floor":2.0},{"not_picked":["ForeignInfluence","Halt"],"picked":"BattleHymn","floor":3.0},{"not_picked":["Indignation","InnerPeace"],"picked":"Wallop","floor":7.0},{"not_picked":["Evaluate","PathToVictory","Consecrate"],"picked":"SKIP","floor":8.0},{"not_picked":["Study","Consecrate"],"picked":"Indignation","floor":14.0},{"not_picked":["DevaForm","Alpha"],"picked":"Scrawl","floor":16.0},{"not_picked":["Sanctity","Swivel","EmptyBody"],"picked":"SKIP","floor":18.0},{"not_picked":["EmptyFist","Fasting2+1"],"picked":"Vengeance","floor":21.0},{"not_picked":["Protect","SandsOfTime"],"picked":"Meditate+1","floor":22.0},{"not_picked":["CrushJoints","Collect"],"picked":"Meditate+1","floor":23.0},{"not_picked":["FollowUp+1","CrushJoints+1"],"picked":"LikeWater+1","floor":25.0},{"not_picked":["Consecrate","EmptyFist","SashWhip+1"],"picked":"SKIP","floor":27},{"not_picked":["Establishment","FlyingSleeves","Consecrate+1"],"picked":"SKIP","floor":28},{"not_picked":["CrushJoints+1","Study"],"picked":"ReachHeaven","floor":29},{"not_picked":["SandsOfTime+1","Swivel"],"picked":"MentalFortress","floor":30},{"not_picked":["BowlingBash","FollowUp","ReachHeaven"],"picked":"SKIP","floor":31},{"not_picked":["Scrawl","Judgement"],"picked":"Vault","floor":33},{"not_picked":["Collect+1","CrushJoints"],"picked":"Wireheading+1","floor":35},{"not_picked":["Protect+1","EmptyBody+1","CrushJoints+1"],"picked":"SKIP","floor":37},{"not_picked":["SashWhip+1","ClearTheMind+1"],"picked":"Nirvana","floor":40},{"not_picked":["Consecrate","Evaluate"],"picked":"Ragnarok","floor":44},{"not_picked":["FearNoEvil+1","Meditate","Prostrate+1"],"picked":"SKIP","floor":48},{"not_picked":["Indignation+1","Meditate+1"],"picked":"Adaptation","floor":53},{"not_picked":["Weave+1","EmptyBody"],"picked":"FollowUp+1","floor":53},{"not_picked":["SashWhip+1","SignatureMove+1"],"picked":"Swivel","floor":53},{"not_picked":["Swivel+1","Study"],"picked":"SandsOfTime+1","floor":53},{"not_picked":["Conclude","EmptyFist"],"picked":"JustLucky+1","floor":54}],"player_experience":2331745,"relics_obtained":[{"floor":14.0,"key":"Matryoshka"},{"floor":23.0,"key":"Gambling Chip"},{"floor":23.0,"key":"Tiny Chest"},{"floor":25.0,"key":"Kunai"},{"floor":25.0,"key":"Whetstone"},{"floor":26.0,"key":"Centennial Puzzle"},{"floor":26.0,"key":"Art of War"},{"floor":29,"key":"Juzu Bracelet"},{"floor":29,"key":"Pantograph"},{"floor":31,"key":"Bird Faced Urn"},{"floor":31,"key":"Lizard Tail"},{"floor":36,"key":"Pocketwatch"},{"floor":39,"key":"Shovel"},{"floor":40,"key":"Blood Vial"},{"floor":40,"key":"Toy Ornithopter"},{"floor":41,"key":"Oddly Smooth Stone"},{"floor":42,"key":"Meat on the Bone"},{"floor":42,"key":"Orichalcum"},{"floor":43,"key":"White Beast Statue"},{"floor":44,"key":"Smiling Mask"},{"floor":44,"key":"Bottled Lightning"},{"floor":48,"key":"Bronze Scales"},{"floor":48,"key":"Ornamental Fan"},{"floor":49,"key":"Dead Branch"},{"floor":52,"key":"HornCleat"},{"floor":54,"key":"Ginger"},{"floor":54,"key":"Bag of Marbles"}],"event_choices":[{"damage_healed":0.0,"max_hp_gain":0.0,"max_hp_loss":0.0,"gold_gain":0.0,"event_name":"NoteForYourself","player_choice":"Ignored","floor":4.0,"gold_loss":0.0,"damage_taken":0.0},{"damage_healed":0.0,"max_hp_gain":0.0,"max_hp_loss":0.0,"gold_gain":0.0,"cards_transformed":["Strike_P"],"event_name":"Living Wall","player_choice":"Change","floor":11.0,"gold_loss":0.0,"damage_taken":0.0,"cards_obtained":["SashWhip"]},{"damage_healed":0.0,"max_hp_gain":0.0,"max_hp_loss":0.0,"gold_gain":0.0,"event_name":"Shining Light","player_choice":"Entered Light","floor":12.0,"gold_loss":0.0,"damage_taken":14.0,"cards_upgraded":["Wallop","Strike_P"]},{"damage_healed":0.0,"max_hp_gain":0.0,"max_hp_loss":0.0,"gold_gain":0.0,"event_name":"Addict","player_choice":"Obtained Relic","floor":19.0,"gold_loss":85.0,"damage_taken":0.0,"relics_obtained":["Blue Candle"]},{"damage_healed":0.0,"max_hp_gain":0.0,"max_hp_loss":0.0,"gold_gain":0.0,"event_name":"Vampires","player_choice":"Ignored","floor":20.0,"gold_loss":0.0,"damage_taken":0.0},{"damage_healed":0,"gold_gain":0,"player_choice":"Fight","damage_taken":0,"max_hp_gain":0,"max_hp_loss":0,"event_name":"Mysterious Sphere","floor":36,"gold_loss":0},{"damage_healed":0,"gold_gain":0,"player_choice":"Memory 3","damage_taken":10,"max_hp_gain":0,"max_hp_loss":0,"event_name":"SensoryStone","floor":38,"gold_loss":0},{"damage_healed":0,"gold_gain":0,"player_choice":"Fight","damage_taken":0,"max_hp_gain":0,"max_hp_loss":0,"event_name":"MindBloom","floor":39,"gold_loss":0},{"cards_removed":["MentalFortress"],"damage_healed":0,"gold_gain":0,"player_choice":"Removed Power","damage_taken":0,"max_hp_gain":0,"max_hp_loss":0,"event_name":"Falling","floor":46,"gold_loss":0},{"damage_healed":0,"gold_gain":0,"player_choice":"Max HP","damage_taken":0,"max_hp_gain":0,"max_hp_loss":4,"event_name":"Winding Halls","floor":47,"gold_loss":0}],"is_beta":true,"boss_relics":[{"not_picked":["SlaversCollar","Black Star"],"picked":"HolyWater"},{"not_picked":["Busted Crown","Calling Bell"],"picked":"Sozu"}],"items_purged_floors":[45],"is_endless":false,"potions_floor_spawned":[2,16,25,30,31,33,36,39,40,44,48,54],"ascension_level":1}}