{"host":"8is2j71l4wmybkoi","time":1612166425,"event":{"mods":["AchievementEnabler","BaseMod","Colored Map","Minty Spire (QoL Compilation)","Rare Cards Sparkle","StSLib","SuperFastMode"],"gold_per_floor":[118,132,150,165,185,185,212,212,259,289,289,289,309,342,342,442,442,461,38,38,54,74,102,102,135,158,168,168,168,168,196,196,301,301,321,421,438,462,217,217,551,551,578,609,619,649,649,679,679,679,679,679,13,46,46],"floor_reached":56,"language":"KOR","playtime":3224,"items_purged":["Strike_R","Strike_R+1","Strike_R+1"],"score":1416,"play_id":"398e71b5-6576-4f7e-98d5-45d7ce88cae6","local_time":"20210201170025","daily_mods":["Diverse","Elite Swarm"],"is_ascension_mode":false,"campfire_choices":[{"data":"Blood for Blood","floor":6,"key":"SMITH"},{"data":"Evolve","floor":8,"key":"SMITH"},{"floor":11,"key":"REST"},{"data":"Bash","floor":15,"key":"SMITH"},{"data":"Berserk","floor":24,"key":"SMITH"},{"data":"Double Energy","floor":28,"key":"SMITH"},{"floor":32,"key":"REST"},{"floor":40,"key":"RECALL"},{"data":"Venomology","floor":42,"key":"SMITH"},{"data":"Omniscience","floor":47,"key":"SMITH"},{"data":"Wraith Form v2","floor":49,"key":"SMITH"},{"data":"Vault","floor":52,"key":"SMITH"}],"circlet_count":0,"master_deck":["Defend_R","Defend_R+1","Defend_R+1","Defend_R","Bash+1","Blood for Blood+1","Crescendo","Evolve+1","Double Tap","Echo Form+1","LessonLearned","Venomology+1","Scrawl","Feel No Pain","Second Wind+1","EmptyBody","Impervious","Double Energy+1","Vault+1","Berserk+1","Seek","Perseverance+1","Offering","Phantasmal Killer","FearNoEvil+1","Headbutt+1","Night Terror","Seek","Steam Power+1","Pommel Strike+1","Omniscience+1","Wraith Form v2+1","Demon Form"],"relics":["Burning Blood","Whetstone","Red Skull","White Beast Statue","Vajra","SlaversCollar","War Paint","Oddly Smooth Stone","Prayer Wheel","Happy Flower","Potion Belt","Coffee Dripper","Bag of Preparation","Toy Ornithopter","Old Coin","Centennial Puzzle","The Courier","Dream Catcher","Lee\u0027s Waffle","InkBottle","Lizard Tail","Lantern"],"acts_visited":["Exordium","TheCity","TheBeyond","TheEnding"],"potions_floor_usage":[5,7,14,16,16,18,21,21,22,22,23,23,23,25,27,27,31,31,31,33,35,37,41,41,41,44,44,45,46,46,48,48,48,48,48,50,50,54,54,54,55,55,55],"damage_taken":[{"damage":6,"enemies":"Cultist","floor":1,"turns":3},{"damage":0,"enemies":"Small Slimes","floor":2,"turns":4},{"damage":0,"enemies":"2 Louse","floor":3,"turns":3},{"damage":25,"enemies":"Large Slime","floor":4,"turns":5},{"damage":17,"enemies":"Gremlin Gang","floor":5,"turns":5},{"damage":20,"enemies":"Gremlin Nob","floor":7,"turns":4},{"damage":31,"enemies":"Lagavulin","floor":10,"turns":6},{"damage":10,"enemies":"Exordium Thugs","floor":13,"turns":2},{"damage":16,"enemies":"Gremlin Nob","floor":14,"turns":3},{"damage":19,"enemies":"Hexaghost","floor":16,"turns":6},{"damage":22,"enemies":"Shell Parasite","floor":18,"turns":5},{"damage":4,"enemies":"2 Thieves","floor":21,"turns":5},{"damage":25,"enemies":"Shelled Parasite and Fungi","floor":22,"turns":8},{"damage":19,"enemies":"Slavers","floor":23,"turns":7},{"damage":8,"enemies":"Gremlin Leader","floor":25,"turns":4},{"damage":2,"enemies":"Snake Plant","floor":27,"turns":2},{"damage":13,"enemies":"Slavers","floor":31,"turns":3},{"damage":33,"enemies":"Collector","floor":33,"turns":7},{"damage":11,"enemies":"3 Darklings","floor":35,"turns":5},{"damage":6,"enemies":"Orb Walker","floor":37,"turns":4},{"damage":7,"enemies":"Giant Head","floor":41,"turns":7},{"damage":12,"enemies":"Reptomancer","floor":44,"turns":6},{"damage":6,"enemies":"Transient","floor":45,"turns":6},{"damage":6,"enemies":"Giant Head","floor":46,"turns":3},{"damage":41,"enemies":"Reptomancer","floor":48,"turns":5},{"damage":6,"enemies":"Time Eater","floor":50,"turns":7},{"damage":6,"enemies":"Shield and Spear","floor":54,"turns":5},{"damage":22,"enemies":"The Heart","floor":55,"turns":6}],"seed_played":"654237217470212695","potions_obtained":[{"floor":2,"key":"LiquidBronze"},{"floor":3,"key":"DistilledChaos"},{"floor":5,"key":"Weak Potion"},{"floor":13,"key":"SteroidPotion"},{"floor":14,"key":"Swift Potion"},{"floor":16,"key":"GamblersBrew"},{"floor":18,"key":"BlessingOfTheForge"},{"floor":21,"key":"Fire Potion"},{"floor":22,"key":"Swift Potion"},{"floor":23,"key":"Dexterity Potion"},{"floor":25,"key":"Energy Potion"},{"floor":27,"key":"Weak Potion"},{"floor":31,"key":"AttackPotion"},{"floor":33,"key":"DistilledChaos"},{"floor":35,"key":"DistilledChaos"},{"floor":37,"key":"SpeedPotion"},{"floor":41,"key":"SkillPotion"},{"floor":44,"key":"Explosive Potion"},{"floor":45,"key":"Strength Potion"},{"floor":46,"key":"ColorlessPotion"},{"floor":48,"key":"SkillPotion"},{"floor":54,"key":"DistilledChaos"}],"is_trial":true,"path_per_floor":["M","M","M","M","M","R","E","R","T","E","R","?","M","E","R","B",null,"M","$","?","M","M","E","R","E","T","M","R","?","?","E","R","B",null,"M","?","M","T","$","R","E","R","T","E","M","E","R","E","R","B",null,"R","$","E","B",null],"character_chosen":"IRONCLAD","items_purchased":["Feel No Pain","Second Wind","EmptyBody","War Paint","Toy Ornithopter","Lee\u0027s Waffle","InkBottle","Lizard Tail"],"campfire_rested":2,"item_purchase_floors":[19,19,19,19,39,53,53,53],"current_hp_per_floor":[80,80,80,61,50,50,36,36,36,11,35,35,31,21,21,8,80,64,64,64,66,47,34,34,32,32,36,36,36,36,29,53,26,80,75,75,75,75,75,75,80,80,80,80,80,80,80,63,63,73,80,80,87,87,73],"gold":46,"neow_bonus":"","is_daily":false,"chose_seed":false,"campfire_upgraded":9,"win_rate":0.0,"timestamp":1612166425,"path_taken":["M","M","M","M","M","R","E","R","T","E","R","?","?","E","R","BOSS","M","$","?","M","?","E","R","E","T","M","R","?","?","E","R","BOSS","M","?","?","?","$","R","E","R","T","E","M","E","R","E","R","BOSS","R","$","E","BOSS"],"items_purchased_type":["Card","Card","Card","Relic","Relic","Relic","Relic","Relic"],"build_version":"2020-12-22","purchased_purges":3,"victory":true,"max_hp_per_floor":[80,80,80,80,80,80,80,80,80,80,80,80,80,80,80,80,80,80,80,80,80,80,80,80,80,80,80,80,80,80,80,80,80,80,80,80,80,80,80,80,80,80,80,80,80,80,80,80,80,80,80,80,87,87,87],"card_choices":[{"not_picked":["FlyingSleeves","Sword Boomerang"],"picked":"Blood for Blood","floor":1},{"not_picked":["Gash","PiercingWail"],"picked":"Crescendo","floor":2},{"not_picked":["Deadly Poison","Steam"],"picked":"Evolve","floor":3},{"not_picked":["Study","Dagger Throw"],"picked":"Double Tap","floor":4},{"not_picked":["Infernal Blade","Tactician","Barrage"],"picked":"SKIP","floor":5},{"not_picked":["Grand Finale","Brilliance"],"picked":"Echo Form","floor":7},{"not_picked":["Biased Cognition","Limit Break"],"picked":"LessonLearned","floor":10},{"not_picked":["Wireheading","Doom and Gloom","Cleave"],"picked":"SKIP","floor":13},{"not_picked":["SpiritShield","Tools of the Trade"],"picked":"Venomology","floor":14},{"not_picked":["Seek","Thunder Strike"],"picked":"Scrawl","floor":16},{"not_picked":["Blade Dance","Perfected Strike","Noxious Fumes"],"picked":"SKIP","floor":18},{"not_picked":["EmptyBody","Sucker Punch+1"],"picked":"Double Energy","floor":21},{"not_picked":["Metallicize","Go for the Eyes+1"],"picked":"Vault","floor":22},{"not_picked":["Vault","Die Die Die"],"picked":"Berserk","floor":23},{"not_picked":["Exhume","Envenom"],"picked":"Seek","floor":25},{"not_picked":["Blade Dance+1","Dual Wield"],"picked":"Perseverance","floor":27},{"not_picked":["Poisoned Stab","Deflect","Dagger Throw"],"picked":"SKIP","floor":27},{"not_picked":["DeusExMachina","Echo Form"],"picked":"Offering","floor":31},{"not_picked":["Wraith Form v2","Grand Finale"],"picked":"Phantasmal Killer","floor":33},{"not_picked":["Streamline+1","Compile Driver"],"picked":"FearNoEvil+1","floor":35},{"not_picked":["Clash","Tempest","EmptyBody"],"picked":"SKIP","floor":35},{"not_picked":["Glass Knife","Pommel Strike"],"picked":"Headbutt+1","floor":37},{"not_picked":["Endless Agony","FlyingSleeves","Prostrate"],"picked":"SKIP","floor":37},{"not_picked":["Venomology","Phantasmal Killer"],"picked":"Night Terror","floor":41},{"not_picked":["Tools of the Trade","Brutality"],"picked":"Seek","floor":44},{"not_picked":["ClearTheMind+1","Turbo"],"picked":"Steam Power+1","floor":45},{"not_picked":["Steam","Sanctity+1"],"picked":"Pommel Strike+1","floor":45},{"not_picked":["DeusExMachina","ConjureBlade"],"picked":"Omniscience","floor":46},{"not_picked":["Phantasmal Killer","Juggernaut"],"picked":"Wraith Form v2","floor":48},{"not_picked":["Meteor Strike","Adrenaline"],"picked":"Demon Form","floor":54}],"player_experience":898810,"relics_obtained":[{"floor":7,"key":"Whetstone"},{"floor":9,"key":"Red Skull"},{"floor":10,"key":"White Beast Statue"},{"floor":14,"key":"Vajra"},{"floor":23,"key":"Oddly Smooth Stone"},{"floor":25,"key":"Prayer Wheel"},{"floor":26,"key":"Happy Flower"},{"floor":31,"key":"Potion Belt"},{"floor":38,"key":"Bag of Preparation"},{"floor":41,"key":"Old Coin"},{"floor":44,"key":"Centennial Puzzle"},{"floor":46,"key":"The Courier"},{"floor":48,"key":"Dream Catcher"},{"floor":54,"key":"Lantern"}],"event_choices":[{"cards_removed":["Strike_R"],"damage_healed":0,"gold_gain":0,"player_choice":"Purged","damage_taken":0,"max_hp_gain":0,"max_hp_loss":0,"event_name":"Purifier","floor":12,"gold_loss":0},{"damage_healed":0,"gold_gain":0,"cards_transformed":["Strike_R"],"player_choice":"Transformed","damage_taken":0,"max_hp_gain":0,"max_hp_loss":0,"event_name":"Transmorgrifier","floor":20,"gold_loss":0,"cards_obtained":["Impervious"]},{"damage_healed":0,"gold_gain":0,"player_choice":"Ignored","damage_taken":0,"max_hp_gain":0,"max_hp_loss":0,"event_name":"Vampires","floor":29,"gold_loss":0},{"damage_healed":0,"gold_gain":0,"player_choice":"Ignored","damage_taken":0,"max_hp_gain":0,"max_hp_loss":0,"event_name":"Ghosts","floor":30,"gold_loss":0},{"damage_healed":0,"gold_gain":100,"player_choice":"Pray","damage_taken":0,"max_hp_gain":0,"max_hp_loss":0,"event_name":"Golden Shrine","floor":36,"gold_loss":0}],"is_beta":false,"boss_relics":[{"not_picked":["Busted Crown","Black Blood"],"picked":"SlaversCollar"},{"not_picked":["Black Star","Runic Dome"],"picked":"Coffee Dripper"}],"items_purged_floors":[19,39,53],"is_endless":false,"potions_floor_spawned":[2,3,5,13,14,16,18,21,22,23,25,27,31,33,35,37,41,44,45,46,48,54],"ascension_level":0}}