{"host":"fdq5pmhluajjrf8d","time":1612215748,"event":{"mods":["BaseMod","Minty Spire (QoL Compilation)"],"gold_per_floor":[118,118,43,63,79,146,146,166,166,196,211,225,245,310,310,310,310],"floor_reached":16,"language":"ENG","playtime":556,"items_purged":["Regret"],"score":196,"play_id":"6a4f6baf-08c1-4d48-a6c1-15cd7c6e34d7","local_time":"20210201164228","is_ascension_mode":true,"campfire_choices":[{"data":"Zap","floor":7,"key":"SMITH"},{"floor":15,"key":"REST"}],"circlet_count":0,"master_deck":["AscendersBane","Strike_B","Strike_B","Strike_B","Strike_B","Defend_B","Defend_B","Defend_B","Defend_B","Zap+1","Dualcast","Heatsinks","Self Repair","Self Repair","Machine Learning"],"relics":["Cracked Core","Unceasing Top","SsserpentHead","Gremlin Horn"],"acts_visited":["Exordium"],"potions_floor_usage":[11,12,14,16,16],"damage_taken":[{"damage":1,"enemies":"Cultist","floor":1,"turns":3},{"damage":9,"enemies":"Jaw Worm","floor":4,"turns":3},{"damage":0,"enemies":"Small Slimes","floor":5,"turns":4},{"damage":14,"enemies":"3 Louse","floor":6,"turns":6},{"damage":38,"enemies":"Exordium Thugs","floor":8,"turns":4},{"damage":10,"enemies":"Gremlin Gang","floor":11,"turns":3},{"damage":13,"enemies":"Large Slime","floor":12,"turns":4},{"damage":12,"enemies":"Looter","floor":13,"turns":3},{"damage":21,"enemies":"Exordium Wildlife","floor":14,"turns":6},{"damage":37,"enemies":"Hexaghost","floor":16,"turns":9}],"seed_played":"2832811359138525898","potions_obtained":[{"floor":6,"key":"PowerPotion"},{"floor":10,"key":"Explosive Potion"},{"floor":11,"key":"AttackPotion"},{"floor":12,"key":"Explosive Potion"},{"floor":14,"key":"Fire Potion"}],"is_trial":false,"path_per_floor":["M","?","$","M","M","M","R","M","T","?","M","M","M","M","R","B"],"character_chosen":"DEFECT","items_purchased":[],"campfire_rested":1,"item_purchase_floors":[],"current_hp_per_floor":[63,63,63,54,61,54,54,23,23,23,20,21,23,16,37,0,0],"gold":310,"neow_bonus":"ONE_RARE_RELIC","is_daily":false,"chose_seed":false,"campfire_upgraded":1,"win_rate":0.0,"timestamp":1612215748,"path_taken":["M","?","$","M","M","?","R","M","T","?","M","M","M","?","R","BOSS"],"items_purchased_type":[],"build_version":"2020-12-22","purchased_purges":1,"victory":false,"max_hp_per_floor":[71,71,71,71,71,71,71,71,71,71,71,71,71,71,71,71,71],"card_choices":[{"not_picked":["Steam Power","Beam Cell"],"picked":"Heatsinks","floor":1},{"not_picked":["Fusion","Coolheaded"],"picked":"Self Repair","floor":4},{"not_picked":["Scrape","Beam Cell","Compile Driver"],"picked":"SKIP","floor":5},{"not_picked":["Conserve Battery","Streamline","Gash"],"picked":"SKIP","floor":6},{"not_picked":["Beam Cell","Leap","Hologram"],"picked":"SKIP","floor":8},{"not_picked":["Steam","Rebound"],"picked":"Self Repair","floor":11},{"not_picked":["Double Energy","Steam","Barrage"],"picked":"SKIP","floor":12},{"not_picked":["Barrage","Reinforced Body"],"picked":"Machine Learning","floor":13},{"not_picked":["Tempest","Beam Cell","Compile Driver"],"picked":"SKIP","floor":14}],"player_experience":1965632,"relics_obtained":[{"floor":9,"key":"Gremlin Horn"}],"event_choices":[{"damage_healed":0,"gold_gain":0,"player_choice":"Trade","damage_taken":0,"relics_obtained":["SsserpentHead"],"max_hp_gain":0,"max_hp_loss":0,"event_name":"FaceTrader","floor":2,"gold_loss":0},{"damage_healed":0,"gold_gain":0,"player_choice":"Bought 1 Potion","damage_taken":0,"max_hp_gain":0,"max_hp_loss":0,"event_name":"The Woman in Blue","floor":10,"gold_loss":0}],"is_beta":false,"boss_relics":[],"items_purged_floors":[3],"is_endless":false,"potions_floor_spawned":[6,11,12,13,14],"killed_by":"Hexaghost","ascension_level":20}}