{"host":"ueaeb6fe0hvwaqzf","time":1612190145,"event":{"mods":["2.2 Compatiblity","AchievementEnabler","Act Like it!","Aspiration","BaseMod","BetterRewards","Clawfect","Colored Map","Colored Powertips","Conspire","Defuse TimeMaze Blight","Downfall","Energized Spire","GifTheSpireLib","GungeonMod","Hallownest","Highlight Path","Hubris","Infinite Spire","Koishi","Marisa????????","Mimic Mod","Minty Spire (QoL Compilation)","Pale of the Ancients","Permanent Neow","Quick Restart","Random Character Button","Remilia??????","Replay The Spire","StSLib","Stuff the Spire","Td1madao Mod","The Bug Knight","The Disciple","The IronCluck","The Servant 0.9.4","slay the spire mod where everything is the same but ironclad has a cowboy hat"],"gold_per_floor":[99,115,115,115,115,133,133,133,133,43,43,43,43,77,89,185,185,185,201,211,211,104,104,131,131,131,131,344,377,419,439,439,439,439,439],"floor_reached":33,"language":"ENG","playtime":1701,"items_purged":["Regret","hexamod:GhostOfSpirePast","hexamod:Strike"],"score":303,"play_id":"5690eebe-56df-41f2-be52-99b3fa38e9ce","local_time":"20210201143545","is_ascension_mode":true,"campfire_choices":[{"floor":1.0,"key":"DIG"},{"data":"hexamod:ForkedFlame","floor":11.0,"key":"SMITH"},{"data":"hexamod:Incineration","floor":13.0,"key":"SMITH"},{"data":"hexamod:UnlimitedPower","floor":18.0,"key":"SMITH"},{"data":"hexamod:SearingWound","floor":25.0,"key":"SMITH"},{"floor":27.0,"key":"REST"}],"circlet_count":0,"master_deck":["hexamod:Strike","hexamod:Strike+1","hexamod:Strike","hexamod:Defend+1","hexamod:Defend+1","hexamod:Defend","hexamod:Defend","hexamod:Sear+1","hexamod:Float","hexamod:BurningTouch+1","hexamod:ThirdSeal","hexamod:FifthSeal","hexamod:SixthSeal","hexamod:Incineration+1","hexamod:CatchUp+1","hexamod:FourthSeal","hexamod:ForkedFlame+1","hexamod:ShieldOfDarkness+1","hexamod:FirstSeal","hexamod:FastForward","hexamod:SwordOfDarkness","hexamod:ShieldOfDarkness","hexamod:Toasty","hexamod:UnlimitedPower+1","hexamod:SecondSeal","hexamod:InspiringFlames","hexamod:PhantomFireball+1","hexamod:UnlimitedPower+1","hexamod:ExtraCrispy","hexamod:SearingWound+1","hexamod:SoulSteal+1","hexamod:HauntingEcho+1","hexamod:ThermalTransfer+1","hexamod:FastForward","hexamod:Firestarter","hexamod:FastForward"],"relics":["energizedSpire:EnergizedDie","TungstenRod","StuffTheSpire:RedRose","Mercury Hourglass","Ancient Tea Set","conspire:SlowCooker","StuffTheSpire:Experiment12","PreservedInsect","Replay:Arrowhead"],"acts_visited":["Exordium","TheCity"],"potions_floor_usage":[32,33],"damage_taken":[{"damage":5.0,"enemies":"2 Louse","floor":2.0,"turns":2.0},{"damage":0.0,"enemies":"Jaw Worm","floor":4.0,"turns":3.0},{"damage":1.0,"enemies":"Small Slimes","floor":6.0,"turns":4.0},{"damage":6.0,"enemies":"Exordium Thugs","floor":8.0,"turns":5.0},{"damage":2.0,"enemies":"downfall:FleeingMerchant","floor":10.0,"turns":4.0},{"damage":32.0,"enemies":"Lagavulin","floor":14.0,"turns":6.0},{"damage":6.0,"enemies":"Red Slaver","floor":15.0,"turns":2.0},{"damage":9.0,"enemies":"IC_STATUS_ARCHETYPE","floor":16.0,"turns":3.0},{"damage":14.0,"enemies":"conspire:FuzzyDice","floor":19.0,"turns":6.0},{"damage":0.0,"enemies":"Chosen","floor":20.0,"turns":4.0},{"damage":4.0,"enemies":"downfall:FleeingMerchant","floor":22.0,"turns":4.0},{"damage":26.0,"enemies":"Snake Plant","floor":23.0,"turns":3.0},{"damage":6.0,"enemies":"downfall:FleeingMerchant","floor":28.0,"turns":4.0},{"damage":20.0,"enemies":"conspire:SneckoGhost","floor":29.0,"turns":4.0},{"damage":10.0,"enemies":"conspire:MimicChest","floor":30.0,"turns":6.0},{"damage":18.0,"enemies":"Chosen and Byrds","floor":31.0,"turns":5.0},{"damage":0,"enemies":"Centurion and Healer","floor":32,"turns":1},{"damage":35,"enemies":"WA_ARCHETYPE_CALM","floor":33,"turns":6}],"seed_played":"-8724477352361203094","potions_obtained":[{"floor":6.0,"key":"BlessingOfTheForge"},{"floor":8.0,"key":"Swift Potion"},{"floor":14.0,"key":"LiquidMemories"},{"floor":14.0,"key":"Fire Potion"},{"floor":16.0,"key":"SmokeBomb"},{"floor":16.0,"key":"Energy Potion"},{"floor":19.0,"key":"Elixir"},{"floor":19.0,"key":"Explosive Potion"},{"floor":20.0,"key":"Death Potion"},{"floor":28.0,"key":"Flashbang"},{"floor":29.0,"key":"Strength Potion"}],"is_trial":false,"path_per_floor":["R_BF","M","?","M","?","M","T","M","?","$","R","?","R","E","M","B",null,"R_BF","M","M","?","$","M","T","R","?","R","$","E","?","M","M","B"],"character_chosen":"THE_SPIRIT","items_purchased":[],"campfire_rested":1,"item_purchase_floors":[],"current_hp_per_floor":[70,65,65,65,65,64,64,58,58,56,56,56,56,24,25,23,70,70,63,63,63,66,40,40,40,40,61,55,42,32,21,28,0,0,0],"gold":439,"neow_bonus":"BOSS_RELIC","is_daily":false,"chose_seed":false,"campfire_upgraded":4,"win_rate":0.0,"timestamp":1612190145,"path_taken":["R_BF","M","?","M","?","M","T","M","?","$","R","?","R","E","M","BOSS","R_BF","M","M","?","$","?","T","R","?","R","?","E","?","?","M","BOSS"],"items_purchased_type":[],"build_version":"2020-12-22","purchased_purges":3,"victory":false,"max_hp_per_floor":[70,70,70,70,70,70,70,70,70,70,70,70,70,70,70,70,70,70,70,70,70,70,70,70,70,70,70,70,70,70,70,70,70,70,70],"card_choices":[{"not_picked":["hexamod:HeatShield","hexamod:GhostShield"],"picked":"hexamod:BurningTouch","floor":2.0},{"not_picked":["hexamod:CatchUp","hexamod:PowerFromBeyond"],"picked":"hexamod:ThirdSeal","floor":4.0},{"not_picked":["hexamod:PowerFromBeyond","hexamod:ThermalTransfer"],"picked":"hexamod:FifthSeal","floor":6.0},{"not_picked":["hexamod:StepThrough","hexamod:GhostLash"],"picked":"hexamod:BurningTouch","floor":6.0},{"not_picked":["hexamod:FirstSeal","hexamod:ThirdSeal"],"picked":"hexamod:SixthSeal","floor":8.0},{"not_picked":["hexamod:Hexaguard","hexamod:BurningTouch"],"picked":"hexamod:ExtraCrispy","floor":8.0},{"not_picked":["hexamod:BurningTouch","hexamod:StepThrough"],"picked":"hexamod:Incineration","floor":8.0},{"not_picked":["hexamod:SixthSeal","hexamod:ThirdSeal"],"picked":"hexamod:FourthSeal","floor":10.0},{"not_picked":["hexamod:Rewind","hexamod:Hexaguard"],"picked":"hexamod:ForkedFlame","floor":10.0},{"not_picked":["hexamod:ThirdSeal","hexamod:PhantomCloak"],"picked":"hexamod:ShieldOfDarkness","floor":10.0},{"not_picked":["hexamod:SecondSeal","hexamod:SixthSeal"],"picked":"hexamod:FirstSeal","floor":14.0},{"not_picked":["hexamod:ShieldOfDarkness","hexamod:NightmareStrike"],"picked":"hexamod:FastForward","floor":14.0},{"not_picked":["hexamod:BurningTouch","hexamod:NightmareStrike"],"picked":"hexamod:SwordOfDarkness","floor":14.0},{"not_picked":["hexamod:SwordOfDarkness","hexamod:Hexaguard"],"picked":"hexamod:ShieldOfDarkness","floor":15.0},{"not_picked":["hexamod:FifthSeal","hexamod:TurnItUp"],"picked":"hexamod:Toasty","floor":16.0},{"not_picked":["hexamod:HexaLevel","hexamod:GhostOfSpirePresent"],"picked":"hexamod:UnlimitedPower","floor":16.0},{"not_picked":["hexamod:ThirdSeal","hexamod:SixthSeal"],"picked":"hexamod:SecondSeal","floor":19.0},{"not_picked":["hexamod:Hexaguard","hexamod:CatchUp"],"picked":"hexamod:InspiringFlames","floor":19.0},{"not_picked":["hexamod:NightmareGuise","hexamod:BurningTouch"],"picked":"hexamod:PhantomFireball+1","floor":20.0},{"not_picked":["hexamod:BacktrackSmack","hexamod:Hexaguard","hexamod:NightmareGuise+1"],"picked":"SKIP","floor":20.0},{"not_picked":["hexamod:RetreatToShadows+1","hexamod:Incineration"],"picked":"hexamod:ExtraCrispy","floor":22.0},{"not_picked":["hexamod:Firestarter","hexamod:AdvancingGuard"],"picked":"hexamod:SearingWound","floor":23.0},{"not_picked":["hexamod:Firestarter","hexamod:NecessarySacrifice+1"],"picked":"hexamod:SoulSteal+1","floor":23.0},{"not_picked":["hexamod:PowerFromBeyond","hexamod:ThermalTransfer"],"picked":"hexamod:HauntingEcho+1","floor":28.0},{"not_picked":["hexamod:NecessarySacrifice","hexamod:GhostShield"],"picked":"hexamod:ThermalTransfer+1","floor":29.0},{"not_picked":["hexamod:GhostLash","hexamod:GhostOfSpirePresent"],"picked":"hexamod:FastForward","floor":29.0},{"not_picked":["hexamod:FastForward","hexamod:ThermalTransfer"],"picked":"hexamod:Firestarter","floor":30.0},{"not_picked":["hexamod:PhantomFireball","hexamod:Hexaguard"],"picked":"hexamod:FastForward","floor":31.0}],"player_experience":242193,"relics_obtained":[{"floor":1.0,"key":"TungstenRod"},{"floor":7.0,"key":"Mercury Hourglass"},{"floor":14.0,"key":"Ancient Tea Set"},{"floor":24.0,"key":"StuffTheSpire:Experiment12"},{"floor":29.0,"key":"PreservedInsect"},{"floor":30.0,"key":"Replay:Arrowhead"}],"event_choices":[],"is_beta":false,"boss_relics":[{"not_picked":["aspiration:RunicSpoon","Ring of Chaos"],"picked":"conspire:SlowCooker"}],"items_purged_floors":[10,22,28],"is_endless":false,"potions_floor_spawned":[6,8,14,16,19,29,32],"killed_by":"WA_ARCHETYPE_CALM","ascension_level":1}}