{"host":"adt9pv9dmmkchns7","time":1612205523,"event":{"mods":["AchievementEnabler","BaseMod","Beaked The Cultist","Better Third Choice","Downfall","Energized Spire","Infinite Spire","Minty Spire (QoL Compilation)","Permanent Neow","Potionbrewer","Replay The Spire","Robot Space Explorer","Shade Mod","Spicy Shops","StSLib","The Blackbeard","The Cursed","The Forsaken","The Gatherer","The Necromancer","Wandering Minibosses"],"gold_per_floor":[117,2,13,24,24,58,75,106,132,163,163,163,183,183,217,230,230,334,334,350,362,362,362,382,416,431,457,457,474,485,485],"floor_reached":30,"language":"ENG","playtime":4323,"items_purged":["TheCursedMod:Dregs"],"score":372,"play_id":"352494ba-382a-41dd-b43f-0bfbf6038f7b","local_time":"20210201195203","is_ascension_mode":true,"metric_token":1361,"campfire_choices":[{"floor":14,"key":"RECALL"},{"data":"champ:GladiatorStyle","floor":17,"key":"SMITH"}],"circlet_count":0,"master_deck":["Gatherer:Strike_Gatherer+1","Gatherer:Strike_Gatherer+1","Gatherer:Strike_Gatherer+1","Gatherer:Strike_Gatherer+1","Gatherer:Strike_Gatherer+1","Gatherer:Defend_Gatherer+1","Gatherer:Defend_Gatherer+1","Gatherer:Defend_Gatherer+1","Gatherer:Defend_Gatherer+1","Gatherer:Defend_Gatherer+1","Gatherer:Centralize","Gatherer:FlowerWhip","Gatherer:Enchant","Gatherer:MiningStrike+1","Gatherer:BalancedGrowth","Gatherer:ScherryThrow","Gatherer:RottenStipe","champ:GladiatorStyle+1","Gatherer:EchoOfNature","Gatherer:BigPouch","Gatherer:FlowerBeam","Gatherer:TreeGrowth","Gatherer:PoisonMastery","Gatherer:SaveValuables","Gatherer:TacticalStrike","theForsaken:PlagueCurse","Gatherer:Frenzy","Gatherer:Herbalism+1","Gatherer:Convert","Gatherer:HeartToFruit","Gatherer:CarefulStrike"],"relics":["Gatherer:AlchemyBag","infinitespire:Joker Card","theForsaken:ScaryMask","Toy Ornithopter","theForsaken:Lifeblossom","Potion Belt","Gatherer:Leftovers","Gatherer:ExplorersPath","theForsaken:PlagueMask","Counterbalance","Centennial Puzzle","Replay:Ringing Soul"],"acts_visited":["Exordium","TheCity"],"potions_floor_usage":[6,10,10,10,15,18,20,27,29,29],"damage_taken":[{"damage":2,"enemies":"Cultist","floor":1,"turns":4},{"damage":2,"enemies":"Small Slimes","floor":3,"turns":3},{"damage":8,"enemies":"Jaw Worm","floor":4,"turns":2},{"damage":4,"enemies":"Gremlin Nob","floor":6,"turns":3},{"damage":0,"enemies":"3 Louse","floor":7,"turns":3},{"damage":0,"enemies":"Replay:BlueRogue","floor":8,"turns":4},{"damage":5,"enemies":"3 Sentries","floor":10,"turns":4},{"damage":0,"enemies":"Exordium Wildlife","floor":13,"turns":4},{"damage":0,"enemies":"Gremlin Nob","floor":15,"turns":1},{"damage":8,"enemies":"2 Fungi Beasts","floor":16,"turns":3},{"damage":15,"enemies":"Hexaghost","floor":18,"turns":7},{"damage":0,"enemies":"Chosen","floor":20,"turns":4},{"damage":4,"enemies":"Spheric Guardian","floor":21,"turns":4},{"damage":3,"enemies":"Centurion and Healer","floor":24,"turns":5},{"damage":14,"enemies":"Gremlin Leader","floor":25,"turns":6},{"damage":6,"enemies":"Snecko","floor":26,"turns":3},{"damage":15,"enemies":"Slavers","floor":27,"turns":5},{"damage":12,"enemies":"Shelled Parasite and Fungi","floor":29,"turns":2},{"damage":6,"enemies":"Snake Plant","floor":30,"turns":3}],"seed_played":"8761135976975675224","potions_obtained":[{"floor":3,"key":"Cursed Concoction"},{"floor":4,"key":"Fire Potion"},{"floor":7,"key":"EntropicBrew"},{"floor":8,"key":"Elixir"},{"floor":15,"key":"BottledMiracle"},{"floor":18,"key":"Death Potion"},{"floor":21,"key":"BloodPotion"},{"floor":24,"key":"LifebloodPotion"},{"floor":26,"key":"SneckoOil"},{"floor":27,"key":"bronze:BurnAndBuffPotion"},{"floor":30,"key":"potionbrewer:AcidPotion"}],"is_trial":false,"path_per_floor":["M","$","M","M","?","E","M","E","T","E","PTL","PTL","M","R","E","M","R","B",null,"M","M","?","?","M","E","M","E","T","M","M"],"character_chosen":"THE_GATHERER","items_purchased":["Gatherer:MiningStrike"],"campfire_rested":0,"item_purchase_floors":[2],"current_hp_per_floor":[70,70,68,60,60,56,56,56,56,72,72,72,72,72,72,66,66,58,72,72,69,69,69,72,61,61,57,57,61,63,63,63],"gold":485,"neow_bonus":"ONE_RARE_RELIC","is_daily":false,"chose_seed":false,"campfire_upgraded":1,"win_rate":0.0,"timestamp":1612205523,"path_taken":["M","$","M","M","?","E","M","E","T","E","PTL","PTL","M","R","E","M","R","BOSS","M","M","?","?","M","E","M","E","T","M","M"],"items_purchased_type":["Card"],"build_version":"2020-12-22","purchased_purges":1,"victory":false,"max_hp_per_floor":[72,72,72,72,72,72,72,72,72,72,72,72,72,72,72,72,72,72,72,72,72,72,72,72,72,72,72,72,75,78,78,78],"card_choices":[{"not_picked":["Gatherer:Liquidism","Gatherer:ScentOfRosmari"],"picked":"Gatherer:Enchant","floor":1},{"not_picked":["Gatherer:FlowerFalling","Gatherer:EnergyBasket"],"picked":"Gatherer:BalancedGrowth","floor":3},{"not_picked":["Gatherer:CollectorsShot","Gatherer:SaveValuables"],"picked":"Gatherer:ScherryThrow","floor":4},{"not_picked":["Gatherer:Herbalism","Gatherer:GatherMaterial"],"picked":"Gatherer:GrowBook","floor":6},{"not_picked":["Gatherer:ScherryThrow","Gatherer:Uplift"],"picked":"Gatherer:RottenStipe","floor":7},{"not_picked":["Gatherer:SmartManeuver","Gatherer:Nutrients"],"picked":"Gatherer:EchoOfNature","floor":8},{"not_picked":["Gatherer:EnergyBasket","Gatherer:ScherryThrow"],"picked":"Gatherer:BigPouch","floor":10},{"not_picked":["Gatherer:GlowingPlant","Gatherer:RecipeChange"],"picked":"Gatherer:FlowerBeam","floor":13},{"not_picked":["Gatherer:Frenzy","Gatherer:PotentialSlash"],"picked":"Gatherer:TreeGrowth","floor":15},{"not_picked":["Gatherer:CarefulStrike","Gatherer:Frenzy","Gatherer:Convert"],"picked":"SKIP","floor":16},{"not_picked":["Gatherer:Examine","Gatherer:GrowBook"],"picked":"Gatherer:PoisonMastery","floor":18},{"not_picked":["Gatherer:SealedBomb","Gatherer:GatherMaterial"],"picked":"Gatherer:SaveValuables","floor":20},{"not_picked":["Gatherer:Enchant","Gatherer:RecoveryHerb"],"picked":"Gatherer:TacticalStrike","floor":21},{"not_picked":["Gatherer:RottenStipe","Gatherer:Solidify"],"picked":"Gatherer:Frenzy","floor":24},{"not_picked":["Gatherer:OddSpoils","Gatherer:Snatch+1"],"picked":"Gatherer:Herbalism+1","floor":25},{"not_picked":["Gatherer:AcidicSpray+1","Gatherer:SaveValuables+1"],"picked":"Gatherer:Convert","floor":26},{"not_picked":["Gatherer:GatherMaterial","Gatherer:UpgradeBag"],"picked":"Gatherer:HeartToFruit","floor":27},{"not_picked":["Gatherer:MiningStrike+1","Gatherer:GatherMaterial"],"picked":"Gatherer:CarefulStrike","floor":29},{"not_picked":["Gatherer:FlowerBeam","Gatherer:Frenzy","Gatherer:Convert+1"],"picked":"SKIP","floor":30}],"player_experience":873302,"relics_obtained":[{"floor":6,"key":"theForsaken:ScaryMask"},{"floor":8,"key":"Toy Ornithopter"},{"floor":9,"key":"theForsaken:Lifeblossom"},{"floor":10,"key":"Potion Belt"},{"floor":15,"key":"Gatherer:Leftovers"},{"floor":25,"key":"Counterbalance"},{"floor":27,"key":"Centennial Puzzle"},{"floor":28,"key":"Replay:Ringing Soul"}],"event_choices":[{"damage_healed":0,"gold_gain":0,"player_choice":"Grow","damage_taken":0,"max_hp_gain":0,"max_hp_loss":0,"event_name":"Living Wall","floor":5,"gold_loss":0,"cards_upgraded":["Gatherer:MiningStrike"]},{"damage_healed":0,"gold_gain":0,"player_choice":"Obtain Plague Curse","damage_taken":0,"max_hp_gain":0,"max_hp_loss":0,"event_name":"Plague Doctor","floor":22,"gold_loss":0,"cards_obtained":["theForsaken:PlagueCurse"]},{"damage_healed":0,"gold_gain":0,"player_choice":"Simplicity","damage_taken":0,"max_hp_gain":0,"max_hp_loss":10,"event_name":"betterThird:BetterWriting","floor":23,"gold_loss":0}],"is_beta":false,"boss_relics":[{"not_picked":["Sozu","Astrolabe"],"picked":"Gatherer:ExplorersPath"}],"items_purged_floors":[2],"is_endless":false,"potions_floor_spawned":[3,4,7,8,15,18,21,24,26,27,30],"killed_by":"Snake Plant","ascension_level":1}}