{"host":"cbu6enf2xtq4r7r3","time":1612182154,"event":{"mods":["2.2 Compatiblity","AlwaysNeverKeys","BaseMod","Better Match","Better Note","Better Sensory Stone","Better Skull","Better Third Choice","Colored Map","Colored Powertips","Defuse TimeMaze Blight","Emptier Cage","Minty Spire (QoL Compilation)","Permanent Neow","Quick Restart","Random Character Button","Relic Sorter","Reorder Act Four","Shop Mod","StSLib"],"gold_per_floor":[118,118,137,148,148,148,178,178,228,256,256,273,298,361,361,464,464,477,493,493,506,506,506,531,531,531,531,531,564,584,219,219,320,320,340,357,457,134,134,134,169,169,220,249,304,304,324,340,340,340],"floor_reached":51,"language":"ENG","playtime":1668,"items_purged":["Strike_B","Dualcast"],"score":899,"play_id":"c0446a9c-e980-4a96-8f00-da9625a4ae43","local_time":"20210201132234","is_ascension_mode":true,"campfire_choices":[{"data":"Discovery","floor":6,"key":"SMITH"},{"data":"Zap","floor":8,"key":"SMITH"},{"data":"Genetic Algorithm","floor":15,"key":"SMITH"},{"data":"Capacitor","floor":23,"key":"SMITH"},{"data":"Electrodynamics","floor":25,"key":"SMITH"},{"data":"Defragment","floor":28,"key":"SMITH"},{"data":"Coolheaded","floor":32,"key":"SMITH"},{"data":"Leap","floor":40,"key":"SMITH"},{"data":"Scrape","floor":42,"key":"SMITH"},{"data":"Defend_B","floor":46,"key":"SMITH"},{"data":"Force Field","floor":49,"key":"SMITH"}],"circlet_count":0,"master_deck":["Defend_B","Defend_B","Defend_B","Defend_B+1","Zap+1","Ball Lightning","FTL","Discovery+1","Coolheaded+1","Genetic Algorithm+1","FTL","Capacitor+1","Self Repair","Electrodynamics+1","Leap+1","FTL","Coolheaded+1","Shrug It Off+1","Defragment+1","Scrape+1","Glacier+1","Chaos+1","Core Surge","Scrape+1","BootSequence","Force Field+1"],"relics":["Cracked Core","Thread and Needle","Oddly Smooth Stone","PreservedInsect","Centennial Puzzle","Happy Flower","DataDisk","Sozu","Bag of Preparation","Cables","Ornamental Fan","Bird Faced Urn","Black Star","Membership Card","Juzu Bracelet","Meat on the Bone","Mercury Hourglass","Bronze Scales","Unceasing Top","Toy Ornithopter","Calipers"],"acts_visited":["Exordium","TheCity","TheBeyond"],"potions_floor_usage":[7,10,13,29],"damage_taken":[{"damage":0,"enemies":"2 Louse","floor":1,"turns":2},{"damage":0,"enemies":"Small Slimes","floor":3,"turns":2},{"damage":0,"enemies":"Cultist","floor":4,"turns":3},{"damage":10,"enemies":"Gremlin Nob","floor":7,"turns":3},{"damage":10,"enemies":"Lagavulin","floor":10,"turns":3},{"damage":4,"enemies":"Blue Slaver","floor":12,"turns":3},{"damage":7,"enemies":"3 Sentries","floor":13,"turns":3},{"damage":6,"enemies":"3 Sentries","floor":14,"turns":3},{"damage":5,"enemies":"Slime Boss","floor":16,"turns":7},{"damage":0,"enemies":"Chosen","floor":18,"turns":3},{"damage":0,"enemies":"Shell Parasite","floor":19,"turns":5},{"damage":0,"enemies":"Snecko","floor":21,"turns":6},{"damage":2,"enemies":"Slavers","floor":24,"turns":3},{"damage":0,"enemies":"Book of Stabbing","floor":29,"turns":3},{"damage":0,"enemies":"3 Cultists","floor":30,"turns":3},{"damage":13,"enemies":"Automaton","floor":33,"turns":6},{"damage":0,"enemies":"Orb Walker","floor":35,"turns":3},{"damage":0,"enemies":"3 Shapes","floor":36,"turns":6},{"damage":0,"enemies":"Giant Head","floor":41,"turns":7},{"damage":10,"enemies":"Nemesis","floor":44,"turns":5},{"damage":0,"enemies":"2 Orb Walkers","floor":45,"turns":3},{"damage":0,"enemies":"Jaw Worm Horde","floor":47,"turns":3},{"damage":0,"enemies":"Sphere and 2 Shapes","floor":48,"turns":4},{"damage":0,"enemies":"Donu and Deca","floor":50,"turns":7}],"seed_played":"-1579450773366845290","potions_obtained":[{"floor":3,"key":"Energy Potion"},{"floor":7,"key":"PowerPotion"},{"floor":12,"key":"Explosive Potion"},{"floor":16,"key":"LiquidBronze"}],"is_trial":false,"path_per_floor":["M","?","M","M","?","R","E","R","T","E","?","M","E","?","R","B",null,"M","M","?","M","?","R","E","R","T","?","R","E","M","$","R","B",null,"M","M","?","$","T","R","E","R","T","E","?","R","M","M","R","B",null],"character_chosen":"DEFECT","items_purchased":["Bird Faced Urn","Membership Card","Core Surge","Scrape"],"campfire_rested":0,"item_purchase_floors":[31,38,38,38],"current_hp_per_floor":[75,75,75,75,75,75,65,65,65,55,55,51,44,38,38,40,75,75,75,75,75,75,75,73,73,73,73,73,75,75,75,75,73,75,75,75,75,75,75,75,75,75,75,75,75,75,75,75,75,75],"gold":340,"neow_bonus":"RANDOM_COMMON_RELIC","is_daily":false,"chose_seed":false,"campfire_upgraded":11,"win_rate":0.0,"timestamp":1612182154,"path_taken":["M","?","M","M","?","R","E","R","T","E","?","?","E","?","R","BOSS","M","M","?","M","?","R","E","R","T","?","R","E","M","$","R","BOSS","M","M","?","?","?","R","E","R","T","E","?","R","M","M","R","BOSS"],"items_purchased_type":["Relic","Relic","Card","Card"],"build_version":"2020-12-22","purchased_purges":2,"victory":true,"max_hp_per_floor":[75,75,75,75,75,75,75,75,75,75,75,75,75,75,75,75,75,75,75,75,75,75,75,75,75,75,75,75,75,75,75,75,75,75,75,75,75,75,75,75,75,75,75,75,75,75,75,75,75,75],"card_choices":[{"not_picked":["Hologram","Doom and Gloom"],"picked":"Ball Lightning","floor":1},{"not_picked":["Sunder","Redo","Compile Driver"],"picked":"SKIP","floor":3},{"not_picked":["Hologram","Blizzard"],"picked":"FTL","floor":4},{"not_picked":["Good Instincts","Purity"],"picked":"Discovery","floor":5},{"not_picked":["Storm","Go for the Eyes"],"picked":"Coolheaded","floor":7},{"not_picked":["Chaos","Coolheaded"],"picked":"Genetic Algorithm","floor":10},{"not_picked":["Doom and Gloom","Darkness","Coolheaded"],"picked":"SKIP","floor":12},{"not_picked":["Streamline","Loop"],"picked":"Capacitor","floor":13},{"not_picked":["Leap","Coolheaded"],"picked":"Self Repair","floor":14},{"not_picked":["Machine Learning","Buffer"],"picked":"Electrodynamics","floor":16},{"not_picked":["Sweeping Beam","Capacitor"],"picked":"Leap","floor":18},{"not_picked":["Stack","Barrage"],"picked":"FTL","floor":19},{"not_picked":["Turbo+1","Leap"],"picked":"Coolheaded+1","floor":21},{"not_picked":["Capacitor+1","Genetic Algorithm","Creative AI"],"picked":"SKIP","floor":24},{"not_picked":["Redo+1","Steam","Gash"],"picked":"SKIP","floor":29},{"not_picked":["Compile Driver","Double Energy"],"picked":"Scrape+1","floor":30},{"not_picked":["Go for the Eyes+1","Beam Cell"],"picked":"Glacier+1","floor":35},{"not_picked":["Ball Lightning+1","Streamline+1"],"picked":"Chaos+1","floor":36},{"not_picked":["Turbo","Multi-Cast"],"picked":"BootSequence","floor":41},{"not_picked":["Barrage","Consume","Reinforced Body+1"],"picked":"SKIP","floor":44},{"not_picked":["Reprogram","Compile Driver","Cold Snap"],"picked":"SKIP","floor":47},{"not_picked":["Genetic Algorithm+1","Ball Lightning+1"],"picked":"Force Field","floor":48}],"player_experience":126303,"relics_obtained":[{"floor":7,"key":"PreservedInsect"},{"floor":9,"key":"Centennial Puzzle"},{"floor":10,"key":"Happy Flower"},{"floor":13,"key":"DataDisk"},{"floor":14,"key":"Thread and Needle"},{"floor":24,"key":"Bag of Preparation"},{"floor":26,"key":"Cables"},{"floor":29,"key":"Ornamental Fan"},{"floor":39,"key":"Juzu Bracelet"},{"floor":41,"key":"Meat on the Bone"},{"floor":41,"key":"Mercury Hourglass"},{"floor":43,"key":"Bronze Scales"},{"floor":44,"key":"Unceasing Top"},{"floor":44,"key":"Toy Ornithopter"},{"floor":45,"key":"Calipers"}],"event_choices":[{"cards_removed":["Strike_B"],"damage_healed":0,"gold_gain":0,"player_choice":"Forget","damage_taken":0,"max_hp_gain":0,"max_hp_loss":0,"event_name":"Living Wall","floor":2,"gold_loss":0},{"damage_healed":0,"gold_gain":1,"player_choice":"1","damage_taken":0,"max_hp_gain":0,"max_hp_loss":0,"event_name":"betterStone:BetterStone","floor":5,"gold_loss":0},{"damage_healed":0,"gold_gain":0,"cards_transformed":["Strike_B"],"player_choice":"Transformed","damage_taken":0,"max_hp_gain":0,"max_hp_loss":0,"event_name":"Transmorgrifier","floor":11,"gold_loss":0,"cards_obtained":["FTL"]},{"damage_healed":0,"gold_gain":0,"player_choice":"Searched \u00272\u0027 times","damage_taken":0,"max_hp_gain":0,"max_hp_loss":0,"event_name":"Dead Adventurer","floor":14,"gold_loss":0},{"cards_removed":["Strike_B"],"damage_healed":0,"gold_gain":0,"player_choice":"Offered Basic","damage_taken":0,"max_hp_gain":0,"max_hp_loss":0,"event_name":"Bonfire Elementals","floor":20,"gold_loss":0},{"cards_removed":["Genetic Algorithm"],"damage_healed":0,"gold_gain":0,"player_choice":"Take \u0026 Give","damage_taken":0,"max_hp_gain":0,"max_hp_loss":0,"event_name":"betterNote:BetterNote","floor":22,"gold_loss":0,"cards_obtained":["Shrug It Off"]},{"damage_healed":0,"gold_gain":0,"player_choice":"Read","damage_taken":0,"max_hp_gain":0,"max_hp_loss":0,"event_name":"The Library","floor":27,"gold_loss":0,"cards_obtained":["Defragment"]},{"damage_healed":0,"gold_gain":100,"player_choice":"Pray","damage_taken":0,"max_hp_gain":0,"max_hp_loss":0,"event_name":"Golden Shrine","floor":37,"gold_loss":0},{"damage_healed":0,"gold_gain":0,"player_choice":"Fight","damage_taken":0,"max_hp_gain":0,"max_hp_loss":0,"event_name":"Mysterious Sphere","floor":45,"gold_loss":0}],"is_beta":false,"boss_relics":[{"not_picked":["Snecko Eye","Runic Pyramid","FrozenCore"]},{"not_picked":["Astrolabe","Calling Bell"],"picked":"Black Star"}],"items_purged_floors":[31,38],"is_endless":false,"potions_floor_spawned":[3,7,12,16,19,33,35,44,45],"ascension_level":1}}