{"host":"57rytaa21d5yl0hy","time":1612182514,"event":{"mods":["Act Like it!","BaseMod","Challenge The Spire","Friendly Minions","Gensokyo","KinomotoSakuraMod(木之本樱)","Kiyohime（清姬）","Lobotomy","LobotomyExtend","Minty Spire (QoL Compilation)","Poem Panic","Replay The Spire","RumiaBox-露米娅的神秘盒子","StSLib","The Senshi","Waifu the Spire","Yuri Mod"],"gold_per_floor":[118,118,128,142,142,142,169,13,13,13,45,59,59,75,75,176,176,186,186,66,0,10,10,10,10,10,41,11,22,22,55,55,358,458,476,495,495,510,429,462,462,487,487,501,501,501,517,517,517,517,517],"floor_reached":52,"language":"ZHS","playtime":1492,"items_purged":[],"score":1145,"play_id":"acfe15be-9ba8-435c-a76c-cff7e493bc87","local_time":"20210201202834","is_ascension_mode":true,"campfire_choices":[{"floor":6,"key":"REST"},{"floor":10,"key":"REST"},{"floor":15,"key":"REST"},{"data":"Gensokyo:CrescentMoonSlash","floor":23,"key":"SMITH"},{"floor":30,"key":"REST"},{"data":"yuri:SeeingDouble","floor":32,"key":"SMITH"},{"data":"Gensokyo:PrivateSquare","floor":41,"key":"SMITH"},{"data":"yuri:MirrorInsanity","floor":46,"key":"SMITH"},{"floor":49,"key":"REST"}],"circlet_count":0,"master_deck":["yuri:yuriStrike","yuri:yuriStrike","yuri:yuriStrike","yuri:yuriStrike","yuri:yuriStrike","yuri:yuriDefend","yuri:yuriDefend+1","yuri:yuriDefend","yuri:Oolong+1","yuri:yuriStab","yuri:RecklessStrike","yuri:Stalk","yuri:RecklessStrike","yuri:RecklessStrike","yuri:Stare","Gensokyo:CrescentMoonSlash+1","yuri:SelfHarm","yuri:NoEscape+1","yuri:GreenTea","yuri:ChibiInvasion","yuri:SeeingDouble+1","yuri:MirrorInsanity+1","yuri:RecklessStrike","Gensokyo:PrivateSquare+1","Pride","Gensokyo:BlemishedSteel","yuri:HeavierStrike+1","yuri:MPose+1","yuri:BookGreen+1","yuri:SturdyUniform+1"],"relics":["yuri:yuriKnife","Gensokyo:NagashiBinaDoll","Baka","LetterFromLob","Nunchaku","Potion Belt","Snack Pack","FossilizedHelix","SoulBox","Gensokyo:ConquerorOfFear","Gensokyo:MaskOfHope","Gensokyo:MosesMiracle","Mummified Hand","War Paint","Bag of Preparation","Replay:Wanted Poster","ChaoDraw","Meat on the Bone","Replay:Bottled Snecko"],"acts_visited":["Gensokyo:Gensokyo","Gensokyo:Gensokyoer","Gensokyo:Gensokyoest"],"potions_floor_usage":[33,50,50,50],"damage_taken":[{"damage":4,"enemies":"Gensokyo:2_Kodama","floor":1,"turns":4},{"damage":21,"enemies":"Gensokyo:3_Fairies","floor":3,"turns":4},{"damage":34,"enemies":"Gensokyo:Gryphon","floor":4,"turns":2},{"damage":15,"enemies":"Gensokyo:Mamizou","floor":11,"turns":4},{"damage":14,"enemies":"Gensokyo:CorruptedTreant","floor":12,"turns":2},{"damage":12,"enemies":"Gensokyo:Kitsune","floor":14,"turns":2},{"damage":9,"enemies":"Gensokyo:Reimu","floor":16,"turns":3},{"damage":13,"enemies":"Gensokyo:Chomper","floor":18,"turns":3},{"damage":12,"enemies":"Gensokyo:CosmicMonolith","floor":22,"turns":2},{"damage":22,"enemies":"Gensokyo:Reisen","floor":27,"turns":4},{"damage":24,"enemies":"Gensokyo:Wraith","floor":29,"turns":4},{"damage":7,"enemies":"Gensokyo:Koishi","floor":31,"turns":3},{"damage":64,"enemies":"Gensokyo:Eternal_Rivals","floor":33,"turns":6},{"damage":0,"enemies":"Gensokyo:3_Bats","floor":35,"turns":1},{"damage":3,"enemies":"Gensokyo:AncientGuardian","floor":36,"turns":3},{"damage":13,"enemies":"Gensokyo:Dusk_and_Dawn","floor":38,"turns":3},{"damage":6,"enemies":"Gensokyo:Kasen","floor":40,"turns":3},{"damage":27,"enemies":"Gensokyo:Doremy","floor":42,"turns":4},{"damage":7,"enemies":"Gensokyo:3_Boulders","floor":44,"turns":3},{"damage":25,"enemies":"Gensokyo:Sharpion","floor":47,"turns":3},{"damage":34,"enemies":"Gensokyo:Yuyuko","floor":50,"turns":3}],"seed_played":"-423026340301717444","potions_obtained":[{"floor":1,"key":"Languid Potion"},{"floor":12,"key":"Explosive Potion"},{"floor":16,"key":"Flashbang"},{"floor":22,"key":"SpeedPotion"},{"floor":27,"key":"Adrenaline Potion"},{"floor":36,"key":"Adrenaline Potion"},{"floor":38,"key":"Fire Potion"},{"floor":42,"key":"Elixir"}],"is_trial":false,"path_per_floor":["M","?","M","M","$","R","T","$","T","R","E","M","?","M","R","B",null,"M","?","?","?","M","R","?","?","T","E","COS","M","R","E","R","B",null,"M","M","?","M","COS","E","R","E","T","M","?","R","M","?","R","B",null,null],"character_chosen":"YURI","items_purchased":["Potion Belt"],"campfire_rested":5,"item_purchase_floors":[8],"current_hp_per_floor":[72,40,23,9,9,33,33,33,33,57,50,44,32,26,50,49,72,63,63,63,63,57,57,57,57,57,43,43,27,51,55,55,12,63,71,80,80,67,67,77,77,59,59,60,60,60,43,51,75,75,75],"gold":517,"neow_bonus":"RANDOM_EVENT","is_daily":false,"chose_seed":false,"campfire_upgraded":4,"win_rate":0.0,"timestamp":1612182514,"path_taken":["M","?","M","?","$","R","?","?","T","R","E","M","?","M","R","BOSS","M","?","?","?","M","R","?","?","T","E","COS","M","R","E","R","BOSS","M","M","?","?","COS","E","R","E","T","M","?","R","M","?","R","BOSS"],"items_purchased_type":["Relic"],"build_version":"2020-12-22","purchased_purges":0,"victory":true,"max_hp_per_floor":[80,80,80,80,80,80,80,80,80,80,80,80,80,80,80,80,80,80,80,80,80,80,80,80,80,80,80,80,80,80,80,80,80,80,80,80,80,80,80,80,80,80,80,80,80,80,80,80,80,80,80],"card_choices":[{"not_picked":["yuri:BookBlue","yuri:GlitchedStrike"],"picked":"yuri:RecklessStrike","floor":1},{"not_picked":["yuri:Spin","yuri:UnstableStrike"],"picked":"yuri:Stalk","floor":3},{"not_picked":["yuri:InsanityDefense","yuri:GlitchedStrike"],"picked":"yuri:RecklessStrike","floor":4},{"not_picked":["yuri:ThrowBook","yuri:Parry"],"picked":"yuri:RecklessStrike","floor":11},{"not_picked":["yuri:RepairCode","yuri:ThrowBook"],"picked":"yuri:Stare","floor":12},{"not_picked":["yuri:GlitchedStrike","yuri:Stare"],"picked":"yuri:SelfHarm","floor":14},{"not_picked":["yuri:GlitchRemove","yuri:BlackTea"],"picked":"yuri:NoEscape","floor":16},{"not_picked":["yuri:Stare","yuri:InsanityDefense","yuri:ThornRemove+1"],"picked":"SKIP","floor":18},{"not_picked":["yuri:AdaptiveAI+1","yuri:DebugCard"],"picked":"yuri:Stalk+1","floor":22},{"not_picked":["yuri:BookRed+1","yuri:ArmBrace+1"],"picked":"yuri:GreenTea","floor":27},{"not_picked":["yuri:DebugCard+1","yuri:InduceGlitch+1"],"picked":"yuri:ChibiInvasion","floor":29},{"not_picked":["yuri:ArmBrace","yuri:HoldBack"],"picked":"yuri:SeeingDouble","floor":31},{"not_picked":["yuri:DistillInsanity","yuri:Virus"],"picked":"yuri:MirrorInsanity","floor":33},{"not_picked":["yuri:GlitchedStrike+1","yuri:DejaVu+1"],"picked":"yuri:RecklessStrike","floor":35},{"not_picked":["yuri:BookRed","yuri:GlitchedStrike","yuri:CorruptHitbox+1"],"picked":"SKIP","floor":36},{"not_picked":["yuri:Stare","yuri:Skip","yuri:ReloadGame"],"picked":"SKIP","floor":38},{"not_picked":["yuri:ThrowBook+1","yuri:BlackTea"],"picked":"yuri:HeavierStrike+1","floor":40},{"not_picked":["yuri:RemoveSafetyChecks","yuri:InduceGlitch+1"],"picked":"yuri:MPose+1","floor":42},{"not_picked":["yuri:AdaptiveAI+1","yuri:HoldBack+1"],"picked":"yuri:BookGreen+1","floor":44},{"not_picked":["yuri:DebugCard+1","yuri:ThrowingKnives"],"picked":"yuri:SturdyUniform+1","floor":47}],"player_experience":314495,"relics_obtained":[{"floor":1,"key":"Baka"},{"floor":1,"key":"LetterFromLob"},{"floor":7,"key":"Nunchaku"},{"floor":9,"key":"Snack Pack"},{"floor":11,"key":"FossilizedHelix"},{"floor":22,"key":"Gensokyo:ConquerorOfFear"},{"floor":26,"key":"Mummified Hand"},{"floor":27,"key":"War Paint"},{"floor":31,"key":"Gensokyo:MosesMiracle"},{"floor":31,"key":"Bag of Preparation"},{"floor":40,"key":"ChaoDraw"},{"floor":42,"key":"Meat on the Bone"},{"floor":43,"key":"Replay:Bottled Snecko"}],"event_choices":[],"is_beta":false,"boss_relics":[{"not_picked":["Painkiller Herb","Coffee Dripper"],"picked":"SoulBox"},{"not_picked":["Empty Cage","Runic Pyramid"],"picked":"Replay:Wanted Poster"}],"items_purged_floors":[],"is_endless":false,"potions_floor_spawned":[1,12,16,22,27,36,38,42],"ascension_level":7}}