{"host":"3y2rtlgteqp2nuo3","time":1612177180,"event":{"mods":["2.2 Compatiblity","AchievementEnabler","BaseMod","Colored Map","DeckTracker","Highlight Path","Keyboard Shortcuts","Minty Spire (QoL Compilation)","Permanent Neow","Quick Restart","StSLib","SuperFastMode","everything is the same but u backflip on backflip"],"gold_per_floor":[113,133,133,149,168,168,184,197,221,221,221],"floor_reached":10,"language":"KOR","playtime":177,"items_purged":[],"score":112,"play_id":"252f5583-bb1c-4c54-937d-e0d1900b79a1","local_time":"20210201195940","is_ascension_mode":true,"campfire_choices":[{"data":"Glass Knife","floor":6,"key":"SMITH"}],"circlet_count":0,"master_deck":["AscendersBane","Strike_G","Strike_G","Strike_G","Strike_G","Defend_G","Defend_G","Defend_G","Defend_G","Survivor","Neutralize","Concentrate","Skewer","Predator","Deadly Poison","Dagger Spray","Glass Knife+1","Reflex"],"relics":["Ring of the Snake","Orichalcum"],"acts_visited":["Exordium"],"potions_floor_usage":[],"damage_taken":[{"damage":7,"enemies":"Jaw Worm","floor":1,"turns":3},{"damage":4,"enemies":"2 Louse","floor":2,"turns":2},{"damage":0,"enemies":"Small Slimes","floor":4,"turns":2},{"damage":7,"enemies":"Exordium Wildlife","floor":5,"turns":3},{"damage":32,"enemies":"Gremlin Gang","floor":7,"turns":4},{"damage":1,"enemies":"Blue Slaver","floor":8,"turns":3},{"damage":20,"enemies":"Gremlin Nob","floor":10,"turns":3}],"seed_played":"-8710497738664130613","potions_obtained":[{"floor":2,"key":"DistilledChaos"},{"floor":5,"key":"SpeedPotion"}],"is_trial":false,"path_per_floor":["M","M","?","M","M","R","M","M","T","E"],"character_chosen":"THE_SILENT","items_purchased":[],"campfire_rested":0,"item_purchase_floors":[],"current_hp_per_floor":[52,48,48,48,41,41,9,8,8,0,0],"gold":221,"neow_bonus":"TRANSFORM_TWO_CARDS","is_daily":false,"chose_seed":false,"campfire_upgraded":1,"win_rate":0.0,"timestamp":1612177180,"path_taken":["M","M","?","M","M","R","M","M","T","E"],"items_purchased_type":[],"build_version":"2020-12-22","purchased_purges":0,"victory":false,"max_hp_per_floor":[66,66,66,66,66,66,66,66,66,66,66],"card_choices":[{"not_picked":["Dodge and Roll","Prepared"],"picked":"Predator","floor":1},{"not_picked":["Heel Hook","Sucker Punch"],"picked":"Deadly Poison","floor":2},{"not_picked":["Choke","Masterful Stab"],"picked":"Dagger Spray","floor":4},{"not_picked":["Well Laid Plans","Backflip"],"picked":"Glass Knife","floor":5},{"not_picked":["Dagger Throw","Flying Knee","Blade Dance"],"picked":"SKIP","floor":7},{"not_picked":["Sucker Punch","Flying Knee"],"picked":"Reflex","floor":8}],"player_experience":739186,"relics_obtained":[{"floor":9,"key":"Orichalcum"}],"event_choices":[{"cards_removed":["Doubt"],"damage_healed":0,"gold_gain":0,"player_choice":"Forget","damage_taken":0,"max_hp_gain":0,"max_hp_loss":0,"event_name":"Living Wall","floor":3,"gold_loss":0}],"is_beta":false,"boss_relics":[],"items_purged_floors":[],"is_endless":false,"potions_floor_spawned":[2,5,7],"killed_by":"Gremlin Nob","ascension_level":16}}