{"host":"a1eatafr7pisesky","time":1612184968,"event":{"mods":["AchievementEnabler","BaseMod","Colored Map","Keyboard Shortcuts","Minty Spire (QoL Compilation)","Say the Spire","StSLib","SuperFastMode","everything is the same but u backflip on backflip"],"gold_per_floor":[112,187,63,63,77,103,103,137,164,164,164,174,185,219,219,219,219],"floor_reached":16,"language":"KOR","playtime":261,"items_purged":["Defend_P"],"score":236,"play_id":"eb0fad5f-e98f-42da-a97d-ff3ef48a5dce","local_time":"20210201220928","is_ascension_mode":true,"campfire_choices":[{"floor":10.0,"key":"REST"},{"floor":15.0,"key":"REST"}],"circlet_count":0,"master_deck":["AscendersBane","Strike_P","Strike_P","Strike_P","Strike_P","Defend_P","Eruption","Vigilance","FlurryOfBlows","WheelKick","EmptyFist","InnerPeace"],"relics":["PureWater","NeowsBlessing","Akabeko","Mercury Hourglass","Blood Vial","Mummified Hand","Singing Bowl"],"acts_visited":["Exordium"],"potions_floor_usage":[16],"damage_taken":[{"damage":0.0,"enemies":"Jaw Worm","floor":1.0,"turns":1.0},{"damage":0.0,"enemies":"2 Louse","floor":5.0,"turns":1.0},{"damage":0.0,"enemies":"Gremlin Nob","floor":6.0,"turns":1.0},{"damage":24.0,"enemies":"Lagavulin","floor":8.0,"turns":5.0},{"damage":0.0,"enemies":"Small Slimes","floor":12.0,"turns":2.0},{"damage":4.0,"enemies":"2 Fungi Beasts","floor":13.0,"turns":2.0},{"damage":35.0,"enemies":"3 Sentries","floor":14.0,"turns":4.0},{"damage":36,"enemies":"The Guardian","floor":16,"turns":7}],"seed_played":"8612819832624785072","potions_obtained":[{"floor":1.0,"key":"SneckoOil"},{"floor":5.0,"key":"GamblersBrew"},{"floor":8.0,"key":"Ancient Potion"}],"is_trial":false,"path_per_floor":["M","?","$","?","M","E","?","E","T","R","T","M","M","E","R","B"],"character_chosen":"WATCHER","items_purchased":["FlurryOfBlows"],"campfire_rested":2,"item_purchase_floors":[3],"current_hp_per_floor":[65,54,54,54,54,54,47,23,23,44,44,46,44,11,32,0,0],"gold":219,"neow_bonus":"THREE_ENEMY_KILL","is_daily":false,"chose_seed":false,"campfire_upgraded":0,"win_rate":0.0,"timestamp":1612184968,"path_taken":["M","?","$","?","M","E","?","E","T","R","?","M","?","E","R","BOSS"],"items_purchased_type":["Card"],"build_version":"2020-12-22","purchased_purges":1,"victory":false,"max_hp_per_floor":[72,72,72,72,72,72,72,72,72,72,72,72,72,72,72,72,72],"card_choices":[{"not_picked":["Sanctity","SashWhip","Crescendo"],"picked":"SKIP","floor":1.0},{"not_picked":["Prostrate","PathToVictory","Indignation"],"picked":"SKIP","floor":5.0},{"not_picked":["Prostrate","Wish"],"picked":"WheelKick","floor":6.0},{"not_picked":["Halt","Protect","CutThroughFate"],"picked":"SKIP","floor":8.0},{"not_picked":["PathToVictory","Protect"],"picked":"EmptyFist","floor":12.0},{"not_picked":["FollowUp","EmptyBody","Consecrate"],"picked":"SKIP","floor":13.0},{"not_picked":["Weave","EmptyMind"],"picked":"InnerPeace","floor":14.0}],"player_experience":389297,"relics_obtained":[{"floor":6.0,"key":"Akabeko"},{"floor":8.0,"key":"Mercury Hourglass"},{"floor":9.0,"key":"Blood Vial"},{"floor":11.0,"key":"Mummified Hand"},{"floor":14.0,"key":"Singing Bowl"}],"event_choices":[{"damage_healed":0.0,"max_hp_gain":0.0,"max_hp_loss":0.0,"gold_gain":75.0,"event_name":"World of Goop","player_choice":"Gather Gold","floor":2.0,"gold_loss":0.0,"damage_taken":11.0},{"cards_removed":["Defend_P"],"damage_healed":0.0,"max_hp_gain":0.0,"max_hp_loss":0.0,"gold_gain":0.0,"event_name":"Living Wall","player_choice":"Forget","floor":4.0,"gold_loss":0.0,"damage_taken":0.0},{"cards_removed":["Defend_P"],"damage_healed":0.0,"max_hp_gain":0.0,"max_hp_loss":0.0,"gold_gain":0.0,"event_name":"Golden Wing","player_choice":"Card Removal","floor":7.0,"gold_loss":0.0,"damage_taken":7.0}],"is_beta":false,"boss_relics":[],"items_purged_floors":[3],"is_endless":false,"potions_floor_spawned":[1,5,8,13],"killed_by":"The Guardian","ascension_level":13}}