{"host":"vld99k9l4elccfy8","time":1612161781,"event":{"mods":["AchievementEnabler","BaseMod","Bestiary","Block Reminder","Colored Map","Colored Powertips","Custom Start","Highlight Path","Minty Spire (QoL Compilation)","Permanent Neow","Rare Cards Sparkle"],"gold_per_floor":[115,135,12,22,35,35,35,35,62,90,42,56,4,14,14,114,114,131,46,46,64,75,75,53,53,53,153,78,78,78],"floor_reached":29,"language":"ENG","playtime":2170,"items_purged":[],"score":223,"play_id":"0eafc93d-00a5-4f95-913a-02274d33279b","local_time":"20210131234301","is_ascension_mode":false,"campfire_choices":[{"data":"White Noise","floor":6,"key":"SMITH"},{"data":"Zap","floor":8,"key":"SMITH"},{"data":"Creative AI","floor":15,"key":"SMITH"},{"floor":23,"key":"REST"},{"floor":25,"key":"REST"}],"circlet_count":0,"master_deck":["Strike_B","Strike_B","Strike_B","Strike_B","Defend_B","Defend_B","Zap+1","Dualcast","Amplify","Undo","Scrape","Gash","Melter","Dramatic Entrance","White Noise+1","Gash","Creative AI+1","Gash","Steam","Hyperbeam","Multi-Cast","Turbo","Leap+1","Aggregate","Hologram","Ball Lightning","Electrodynamics"],"relics":["Cracked Core","Lantern","Bronze Scales","WingedGreaves","SacredBark","Shuriken","Mummified Hand","Girya","Gremlin Horn"],"acts_visited":["Exordium","TheCity"],"potions_floor_usage":[27,27,27,27],"damage_taken":[{"damage":6,"enemies":"Jaw Worm","floor":1,"turns":3},{"damage":0,"enemies":"2 Louse","floor":2,"turns":2},{"damage":0,"enemies":"Cultist","floor":4,"turns":3},{"damage":1,"enemies":"2 Fungi Beasts","floor":5,"turns":2},{"damage":8,"enemies":"Lagavulin","floor":10,"turns":5},{"damage":4,"enemies":"3 Louse","floor":12,"turns":2},{"damage":0,"enemies":"Exordium Wildlife","floor":14,"turns":3},{"damage":36,"enemies":"Slime Boss","floor":16,"turns":7},{"damage":27,"enemies":"2 Thieves","floor":18,"turns":3},{"damage":10,"enemies":"3 Byrds","floor":21,"turns":2},{"damage":29,"enemies":"Centurion and Healer","floor":22,"turns":5},{"damage":14,"enemies":"Colosseum Slavers","floor":27,"turns":3},{"damage":25,"enemies":"Colosseum Nobs","floor":27,"turns":5},{"damage":14,"enemies":"Snake Plant","floor":29,"turns":2}],"seed_played":"6919055931633295649","potions_obtained":[{"floor":2,"key":"PowerPotion"},{"floor":12,"key":"EntropicBrew"},{"floor":16,"key":"EssenceOfSteel"},{"floor":27,"key":"SkillPotion"}],"is_trial":false,"path_per_floor":["M","M","$","M","M","R","?","R","T","E","$","M","?","M","R","B",null,"M","?","?","M","M","R","$","R","T","?","$","M"],"character_chosen":"DEFECT","items_purchased":["Melter","Dramatic Entrance","Gash","Hologram","Electrodynamics"],"campfire_rested":2,"item_purchase_floors":[3,3,11,24,28],"current_hp_per_floor":[62,62,62,62,61,61,66,66,66,58,58,54,54,54,54,18,73,46,46,46,36,7,28,28,49,49,10,10,0,0],"gold":78,"neow_bonus":"TRANSFORM_TWO_CARDS","is_daily":false,"chose_seed":false,"campfire_upgraded":3,"win_rate":0.0,"timestamp":1612161781,"path_taken":["M","M","$","M","M","R","?","R","T","E","$","M","?","?","R","BOSS","M","?","?","M","M","R","?","R","T","?","$","?"],"items_purchased_type":["Card","Card","Card","Card","Card"],"build_version":"2020-12-22","purchased_purges":0,"victory":false,"max_hp_per_floor":[68,68,68,68,68,68,73,73,73,73,73,73,73,73,73,73,73,73,73,73,73,73,73,73,73,73,73,73,73,73],"card_choices":[{"not_picked":["Barrage","Storm"],"picked":"Scrape","floor":1},{"not_picked":["Compile Driver","Coolheaded"],"picked":"Gash","floor":2},{"not_picked":["Steam Power","Lockon"],"picked":"White Noise","floor":4},{"not_picked":["Chaos","Force Field"],"picked":"Gash","floor":5},{"not_picked":["Coolheaded","Turbo"],"picked":"Creative AI","floor":10},{"not_picked":["Scrape","Cold Snap"],"picked":"Steam","floor":12},{"not_picked":["Ball Lightning","Steam"],"picked":"Hyperbeam","floor":14},{"not_picked":["Meteor Strike","Core Surge"],"picked":"Multi-Cast","floor":16},{"not_picked":["Reprogram","Steam"],"picked":"Turbo","floor":18},{"not_picked":["FTL","Heatsinks+1"],"picked":"Leap+1","floor":21},{"not_picked":["Reprogram","Sweeping Beam"],"picked":"Aggregate","floor":22},{"not_picked":["Cold Snap","Compile Driver"],"picked":"Ball Lightning","floor":27}],"player_experience":363933,"relics_obtained":[{"floor":9,"key":"Lantern"},{"floor":10,"key":"Bronze Scales"},{"floor":26,"key":"Mummified Hand"},{"floor":27,"key":"Girya"},{"floor":27,"key":"Gremlin Horn"}],"event_choices":[{"damage_healed":0,"gold_gain":0,"player_choice":"Donut","damage_taken":0,"max_hp_gain":5,"max_hp_loss":0,"event_name":"Big Fish","floor":7,"gold_loss":0},{"damage_healed":0,"gold_gain":0,"player_choice":"Paid Gold","damage_taken":0,"relics_obtained":["WingedGreaves"],"max_hp_gain":0,"max_hp_loss":0,"event_name":"WeMeetAgain","floor":13,"gold_loss":52},{"damage_healed":0,"gold_gain":0,"player_choice":"Obtained Relic","damage_taken":0,"relics_obtained":["Shuriken"],"max_hp_gain":0,"max_hp_loss":0,"event_name":"Addict","floor":19,"gold_loss":85},{"damage_healed":0,"gold_gain":0,"player_choice":"Ignored","damage_taken":0,"max_hp_gain":0,"max_hp_loss":0,"event_name":"Ghosts","floor":20,"gold_loss":0},{"damage_healed":0,"gold_gain":0,"player_choice":"Fight","damage_taken":0,"max_hp_gain":0,"max_hp_loss":0,"event_name":"Colosseum","floor":27,"gold_loss":0},{"damage_healed":0,"gold_gain":0,"player_choice":"Fought Nobs","damage_taken":0,"max_hp_gain":0,"max_hp_loss":0,"event_name":"Colosseum","floor":27,"gold_loss":0}],"is_beta":false,"boss_relics":[{"not_picked":["FrozenCore","Fusion Hammer"],"picked":"SacredBark"}],"items_purged_floors":[],"is_endless":false,"potions_floor_spawned":[2,12,16,18,22,27],"killed_by":"Snake Plant","ascension_level":0}}