{"host":"rjfefv2ruvigm2gb","time":1612212770,"event":{"mods":["AlwaysNeverKeys","BaseMod","Better Third Choice","BetterRewards","Block Reminder","CCEM2","Colored Map","Colored Powertips","Conspire","Curses Come First","Displayed Cursed Tome","Downfall","Fox Events","Friendly Minions","Gold Saver","Googly Eyes","HexUI Lib","Highlight Path","Hubris","Minty Spire (QoL Compilation)","Monster B Gone","Permanent Neow","Poor People Problems","Quick Restart","Relic Stats","Reliquary","Replay The Spire","Shop Mod","Small Relic Pack","StS++","StSLib","SuperFastMode","The Disciple","The Gatherer","Transform Curses","Uncapped","Virulent Crown","Yohane!"],"gold_per_floor":[278,278,292,308,308,340,340,370,370,370,384,403,421,435,435,535,535,546,563,563,313,313,338,354,354,354,399,436,436,279,122,122,239,239,276,303,366,411,436,436,436,476,476,476,517,594,629,629],"floor_reached":47,"language":"ENG","playtime":6118,"items_purged":["hubris:Gluttony"],"score":566,"play_id":"47fa5d2f-51fe-4619-9efb-7b423e174d7e","local_time":"20210201145250","is_ascension_mode":false,"campfire_choices":[{"floor":7.0,"key":"REST"},{"floor":10.0,"key":"REST"},{"data":"PatternShift","floor":15.0,"key":"SMITH"},{"data":"RageCommand","floor":25,"key":"SMITH"},{"floor":32,"key":"REST"},{"floor":40,"key":"REST"},{"floor":44,"key":"REST"}],"circlet_count":0,"master_deck":["Strike_Br","Strike_Br","Strike_Br","Strike_Br","Defend_Br+1","Defend_Br+1","Defend_Br+1","Defend_Br+1","SecondHand","PatternShift+1","ExoVibe","BlueShift","PrimeTime","Analog","downfall:Haunted","WindUp","Ritenuto","RageCommand+1","Parity","GremboGang","downfall:Aged","AlternateTimeline","LockedTurtyl+1","HandsUpC","LockedCalendar","HandsUpB+1","CommonCold","hubris:DuctTapeCard","LockedOrichalcum","LockedScales","Goo+5","hubris:Lust","SlimeSpray+1"],"relics":["Chronometer","Cursed Key","CCEMRelics:Francisca","reliquary:JackalopeAntler","Scales?","Blood Vial","Ginger","Replay:Bottled Eggs","hubris:MysteriousPyramids","reliquary:RosewoodLute","Replay:Bandana","hubris:Icosahedron","relicPack:InfinityGauntlet","Replay:Wax Seal","conspire:RoyalGoblet","hubris:DuctTape","relicPack:OneForAll","hubris:DeckOfHolding","Calipers"],"acts_visited":["Exordium","TheCity","TheBeyond"],"potions_floor_usage":[16,16,16,16,19,24,27,33,38,42,45,45,45,47],"damage_taken":[{"damage":0.0,"enemies":"Cultist","floor":1.0,"turns":3.0},{"damage":0.0,"enemies":"Jaw Worm","floor":3.0,"turns":4.0},{"damage":0.0,"enemies":"2 Louse","floor":4.0,"turns":2.0},{"damage":22.0,"enemies":"Lagavulin","floor":6.0,"turns":12.0},{"damage":21.0,"enemies":"3 Sentries","floor":8.0,"turns":13.0},{"damage":0.0,"enemies":"Looter","floor":11.0,"turns":2.0},{"damage":0.0,"enemies":"Blue Slaver","floor":12.0,"turns":4.0},{"damage":0.0,"enemies":"3 Louse","floor":13.0,"turns":3.0},{"damage":0.0,"enemies":"Exordium Wildlife","floor":14.0,"turns":4.0},{"damage":20,"enemies":"Slime Boss","floor":16,"turns":12},{"damage":0,"enemies":"3 Byrds","floor":18,"turns":3},{"damage":12,"enemies":"Chosen","floor":19,"turns":4},{"damage":7,"enemies":"conspire:Head Lice","floor":23,"turns":9},{"damage":1,"enemies":"Snake Plant","floor":24,"turns":2},{"damage":25,"enemies":"3 Cultists","floor":27,"turns":5},{"damage":24,"enemies":"Shelled Parasite and Fungi","floor":28,"turns":5},{"damage":0,"enemies":"Champ","floor":33,"turns":11},{"damage":18,"enemies":"Orb Walker","floor":35,"turns":5},{"damage":7,"enemies":"3 Shapes","floor":36,"turns":6},{"damage":40,"enemies":"Writhing Mass","floor":38,"turns":8},{"damage":0,"enemies":"Sphere and 2 Shapes","floor":39,"turns":4},{"damage":21,"enemies":"4 Shapes","floor":42,"turns":13},{"damage":39,"enemies":"Jaw Worm Horde","floor":45,"turns":6},{"damage":34,"enemies":"R_Hoarder","floor":46,"turns":14},{"damage":34,"enemies":"3 Darklings","floor":47,"turns":3}],"seed_played":"6340522331751363653","potions_obtained":[{"floor":6.0,"key":"Doom Potion"},{"floor":8.0,"key":"StSpp:ScatteredPotion"},{"floor":11.0,"key":"SkillPotion"},{"floor":16,"key":"Swift Potion"},{"floor":18,"key":"Fire Potion"},{"floor":24,"key":"BlessingOfTheForge"},{"floor":28,"key":"Milkshake"},{"floor":36,"key":"AttackPotion"},{"floor":37,"key":"Energy Potion"},{"floor":39,"key":"hexamod:SoulburnPotion"},{"floor":42,"key":"conspire:TimeTravelPotion"},{"floor":46,"key":"LiquidBronze"}],"is_trial":false,"path_per_floor":["M","?","M","M","?","E","R","E","T","R","M","M","M","M","R","B",null,"M","M","?","?","T","E","M","R","T","M","M","?","$","$","R_BF","B",null,"M","M","?","M","M","R","?","M","T","R","M","E","M"],"character_chosen":"CHRONO_CLASS","items_purchased":["reliquary:JackalopeAntler","relicPack:InfinityGauntlet","Replay:Wax Seal"],"campfire_rested":5,"item_purchase_floors":[0,30,31],"current_hp_per_floor":[51,51,51,51,51,29,48,29,29,48,50,52,54,56,56,38,65,65,53,53,53,53,48,49,49,49,26,4,4,4,4,23,25,65,47,42,42,4,6,25,25,6,6,25,47,27,0,0],"gold":629,"neow_bonus":"","is_daily":false,"chose_seed":false,"campfire_upgraded":2,"win_rate":0.0,"timestamp":1612212770,"path_taken":["M","?","M","?","?","E","R","E","T","R","M","M","M","M","R","BOSS","M","M","?","?","?","E","M","R","T","M","?","?","?","$","R_BF","BOSS","M","M","?","?","M","R","?","M","T","R","M","E","M"],"items_purchased_type":["Relic","Relic","Relic"],"build_version":"2020-12-22","purchased_purges":1,"victory":false,"max_hp_per_floor":[65,65,65,65,65,65,65,65,65,65,65,65,65,65,65,65,65,65,65,65,65,65,65,65,65,65,65,65,65,65,65,65,65,65,65,65,65,65,65,65,65,65,65,65,65,65,65,65],"relic_stats":{"Blood Vial":36,"counters":[35,210],"Ginger":[26],"Cursed Key":5,"obtain_stats":[{"CCEMRelics:PorcelainBowl":26,"Calipers":46,"conspire:RoyalGoblet":34,"Scales?":5,"Yohane:AngelWings":0,"Ginger":8,"hubris:MysteriousPyramids":22,"Boot":10,"Cursed Key":17,"relicPack:InfinityGauntlet":30,"ClockworkSouvenir":4,"Blood Vial":6,"relicPack:OneForAll":41,"Replay:Bandana":26,"hubris:Icosahedron":29,"hubris:DeckOfHolding":43,"CCEMRelics:Francisca":0,"Replay:Bottled Eggs":9,"Replay:Wax Seal":31,"hubris:DisguiseKit":2,"champ:Barbells":12,"hubris:DuctTape":37,"Pen Nib":9,"reliquary:RosewoodLute":23,"reliquary:JackalopeAntler":0,"Chronometer":0,"reliquary:Stiletto":24},{"CCEMRelics:PorcelainBowl":8,"Calipers":34,"conspire:RoyalGoblet":27,"Scales?":13,"Yohane:AngelWings":0,"Ginger":15,"hubris:MysteriousPyramids":22,"Boot":3,"Cursed Key":6,"relicPack:InfinityGauntlet":26,"ClockworkSouvenir":2,"Blood Vial":14,"relicPack:OneForAll":31,"Replay:Bandana":24,"hubris:Icosahedron":26,"hubris:DeckOfHolding":32,"CCEMRelics:Francisca":10,"Replay:Bottled Eggs":15,"Replay:Wax Seal":26,"hubris:DisguiseKit":1,"champ:Barbells":3,"hubris:DuctTape":29,"Pen Nib":2,"reliquary:RosewoodLute":23,"reliquary:JackalopeAntler":10,"Chronometer":0,"reliquary:Stiletto":8},{"CCEMRelics:PorcelainBowl":40,"Calipers":207,"conspire:RoyalGoblet":151,"Scales?":63,"Yohane:AngelWings":0,"Ginger":88,"hubris:MysteriousPyramids":120,"Boot":16,"Cursed Key":31,"relicPack:InfinityGauntlet":141,"ClockworkSouvenir":6,"Blood Vial":75,"relicPack:OneForAll":174,"Replay:Bandana":131,"hubris:Icosahedron":141,"hubris:DeckOfHolding":187,"CCEMRelics:Francisca":54,"Replay:Bottled Eggs":88,"Replay:Wax Seal":141,"hubris:DisguiseKit":3,"champ:Barbells":16,"hubris:DuctTape":162,"Pen Nib":6,"reliquary:RosewoodLute":129,"reliquary:JackalopeAntler":54,"Chronometer":0,"reliquary:Stiletto":40}]},"card_choices":[{"not_picked":["LockedBlood","Parity"],"picked":"ExoVibe","floor":1.0},{"not_picked":["FormalWear","HandsUpB","ShortSighted"],"picked":"SKIP","floor":3.0},{"not_picked":["LockedBlood","BeatsPerMinute"],"picked":"BlueShift","floor":4.0},{"not_picked":["TickedOff","HandsUpB"],"picked":"PrimeTime","floor":6.0},{"not_picked":["CrunchTime","WatchCommand"],"picked":"Analog","floor":8.0},{"not_picked":["SlimeSpray","Echoward"],"picked":"LockedScales","floor":11.0},{"not_picked":["CrunchTime","BlueShift"],"picked":"WindUp","floor":12.0},{"not_picked":["LockedMercury","WindUp","CrunchTime"],"picked":"SKIP","floor":13.0},{"not_picked":["CrunchTime","Accruing"],"picked":"LockedScales","floor":14.0},{"not_picked":["LockedLightning","LockedAstrolabe"],"picked":"RageCommand","floor":16},{"not_picked":["FormalWear","ReapSow"],"picked":"Parity","floor":18},{"not_picked":["PrimeTime","BiteCommand+1","WindUp"],"picked":"SKIP","floor":19},{"not_picked":["LockedAstrolabe","Echoward"],"picked":"AlternateTimeline","floor":23},{"not_picked":["AlternateTimeline","LockedUrn","WindUp"],"picked":"SKIP","floor":24},{"not_picked":["LockedScales","AlternateTimeline+1"],"picked":"LockedTurtyl+1","floor":27},{"not_picked":["BiteCommand","Facsimile"],"picked":"HandsUpC","floor":28},{"not_picked":["Flay","Echonomics"],"picked":"LockedCalendar","floor":33},{"not_picked":["Break","WakeUpCall","VestedLegacy+1"],"picked":"SKIP","floor":35},{"not_picked":["ExoVibe","AlternateTimeline+1"],"picked":"HandsUpB+1","floor":36},{"not_picked":["ExoVibe+1","WindUp"],"picked":"LockedOrichalcum","floor":37},{"not_picked":["ExoVibe+1","LockedMawBank+1","HandsUpB"],"picked":"SKIP","floor":38},{"not_picked":["LockedTornado+1","AlternateTimeline"],"picked":"LockedScales","floor":39},{"not_picked":["HandsUpC","WatchCommand+1"],"picked":"Goo+1","floor":42},{"not_picked":["Echoward+1","LockedMercury","Cuckoo+1"],"picked":"SKIP","floor":45},{"not_picked":["Parity+1","DaylightSavings+1"],"picked":"SlimeSpray+1","floor":46}],"player_experience":1098511,"relics_obtained":[{"floor":6.0,"key":"Blood Vial"},{"floor":8.0,"key":"Ginger"},{"floor":9.0,"key":"Replay:Bottled Eggs"},{"floor":22,"key":"hubris:MysteriousPyramids"},{"floor":23,"key":"reliquary:RosewoodLute"},{"floor":26,"key":"Replay:Bandana"},{"floor":37,"key":"hubris:DuctTape"},{"floor":43,"key":"hubris:DeckOfHolding"},{"floor":46,"key":"Calipers"}],"event_choices":[{"damage_healed":0.0,"max_hp_gain":0.0,"max_hp_loss":0.0,"gold_gain":0.0,"event_name":"The Woman in Blue","player_choice":"Bought 0 Potions","floor":2.0,"gold_loss":0.0,"damage_taken":0.0}],"is_beta":false,"boss_relics":[{"not_picked":["hubris:CrackedHourglass","Coffee Dripper","Velvet Choker"]},{"not_picked":["reliquary:Ember","Painkiller Herb"],"picked":"conspire:RoyalGoblet"}],"items_purged_floors":[31],"is_endless":false,"potions_floor_spawned":[6,8,11,14,16,18,24,28,36,39,42,46],"killed_by":"3 Darklings","ascension_level":0}}