{"host":"z42sc0n2dozsmk72","time":1612147244,"event":{"mods":["AchievementEnabler","BaseMod","Better Third Choice","Colored Map","Curses Come First","Highlight Path","Minty Spire (QoL Compilation)","Permanent Neow","Quick Restart","Relic Stats","Shop Mod","StSLib","egg","slay the spire mod where everything is the same but ironclad has a cowboy hat"],"gold_per_floor":[110,122,132,232,243,243,278,288,312,312,37,37,57,117,117,220,220,285,285,320,356,391,391,391,391],"floor_reached":24,"language":"ENG","playtime":1344,"items_purged":["Strike_B"],"score":242,"play_id":"b9f9e649-8358-42a2-a7ef-a36107b9fb68","local_time":"20210201154044","is_ascension_mode":true,"campfire_choices":[{"data":"Chill","floor":6.0,"key":"SMITH"},{"data":"Coolheaded","floor":10.0,"key":"SMITH"},{"data":"HandOfGreed","floor":12.0,"key":"SMITH"},{"data":"Conserve Battery","floor":15,"key":"SMITH"},{"data":"Machine Learning","floor":23,"key":"SMITH"}],"circlet_count":0,"master_deck":["Strike_B","Strike_B","Strike_B","Defend_B","Defend_B","Defend_B","Defend_B","Zap","Dualcast","Chill+1","Coolheaded+1","HandOfGreed+1","Conserve Battery+1","Machine Learning+1"],"relics":["Busted Crown","Pantograph","Bag of Marbles","Oddly Smooth Stone","Velvet Choker"],"acts_visited":["Exordium","TheCity"],"potions_floor_usage":[18,24],"damage_taken":[{"damage":4.0,"enemies":"2 Louse","floor":1.0,"turns":3.0},{"damage":0.0,"enemies":"Cultist","floor":2.0,"turns":4.0},{"damage":0.0,"enemies":"Small Slimes","floor":3.0,"turns":3.0},{"damage":6.0,"enemies":"2 Fungi Beasts","floor":5.0,"turns":3.0},{"damage":39.0,"enemies":"Gremlin Nob","floor":7.0,"turns":5.0},{"damage":0.0,"enemies":"Large Slime","floor":8.0,"turns":6.0},{"damage":0.0,"enemies":"Looter","floor":13.0,"turns":1.0},{"damage":1,"enemies":"Lagavulin","floor":14,"turns":7},{"damage":33,"enemies":"Hexaghost","floor":16,"turns":13},{"damage":3,"enemies":"2 Thieves","floor":18,"turns":3},{"damage":18,"enemies":"Spheric Guardian","floor":20,"turns":6},{"damage":10,"enemies":"Snake Plant","floor":21,"turns":6},{"damage":3,"enemies":"Snecko","floor":22,"turns":6},{"damage":54,"enemies":"Gremlin Leader","floor":24,"turns":9}],"seed_played":"-6771039256963343839","potions_obtained":[{"floor":1.0,"key":"GamblersBrew"},{"floor":7.0,"key":"BlessingOfTheForge"},{"floor":13.0,"key":"Explosive Potion"},{"floor":14,"key":"BlessingOfTheForge"},{"floor":16,"key":"PowerPotion"},{"floor":18,"key":"Ancient Potion"},{"floor":20,"key":"FearPotion"}],"is_trial":false,"path_per_floor":["M","M","M","?","M","R","E","M","T","R","$","R","M","E","R","B",null,"M","?","M","M","M","R","E"],"character_chosen":"DEFECT","items_purchased":["HandOfGreed","Conserve Battery"],"campfire_rested":0,"item_purchase_floors":[11,11],"current_hp_per_floor":[71,71,71,71,65,65,26,26,26,26,26,26,26,25,25,17,75,72,72,54,44,41,41,0,0],"gold":391,"neow_bonus":"BOSS_RELIC","is_daily":false,"chose_seed":false,"campfire_upgraded":5,"win_rate":0.0,"timestamp":1612147244,"path_taken":["M","M","M","?","?","R","E","M","T","R","$","R","M","E","R","BOSS","M","?","M","M","M","R","E"],"items_purchased_type":["Card","Card"],"build_version":"2020-12-22","purchased_purges":1,"victory":false,"max_hp_per_floor":[75,75,75,75,75,75,75,75,75,75,75,75,75,75,75,75,75,75,75,75,75,75,75,75,75],"relic_stats":{"Busted Crown":26,"counters":[14,75],"Pantograph":25,"obtain_stats":[{"Busted Crown":0,"Pantograph":7,"Oddly Smooth Stone":14,"Velvet Choker":17,"Bag of Marbles":9,"Cracked Core":0},{"Busted Crown":0,"Pantograph":5,"Oddly Smooth Stone":8,"Velvet Choker":9,"Bag of Marbles":6,"Cracked Core":0},{"Busted Crown":0,"Pantograph":18,"Oddly Smooth Stone":32,"Velvet Choker":45,"Bag of Marbles":24,"Cracked Core":0}]},"card_choices":[{"not_picked":[],"picked":"Chill","floor":1.0},{"not_picked":["Compile Driver"],"picked":"SKIP","floor":2.0},{"not_picked":["Beam Cell"],"picked":"SKIP","floor":3.0},{"not_picked":["Go for the Eyes"],"picked":"SKIP","floor":5.0},{"not_picked":[],"picked":"Coolheaded","floor":7.0},{"not_picked":["Gash"],"picked":"SKIP","floor":8.0},{"not_picked":["Tempest"],"picked":"SKIP","floor":13.0},{"not_picked":["Rebound"],"picked":"SKIP","floor":14},{"not_picked":[],"picked":"Machine Learning","floor":16},{"not_picked":["Barrage"],"picked":"SKIP","floor":18},{"not_picked":["Hello World"],"picked":"SKIP","floor":20},{"not_picked":["Hologram"],"picked":"SKIP","floor":21},{"not_picked":["Skim"],"picked":"SKIP","floor":22}],"player_experience":892102,"relics_obtained":[{"floor":7.0,"key":"Pantograph"},{"floor":9.0,"key":"Bag of Marbles"},{"floor":14,"key":"Oddly Smooth Stone"}],"event_choices":[{"damage_healed":0.0,"max_hp_gain":0.0,"max_hp_loss":0.0,"gold_gain":100.0,"event_name":"Golden Shrine","player_choice":"Pray","floor":4.0,"gold_loss":0.0,"damage_taken":0.0},{"damage_healed":0,"gold_gain":0,"player_choice":"Ignored","damage_taken":0,"max_hp_gain":0,"max_hp_loss":0,"event_name":"The Mausoleum","floor":19,"gold_loss":0}],"is_beta":false,"boss_relics":[{"not_picked":["Tiny House","Astrolabe"],"picked":"Velvet Choker"}],"items_purged_floors":[11],"is_endless":false,"potions_floor_spawned":[1,7,13,14,16,18,20,22],"killed_by":"Gremlin Leader","ascension_level":3}}