{"host":"klrvvo16pazy794l","time":1612138994,"event":{"mods":["BaseMod","Minty Spire (QoL Compilation)"],"gold_per_floor":[15,15,15,32,52,52,87,104,104,104,120,46,65,76,76,180,180,195,195,195,209,59,59,86,102,102,102,118,152,168,200,200,301,301,319,319,337,357,119,119,129,147,147,147,163,163,183,211,211,211,211],"floor_reached":50,"language":"ENG","playtime":2351,"items_purged":[],"score":592,"play_id":"dfdb76f4-b6ed-4cb7-a51e-c1eb6924a0d9","local_time":"20210131182314","is_ascension_mode":true,"campfire_choices":[{"data":"Bash","floor":6,"key":"SMITH"},{"data":"Body Slam","floor":10,"key":"SMITH"},{"data":"Armaments","floor":15,"key":"SMITH"},{"data":"Combust","floor":23,"key":"SMITH"},{"data":"Warcry","floor":27,"key":"SMITH"},{"floor":32,"key":"RECALL"},{"data":"Thunderclap","floor":40,"key":"SMITH"},{"data":"Reaper","floor":46,"key":"SMITH"},{"data":"Spot Weakness","floor":49,"key":"SMITH"}],"circlet_count":0,"master_deck":["Strike_R","Strike_R","Strike_R","Defend_R","Defend_R","Defend_R","Bash+1","Flex+1","Warcry+1","Thunderclap+1","Body Slam+1","Shrug It Off","Armaments+1","Combust+1","Juggernaut+1","Spot Weakness+1","Entrench+1","Reaper+1","Flame Barrier+1","Inflame+1","Rage+1","Exhume+1","Thinking Ahead+1","Bloodletting+1","Headbutt+1","Limit Break+1","Battle Trance+1","Dual Wield+1","Intimidate+1"],"relics":["Burning Blood","Ornamental Fan","Thread and Needle","TungstenRod","Mark of Pain","Pen Nib","Toxic Egg 2","Dream Catcher","White Beast Statue","Coffee Dripper","Eternal Feather","Regal Pillow","Ancient Tea Set"],"acts_visited":["Exordium","TheCity","TheBeyond"],"potions_floor_usage":[16,28,33,38,41,42,42,48,48,50],"damage_taken":[{"damage":0,"enemies":"Small Slimes","floor":1,"turns":3},{"damage":6,"enemies":"Cultist","floor":4,"turns":3},{"damage":0,"enemies":"2 Louse","floor":5,"turns":2},{"damage":35,"enemies":"3 Sentries","floor":7,"turns":6},{"damage":8,"enemies":"Lots of Slimes","floor":8,"turns":3},{"damage":7,"enemies":"Exordium Wildlife","floor":11,"turns":6},{"damage":2,"enemies":"Large Slime","floor":13,"turns":4},{"damage":4,"enemies":"Red Slaver","floor":14,"turns":3},{"damage":35,"enemies":"Hexaghost","floor":16,"turns":11},{"damage":4,"enemies":"3 Byrds","floor":18,"turns":3},{"damage":2,"enemies":"Chosen","floor":21,"turns":4},{"damage":13,"enemies":"Gremlin Leader","floor":24,"turns":5},{"damage":20,"enemies":"Snake Plant","floor":25,"turns":3},{"damage":9,"enemies":"Cultist and Chosen","floor":28,"turns":6},{"damage":28,"enemies":"Slavers","floor":29,"turns":4},{"damage":11,"enemies":"Centurion and Healer","floor":30,"turns":6},{"damage":20,"enemies":"Book of Stabbing","floor":31,"turns":4},{"damage":44,"enemies":"Champ","floor":33,"turns":10},{"damage":26,"enemies":"3 Shapes","floor":35,"turns":4},{"damage":0,"enemies":"Orb Walker","floor":37,"turns":2},{"damage":20,"enemies":"4 Shapes","floor":38,"turns":3},{"damage":6,"enemies":"Spire Growth","floor":41,"turns":4},{"damage":17,"enemies":"3 Darklings","floor":42,"turns":4},{"damage":47,"enemies":"Transient","floor":45,"turns":5},{"damage":36,"enemies":"Jaw Worm Horde","floor":47,"turns":3},{"damage":5,"enemies":"Nemesis","floor":48,"turns":7},{"damage":87,"enemies":"Awakened One","floor":50,"turns":7}],"seed_played":"3760405890216073656","potions_obtained":[{"floor":1,"key":"LiquidBronze"},{"floor":5,"key":"Weak Potion"},{"floor":13,"key":"SpeedPotion"},{"floor":18,"key":"SteroidPotion"},{"floor":21,"key":"BloodPotion"},{"floor":29,"key":"FearPotion"},{"floor":33,"key":"Swift Potion"},{"floor":35,"key":"AttackPotion"},{"floor":38,"key":"DistilledChaos"},{"floor":41,"key":"ColorlessPotion"},{"floor":42,"key":"SpeedPotion"},{"floor":45,"key":"Regen Potion"},{"floor":48,"key":"SpeedPotion"}],"is_trial":false,"path_per_floor":["M","?","?","M","M","R","E","M","T","R","M","$","M","M","R","B",null,"M","?","?","M","$","R","E","M","T","R","M","E","M","E","R","B",null,"M","?","M","M","$","R","M","M","T","?","M","R","M","E","R","B"],"character_chosen":"IRONCLAD","items_purchased":["Regen Potion","Pen Nib","Eternal Feather"],"campfire_rested":0,"item_purchase_floors":[12,22,39],"current_hp_per_floor":[80,80,80,80,80,80,51,49,49,49,48,48,52,54,54,40,80,80,80,80,80,80,80,73,66,66,66,67,60,69,55,55,36,80,80,80,80,66,66,80,80,80,80,80,39,54,24,40,55,0,0],"gold":211,"neow_bonus":"REMOVE_TWO","is_daily":false,"chose_seed":false,"campfire_upgraded":8,"win_rate":0.0,"timestamp":1612138994,"path_taken":["M","?","?","M","M","R","E","M","T","R","M","$","?","M","R","BOSS","M","?","?","?","$","R","E","M","T","R","M","E","M","E","R","BOSS","M","?","M","M","$","R","M","M","T","?","M","R","M","E","R","BOSS"],"items_purchased_type":["Potion","Relic","Relic"],"build_version":"2020-12-22","purchased_purges":0,"victory":false,"max_hp_per_floor":[80,80,80,80,80,80,80,80,80,80,80,80,80,80,80,80,80,80,80,80,80,80,80,80,80,80,80,80,80,80,80,80,80,80,80,80,80,80,80,80,80,80,80,80,80,80,80,80,80,80,80],"card_choices":[{"not_picked":["Fire Breathing","Flame Barrier"],"picked":"Flex","floor":1},{"not_picked":["True Grit","Wild Strike"],"picked":"Warcry","floor":4},{"not_picked":["Clothesline","Whirlwind"],"picked":"Thunderclap","floor":5},{"not_picked":["Intimidate","Rupture"],"picked":"Body Slam","floor":7},{"not_picked":["Reckless Charge","Twin Strike"],"picked":"Shrug It Off","floor":8},{"not_picked":["Ghostly Armor","Havoc"],"picked":"Armaments","floor":11},{"not_picked":["Dark Embrace","Perfected Strike"],"picked":"Combust","floor":13},{"not_picked":["Berserk","Iron Wave","Whirlwind"],"picked":"SKIP","floor":14},{"not_picked":["Berserk","Feed"],"picked":"Juggernaut","floor":16},{"not_picked":["Rage+1","Dark Embrace","Twin Strike"],"picked":"SKIP","floor":18},{"not_picked":["Clash","Flex+1"],"picked":"Entrench+1","floor":21},{"not_picked":["Thunderclap","Uppercut"],"picked":"Reaper","floor":24},{"not_picked":["Rupture","Blood for Blood"],"picked":"Flame Barrier+1","floor":25},{"not_picked":["Flex+1","Anger","Uppercut"],"picked":"SKIP","floor":28},{"not_picked":["Heavy Blade","Rupture+1","Clash+1"],"picked":"SKIP","floor":29},{"not_picked":["Iron Wave+1","Bludgeon"],"picked":"Inflame+1","floor":30},{"not_picked":["Juggernaut","Sentinel+1"],"picked":"Rage+1","floor":31},{"not_picked":["Feed","Immolate"],"picked":"Exhume+1","floor":33},{"not_picked":["Pummel+1","Havoc+1","Wild Strike"],"picked":"SKIP","floor":35},{"not_picked":["Dark Shackles+1","Metamorphosis+1"],"picked":"Thinking Ahead+1","floor":36},{"not_picked":["Body Slam","Whirlwind"],"picked":"Bloodletting+1","floor":37},{"not_picked":["Clothesline","Clash+1","Flex+1"],"picked":"SKIP","floor":38},{"not_picked":["Body Slam","Clothesline","Rupture+1"],"picked":"SKIP","floor":41},{"not_picked":["Havoc+1","Reckless Charge"],"picked":"Headbutt+1","floor":42},{"not_picked":["Pommel Strike+1","Perfected Strike+1"],"picked":"Battle Trance+1","floor":45},{"not_picked":["True Grit+1","Shrug It Off+1"],"picked":"Dual Wield+1","floor":47},{"not_picked":["Wild Strike+1","Reaper"],"picked":"Intimidate+1","floor":48}],"player_experience":476356,"relics_obtained":[{"floor":7,"key":"Thread and Needle"},{"floor":9,"key":"TungstenRod"},{"floor":24,"key":"Toxic Egg 2"},{"floor":29,"key":"Dream Catcher"},{"floor":31,"key":"White Beast Statue"},{"floor":43,"key":"Regal Pillow"},{"floor":48,"key":"Ancient Tea Set"}],"event_choices":[{"damage_healed":0,"gold_gain":0,"player_choice":"Grow","damage_taken":0,"max_hp_gain":0,"max_hp_loss":0,"event_name":"Living Wall","floor":2,"gold_loss":0,"cards_upgraded":["Flex"]},{"damage_healed":0,"gold_gain":0,"player_choice":"Gave Potion","damage_taken":0,"relics_obtained":["Ornamental Fan"],"max_hp_gain":0,"max_hp_loss":0,"event_name":"WeMeetAgain","floor":3,"gold_loss":0},{"damage_healed":0,"gold_gain":0,"player_choice":"Read","damage_taken":0,"max_hp_gain":0,"max_hp_loss":0,"event_name":"The Library","floor":19,"gold_loss":0,"cards_obtained":["Spot Weakness"]},{"damage_healed":0,"gold_gain":0,"player_choice":"Upgraded","damage_taken":0,"max_hp_gain":0,"max_hp_loss":0,"event_name":"Upgrade Shrine","floor":20,"gold_loss":0,"cards_upgraded":["Juggernaut"]},{"damage_healed":0,"gold_gain":0,"player_choice":"Memory 1","damage_taken":0,"max_hp_gain":0,"max_hp_loss":0,"event_name":"SensoryStone","floor":36,"gold_loss":0},{"damage_healed":0,"gold_gain":0,"cards_transformed":["Strike_R"],"player_choice":"Transformed","damage_taken":0,"max_hp_gain":0,"max_hp_loss":0,"event_name":"Transmorgrifier","floor":44,"gold_loss":0,"cards_obtained":["Limit Break"]}],"is_beta":false,"boss_relics":[{"not_picked":["Runic Dome","Runic Pyramid"],"picked":"Mark of Pain"},{"not_picked":["Runic Cube","Snecko Eye"],"picked":"Coffee Dripper"}],"items_purged_floors":[],"is_endless":false,"potions_floor_spawned":[1,5,13,14,18,21,25,29,33,35,37,38,41,42,45,47,48],"killed_by":"Awakened One","ascension_level":2}}