{"host":"w8jq41i5zn1fudf9","time":1612165512,"event":{"mods":["AchievementEnabler","BaseMod","Colored Map","Colored Powertips","Curses Come First","GifTheSpireLib","Googly Eyes","Minty Spire (QoL Compilation)","Quick Restart","Rare Cards Sparkle","Relic Stats","StSLib","The Awakened One except there are too many feathers","egg","everything is the same but u backflip on backflip","slay the spire mod where everything is the same but ironclad has a cowboy hat"],"gold_per_floor":[109,123,123,12,12,12,47,61,106,119,136,136,153,170,170,170,170],"floor_reached":16,"language":"ENG","playtime":1035,"items_purged":["Regret"],"score":125,"play_id":"b3fa5124-08cf-41a0-a963-f5b2b1aa42a4","local_time":"20210201004512","is_ascension_mode":true,"campfire_choices":[{"data":"Zap","floor":6,"key":"SMITH"},{"floor":15,"key":"REST"}],"circlet_count":0,"master_deck":["Strike_B","Strike_B","Strike_B","Defend_B","Defend_B","Defend_B","Defend_B","Zap+1","Dualcast","Parasite","Rainbow","Cold Snap","Glacier","Defragment","Redo","Chaos"],"relics":["Cracked Core","Bag of Preparation","Ancient Tea Set","Regal Pillow"],"acts_visited":["Exordium"],"potions_floor_usage":[14],"damage_taken":[{"damage":8,"enemies":"Jaw Worm","floor":1,"turns":5},{"damage":8,"enemies":"Small Slimes","floor":2,"turns":4},{"damage":2,"enemies":"3 Sentries","floor":7,"turns":8},{"damage":0,"enemies":"Cultist","floor":8,"turns":3},{"damage":7,"enemies":"3 Louse","floor":10,"turns":4},{"damage":11,"enemies":"Exordium Wildlife","floor":11,"turns":4},{"damage":4,"enemies":"Looter","floor":13,"turns":3},{"damage":29,"enemies":"Gremlin Gang","floor":14,"turns":6},{"damage":44,"enemies":"Hexaghost","floor":16,"turns":11}],"seed_played":"3219626129540717347","potions_obtained":[{"floor":7,"key":"EssenceOfSteel"},{"floor":8,"key":"Swift Potion"},{"floor":11,"key":"GamblersBrew"}],"is_trial":false,"path_per_floor":["M","M","?","$","?","R","E","M","T","M","M","$","M","M","R","B"],"character_chosen":"DEFECT","items_purchased":["Defragment"],"campfire_rested":1,"item_purchase_floors":[4],"current_hp_per_floor":[67,59,59,59,59,59,57,57,57,50,39,39,35,6,43,0,0],"gold":170,"neow_bonus":"THREE_RARE_CARDS","is_daily":false,"chose_seed":false,"campfire_upgraded":1,"win_rate":0.0,"timestamp":1612165512,"path_taken":["M","M","?","$","?","R","E","M","T","?","M","$","M","M","R","BOSS"],"items_purchased_type":["Card"],"build_version":"2020-12-22","purchased_purges":1,"victory":false,"max_hp_per_floor":[75,75,75,75,75,75,75,75,75,75,75,75,75,75,75,75,75],"relic_stats":{"Regal Pillow":15,"counters":[9,48],"Bag of Preparation":[14],"obtain_stats":[{"Regal Pillow":9,"Bag of Preparation":3,"Cracked Core":0,"Ancient Tea Set":7},{"Regal Pillow":4,"Bag of Preparation":2,"Cracked Core":0,"Ancient Tea Set":3},{"Regal Pillow":20,"Bag of Preparation":9,"Cracked Core":0,"Ancient Tea Set":17}]},"card_choices":[{"not_picked":["All For One","Machine Learning"],"picked":"Rainbow","floor":0},{"not_picked":["Go for the Eyes","Rip and Tear"],"picked":"Cold Snap","floor":1},{"not_picked":["Hello World","Beam Cell"],"picked":"Glacier","floor":2},{"not_picked":["Skim","Force Field","Hologram"],"picked":"SKIP","floor":7},{"not_picked":["Go for the Eyes","Steam","Redo"],"picked":"SKIP","floor":8},{"not_picked":["Genetic Algorithm","Stack","Chill"],"picked":"SKIP","floor":10},{"not_picked":["Undo","Stack"],"picked":"Chaos","floor":11},{"not_picked":["Steam","Beam Cell","Undo"],"picked":"SKIP","floor":13},{"not_picked":["Beam Cell","Force Field","Rebound"],"picked":"SKIP","floor":14}],"player_experience":77826,"relics_obtained":[{"floor":7,"key":"Ancient Tea Set"},{"floor":9,"key":"Regal Pillow"}],"event_choices":[{"damage_healed":0,"gold_gain":0,"player_choice":"Box","damage_taken":0,"relics_obtained":["Bag of Preparation"],"max_hp_gain":0,"max_hp_loss":0,"event_name":"Big Fish","floor":3,"gold_loss":0,"cards_obtained":["Regret"]},{"damage_healed":0,"gold_gain":0,"cards_transformed":["Strike_B"],"player_choice":"Transformed","damage_taken":0,"max_hp_gain":0,"max_hp_loss":0,"event_name":"Transmorgrifier","floor":5,"gold_loss":0,"cards_obtained":["Redo"]}],"is_beta":false,"boss_relics":[],"items_purged_floors":[4],"is_endless":false,"potions_floor_spawned":[7,8,11],"killed_by":"Hexaghost","ascension_level":4}}