{"host":"qy1e0kd24tpj3i2m","time":1612206419,"event":{"mods":["Act Like it!","Alarm Clock","BaseMod","Better Skull","Better Vampires","Colored Map","Colored Powertips","Custom Start","Faster Ascension Climbing","Friendly Minions","GifTheSpireLib","Gremlin Skip","Highlight Path","Minty Spire (QoL Compilation)","Permanent Neow","Poor People Problems","Quick Restart","Red Circlet Mod","Relic Filter Mod","Relic Sorter","Reorder Act Four","SacredBarkPlus","Shop Mod","StSLib","SuperFastMode","Transform Curses","没有小屋子和绿帽子啦"],"gold_per_floor":[113,38,188,88,88,122,135,135,135,162,162,180,180,205,205,279,279,289,289,289,301,313,313,329,279,304,304,85,85,85,135,135,213,213,225,225,235,24,44,70,70,104,104,104,104,104,116,133,133,133,133,133,27,27,27,27],"floor_reached":55,"language":"ZHS","playtime":1999,"items_purged":["Bash","Doubt","Strike_R","Defend_R","Strike_R","Strike_R"],"score":2178,"play_id":"e3a3719c-f9aa-449b-98fc-d352a8346593","local_time":"20210202040659","is_ascension_mode":true,"campfire_choices":[{"data":"Entrench","floor":8.0,"key":"SMITH"},{"data":"Barricade","floor":11.0,"key":"SMITH"},{"data":"Body Slam","floor":13.0,"key":"SMITH"},{"data":"Metallicize","floor":15.0,"key":"SMITH"},{"data":"Uppercut","floor":23.0,"key":"SMITH"},{"data":"Impervious","floor":27.0,"key":"SMITH"},{"data":"Flame Barrier","floor":30.0,"key":"SMITH"},{"data":"Pommel Strike","floor":32.0,"key":"SMITH"},{"floor":41.0,"key":"RECALL"},{"data":"Whirlwind","floor":44.0,"key":"SMITH"},{"data":"Panacea","floor":49.0,"key":"SMITH"},{"data":"Exhume","floor":54.0,"key":"SMITH"}],"circlet_count":0,"master_deck":["AscendersBane","Strike_R+1","Strike_R","Defend_R","Defend_R","Defend_R+1","Metallicize+1","Entrench+1","Pommel Strike+1","Barricade+1","Body Slam+1","Iron Wave","Impervious+1","Uppercut+1","Flame Barrier+1","Uppercut+1","Exhume+1","Shrug It Off","Panacea+1","Bandage Up","Trip","Clothesline+1","Whirlwind+1","Iron Wave"],"relics":["Burning Blood","NeowsBlessing","Smiling Mask","Unceasing Top","InkBottle","Self Forming Clay","Coffee Dripper","Art of War","Nunchaku","Velvet Choker","OrangePellets","Juzu Bracelet","CeramicFish"],"acts_visited":["Exordium","TheCity","TheBeyond","TheEnding"],"potions_floor_usage":[],"damage_taken":[{"damage":0.0,"enemies":"Jaw Worm","floor":1.0,"turns":1.0},{"damage":0.0,"enemies":"Lagavulin","floor":6.0,"turns":1.0},{"damage":0.0,"enemies":"2 Louse","floor":7.0,"turns":1.0},{"damage":51.0,"enemies":"Gremlin Nob","floor":10.0,"turns":5.0},{"damage":0.0,"enemies":"Small Slimes","floor":12.0,"turns":6.0},{"damage":0.0,"enemies":"Lagavulin","floor":14.0,"turns":6.0},{"damage":0.0,"enemies":"The Guardian","floor":16.0,"turns":7.0},{"damage":15.0,"enemies":"3 Byrds","floor":18.0,"turns":9.0},{"damage":6.0,"enemies":"Shell Parasite","floor":21.0,"turns":7.0},{"damage":9.0,"enemies":"Snake Plant","floor":22.0,"turns":5.0},{"damage":5.0,"enemies":"Centurion and Healer","floor":24.0,"turns":9.0},{"damage":0.0,"enemies":"Automaton","floor":33.0,"turns":9.0},{"damage":15.0,"enemies":"3 Darklings","floor":35.0,"turns":7.0},{"damage":0.0,"enemies":"Orb Walker","floor":37.0,"turns":3.0},{"damage":2.0,"enemies":"3 Darklings","floor":39.0,"turns":7.0},{"damage":41.0,"enemies":"Reptomancer","floor":40.0,"turns":8.0},{"damage":0.0,"enemies":"Giant Head","floor":42.0,"turns":6.0},{"damage":6.0,"enemies":"Sphere and 2 Shapes","floor":47.0,"turns":4.0},{"damage":9.0,"enemies":"4 Shapes","floor":48.0,"turns":9.0},{"damage":41.0,"enemies":"Awakened One","floor":50.0,"turns":17.0},{"damage":13.0,"enemies":"Time Eater","floor":51.0,"turns":10.0},{"damage":50,"enemies":"Shield and Spear","floor":55,"turns":8}],"seed_played":"6399881548666249119","potions_obtained":[{"floor":1.0,"key":"PowerPotion"},{"floor":6.0,"key":"Regen Potion"},{"floor":14.0,"key":"PowerPotion"},{"floor":21.0,"key":"Weak Potion"},{"floor":22.0,"key":"SkillPotion"},{"floor":33.0,"key":"Dexterity Potion"},{"floor":37.0,"key":"FearPotion"},{"floor":40.0,"key":"Strength Potion"},{"floor":42.0,"key":"Energy Potion"}],"is_trial":false,"path_per_floor":["M","$","?","$","?","E","M","R","T","E","R","M","R","E","R","B",null,"M","?","?","M","M","R","M","$","T","R","$","?","R","?","R","B",null,"M","?","M","$","M","E","R","E","T","R","?","?","M","M","R","B","B",null,"$","R","E"],"character_chosen":"IRONCLAD","items_purchased":["Nunchaku","OrangePellets","SteroidPotion"],"campfire_rested":0,"item_purchase_floors":[28,38,53],"current_hp_per_floor":[74,74,74,74,51,57,63,63,63,32,32,38,38,44,44,50,69,60,60,60,60,57,57,58,58,58,58,58,58,58,58,58,64,72,63,53,59,59,67,36,36,46,46,46,46,46,46,51,51,20,17,61,61,61,19,19],"gold":27,"neow_bonus":"THREE_ENEMY_KILL","is_daily":false,"chose_seed":false,"campfire_upgraded":11,"win_rate":0.0,"timestamp":1612206419,"path_taken":["M","$","?","$","?","E","?","R","T","E","R","M","R","E","R","BOSS","M","?","?","?","M","R","M","$","T","R","$","?","R","?","R","BOSS","M","?","M","$","M","E","R","E","T","R","?","?","M","M","R","BOSS","BOSS","$","R","E"],"items_purchased_type":["Relic","Relic","Potion"],"build_version":"2020-12-22","purchased_purges":6,"victory":false,"max_hp_per_floor":[75,75,75,75,75,75,75,75,75,75,75,75,75,75,75,75,75,75,75,75,75,75,75,75,75,75,75,75,75,75,75,75,75,75,75,75,75,75,75,75,75,75,75,75,75,75,75,75,75,75,75,75,75,75,75,75],"card_choices":[{"not_picked":["Seeing Red","Sword Boomerang"],"picked":"Metallicize","floor":1.0},{"not_picked":["Metallicize","Immolate"],"picked":"Entrench","floor":6.0},{"not_picked":["Cleave","Metallicize"],"picked":"Pommel Strike","floor":7.0},{"not_picked":["Sentinel","Disarm"],"picked":"Barricade","floor":10.0},{"not_picked":["Clothesline","Sever Soul"],"picked":"Body Slam","floor":12.0},{"not_picked":["Ghostly Armor","Brutality"],"picked":"Iron Wave","floor":14.0},{"not_picked":["Demon Form","Berserk"],"picked":"Impervious","floor":16.0},{"not_picked":["Wild Strike","Clothesline"],"picked":"Uppercut","floor":18.0},{"not_picked":["Twin Strike","Thunderclap","Blood for Blood"],"picked":"SKIP","floor":21.0},{"not_picked":["Cleave","Pommel Strike+1"],"picked":"Flame Barrier","floor":22.0},{"not_picked":["Fire Breathing","Havoc"],"picked":"Uppercut+1","floor":24.0},{"not_picked":["Barricade","Bludgeon"],"picked":"Exhume","floor":33.0},{"not_picked":["Metallicize","Twin Strike"],"picked":"Shrug It Off","floor":35.0},{"not_picked":["Secret Technique","Purity"],"picked":"Panacea","floor":36.0},{"not_picked":["Blind","Mind Blast"],"picked":"Bandage Up","floor":36.0},{"not_picked":["Dark Shackles","PanicButton"],"picked":"Trip","floor":36.0},{"not_picked":["Heavy Blade","Searing Blow"],"picked":"Clothesline+1","floor":37.0},{"not_picked":["Cleave","Havoc"],"picked":"Whirlwind","floor":39.0},{"not_picked":["Wild Strike","Thunderclap+1","Inflame"],"picked":"SKIP","floor":40.0},{"not_picked":["Infernal Blade+1","Sentinel"],"picked":"Iron Wave","floor":42.0},{"not_picked":["Rupture","Headbutt","Havoc"],"picked":"SKIP","floor":47.0},{"not_picked":["Thunderclap","Double Tap","Clothesline"],"picked":"SKIP","floor":48.0}],"player_experience":968400,"relics_obtained":[{"floor":6.0,"key":"Smiling Mask"},{"floor":9.0,"key":"Unceasing Top"},{"floor":10.0,"key":"InkBottle"},{"floor":14.0,"key":"Self Forming Clay"},{"floor":26.0,"key":"Art of War"},{"floor":40.0,"key":"Juzu Bracelet"},{"floor":42.0,"key":"CeramicFish"}],"event_choices":[{"damage_healed":0.0,"max_hp_gain":0.0,"max_hp_loss":0.0,"gold_gain":150.0,"event_name":"Liars Game","player_choice":"AGREE","floor":3.0,"gold_loss":0.0,"damage_taken":0.0,"cards_obtained":["Doubt"]},{"damage_healed":0.0,"max_hp_gain":0.0,"max_hp_loss":0.0,"gold_gain":0.0,"event_name":"Shining Light","player_choice":"Entered Light","floor":5.0,"gold_loss":0.0,"damage_taken":23.0,"cards_upgraded":["Strike_R","Defend_R"]},{"damage_healed":0.0,"max_hp_gain":0.0,"max_hp_loss":0.0,"gold_gain":0.0,"event_name":"Vampires","player_choice":"Ignored","floor":19.0,"gold_loss":0.0,"damage_taken":0.0},{"damage_healed":0.0,"max_hp_gain":0.0,"max_hp_loss":0.0,"gold_gain":0.0,"event_name":"Ghosts","player_choice":"Ignored","floor":29.0,"gold_loss":0.0,"damage_taken":0.0},{"damage_healed":0.0,"max_hp_gain":0.0,"max_hp_loss":0.0,"gold_gain":50.0,"event_name":"Golden Shrine","player_choice":"Pray","floor":31.0,"gold_loss":0.0,"damage_taken":0.0},{"damage_healed":0.0,"max_hp_gain":0.0,"max_hp_loss":0.0,"gold_gain":0.0,"event_name":"SensoryStone","player_choice":"Memory 3","floor":36.0,"gold_loss":0.0,"damage_taken":10.0},{"damage_healed":0.0,"max_hp_gain":0.0,"max_hp_loss":0.0,"gold_gain":0.0,"event_name":"SecretPortal","player_choice":"Ignored","floor":45.0,"gold_loss":0.0,"damage_taken":0.0}],"is_beta":false,"boss_relics":[{"not_picked":["Philosopher\u0027s Stone","Sozu"],"picked":"Coffee Dripper"},{"not_picked":["Calling Bell","Pandora\u0027s Box"],"picked":"Velvet Choker"}],"items_purged_floors":[2,4,25,28,38,53],"is_endless":false,"potions_floor_spawned":[1,6,14,21,22,33,37,40,42],"killed_by":"Shield and Spear","ascension_level":20}}