{"host":"erjc6dqs793djrmy","time":1612208517,"event":{"mods":["BaseMod","Minty Spire (QoL Compilation)","StSLib","The Animator"],"gold_per_floor":[130,130,1,1,16,49,72,115,141,141,156,188,256,310,310,409,409,395,310,310,339,339,339,343,343],"floor_reached":24,"language":"ENG","playtime":2165,"items_purged":["animator:Defend"],"score":406,"play_id":"7401d415-3b03-40a6-bf14-14e289a5aacd","local_time":"20210201144157","is_ascension_mode":true,"campfire_choices":[{"data":"animator:Saber","floor":10,"key":"SMITH"},{"floor":15,"key":"REST"},{"data":"animator:Archer","floor":23,"key":"SMITH"}],"circlet_count":0,"master_deck":["AscendersBane","animator:Strike_OwariNoSeraph","animator:Defend_OwariNoSeraph","animator:Defend","animator:Defend","animator:Shinoa","animator:Mikaela+1","animator:Vanir","animator:Shinoa","animator:Gillette","animator:Saber+1","animator:Shigure","animator:GuildGirl","animator:ShinjiMatou","animator:HiiragiShinya","animator:Eris","animator:Alexander","animator:Assassin","animator:Alexander","animator:Archer+1","animator:Verdia+1","J.A.X."],"relics":["animator:LivingPicture","animator:TheMissingPiece","NeowsBlessing","Nunchaku","Peace Pipe","animator:OldCoffin","Orichalcum","animator:RacePiece","Molten Egg 2"],"acts_visited":["Exordium","TheCity"],"potions_floor_usage":[12,12,16],"damage_taken":[{"damage":0,"enemies":"Jaw Worm","floor":1,"turns":1},{"damage":0,"enemies":"Cultist","floor":5,"turns":1},{"damage":0,"enemies":"Gremlin Nob","floor":6,"turns":1},{"damage":0,"enemies":"Small Slimes","floor":7,"turns":3},{"damage":13,"enemies":"3 Sentries","floor":8,"turns":6},{"damage":22,"enemies":"Exordium Wildlife","floor":11,"turns":4},{"damage":16,"enemies":"Lagavulin","floor":12,"turns":4},{"damage":11,"enemies":"Hexaghost","floor":16,"turns":7},{"damage":7,"enemies":"2 Thieves","floor":18,"turns":4},{"damage":25,"enemies":"Shell Parasite","floor":21,"turns":5},{"damage":37,"enemies":"Cultist and Chosen","floor":24,"turns":4}],"seed_played":"-2753515417163017709","potions_obtained":[{"floor":6,"key":"SpeedPotion"},{"floor":11,"key":"ColorlessPotion"},{"floor":12,"key":"DuplicationPotion"}],"is_trial":false,"path_per_floor":["M","?","$","$","M","E","M","E","T","R","M","E","?","T","R","B",null,"M","?","?","M","?","R","M"],"character_chosen":"THE_ANIMATOR","items_purchased":["animator:Shinoa"],"campfire_rested":1,"item_purchase_floors":[3],"current_hp_per_floor":[59,59,59,59,59,59,59,46,46,46,24,9,9,9,29,19,56,52,52,52,30,30,30,0,0],"gold":343,"neow_bonus":"THREE_ENEMY_KILL","is_daily":false,"chose_seed":false,"campfire_upgraded":2,"win_rate":0.0,"timestamp":1612208517,"path_taken":["M","?","?","$","M","E","?","E","T","R","M","E","?","?","R","BOSS","M","?","?","M","?","R","M"],"items_purchased_type":["Card"],"build_version":"2020-12-22","purchased_purges":1,"victory":false,"max_hp_per_floor":[66,66,66,66,66,66,66,66,66,66,66,67,67,67,67,68,68,68,68,68,68,68,68,68,68],"card_choices":[{"not_picked":["animator:DwarfShaman","animator:Aqua"],"picked":"animator:Vanir","floor":1},{"not_picked":["animator:Berserker","animator:Fredrika"],"picked":"animator:Gillette","floor":5},{"not_picked":["animator:Chris","animator:ElricAlphonse"],"picked":"animator:Saber","floor":6},{"not_picked":["animator:Guren","animator:HiiragiShinya"],"picked":"animator:Shigure","floor":7},{"not_picked":["animator:Envy","animator:Aqua"],"picked":"animator:GuildGirl","floor":8},{"not_picked":["animator:Shuna","animator:Priestess"],"picked":"animator:ShinjiMatou","floor":11},{"not_picked":["animator:DwarfShaman","animator:Kaijin"],"picked":"animator:HiiragiShinya","floor":12},{"not_picked":["animator:AcuraShin","animator:ChaikaTrabant"],"picked":"animator:Eris","floor":16},{"not_picked":["animator:RinTohsaka","animator:Alexander"],"picked":"animator:Archer","floor":18},{"not_picked":["animator:Kaijin","animator:ShinjiMatou"],"picked":"animator:Verdia+1","floor":21}],"player_experience":354251,"relics_obtained":[{"floor":6,"key":"Nunchaku"},{"floor":8,"key":"Peace Pipe"},{"floor":12,"key":"animator:OldCoffin"},{"floor":14,"key":"Orichalcum"}],"event_choices":[{"damage_healed":0,"gold_gain":0,"player_choice":"Upgraded","damage_taken":0,"max_hp_gain":0,"max_hp_loss":0,"event_name":"Upgrade Shrine","floor":2,"gold_loss":0,"cards_upgraded":["animator:Mikaela"]},{"damage_healed":0,"gold_gain":68,"player_choice":"Gained Gold","damage_taken":0,"max_hp_gain":0,"max_hp_loss":0,"event_name":"Golden Wing","floor":13,"gold_loss":0},{"damage_healed":0,"gold_gain":0,"player_choice":"Obtained Relic","damage_taken":0,"relics_obtained":["Molten Egg 2"],"max_hp_gain":0,"max_hp_loss":0,"event_name":"Addict","floor":19,"gold_loss":85},{"damage_healed":0,"gold_gain":0,"player_choice":"Ignored","damage_taken":0,"max_hp_gain":0,"max_hp_loss":0,"event_name":"Vampires","floor":20,"gold_loss":0},{"damage_healed":0,"gold_gain":0,"player_choice":"Obtain J.A.X.","damage_taken":0,"max_hp_gain":0,"max_hp_loss":0,"event_name":"Drug Dealer","floor":22,"gold_loss":0,"cards_obtained":["J.A.X."]}],"is_beta":false,"boss_relics":[{"not_picked":["Coffee Dripper","SacredBark"],"picked":"animator:RacePiece"}],"items_purged_floors":[3],"is_endless":false,"potions_floor_spawned":[6,11,12],"killed_by":"Cultist and Chosen","ascension_level":11}}