{"host":"4cz9gr89nglr7k8k","time":1612210697,"event":{"mods":["BaseMod","Minty Spire (QoL Compilation)","Relic Stats","Slay-I"],"gold_per_floor":[19,19,80,130,198,198,232,232,232,247,257,274,293,304,304,376,376,390,53,103,116,166,166,180,208,234,234,284,344,95,106,106,183,183,198,208,258,308,17,17,47,97,120,120,136,136,136],"floor_reached":46,"language":"DEU","playtime":1538,"items_purged":["Shame","Writhe"],"score":994,"play_id":"54c9c94f-cd68-4195-b2ae-efb7079652e7","local_time":"20210201211817","is_ascension_mode":true,"campfire_choices":[{"data":"Spot Weakness","floor":6,"key":"SMITH"},{"floor":8,"key":"REST"},{"floor":15,"key":"REST"},{"data":"Reaper","floor":23,"key":"SMITH"},{"data":"Bludgeon","floor":27,"key":"SMITH"},{"data":"Immolate","floor":32,"key":"SMITH"},{"floor":40,"key":"REST"},{"floor":44,"key":"REST"}],"circlet_count":0,"master_deck":["AscendersBane","Strike_R+1","Strike_R+1","Strike_R+1","Strike_R+1","Defend_R+1","Defend_R+1","Defend_R+1","Bash","Shockwave","Anger","Spot Weakness+1","Cleave","Immolate+1","Thunderclap","Sword Boomerang","Clash","Metallicize+1","Cleave","Reaper+1","Clash","Dropkick","Flex","Bludgeon+1","Uppercut+1","Combust+1","Ghostly Armor","Pummel","Berserk+1","Rampage","Pummel+1","Madness","Madness","Rupture+1","Twin Strike","Deep Breath","Pain","Twin Strike+1"],"relics":["Burning Blood","SsserpentHead","Frozen Egg 2","Blue Candle","Cursed Key","Mercury Hourglass","Orichalcum","Vajra","MealTicket","Busted Crown","Meat on the Bone","Regal Pillow"],"acts_visited":["Exordium","TheCity","TheBeyond"],"potions_floor_usage":[16,18,18,33,33,41],"damage_taken":[{"damage":17,"enemies":"Jaw Worm","floor":1,"turns":4},{"damage":6,"enemies":"Cultist","floor":3,"turns":3},{"damage":2,"enemies":"Small Slimes","floor":5,"turns":3},{"damage":45,"enemies":"3 Sentries","floor":7,"turns":7},{"damage":8,"enemies":"Looter","floor":10,"turns":2},{"damage":11,"enemies":"3 Louse","floor":11,"turns":2},{"damage":13,"enemies":"Blue Slaver","floor":12,"turns":3},{"damage":20,"enemies":"Red Slaver","floor":13,"turns":4},{"damage":15,"enemies":"Large Slime","floor":14,"turns":4},{"damage":34,"enemies":"The Guardian","floor":16,"turns":10},{"damage":1,"enemies":"3 Byrds","floor":18,"turns":3},{"damage":21,"enemies":"2 Thieves","floor":21,"turns":3},{"damage":9,"enemies":"Shelled Parasite and Fungi","floor":24,"turns":2},{"damage":9,"enemies":"Gremlin Leader","floor":25,"turns":5},{"damage":3,"enemies":"Chosen and Byrds","floor":29,"turns":4},{"damage":0,"enemies":"Snake Plant","floor":31,"turns":2},{"damage":54,"enemies":"Automaton","floor":33,"turns":7},{"damage":6,"enemies":"Orb Walker","floor":35,"turns":2},{"damage":16,"enemies":"3 Shapes","floor":36,"turns":7},{"damage":43,"enemies":"Giant Head","floor":41,"turns":6},{"damage":21,"enemies":"Sphere and 2 Shapes","floor":45,"turns":6},{"damage":94,"enemies":"Nemesis","floor":46,"turns":4}],"seed_played":"8879917834103915029","potions_obtained":[{"floor":1,"key":"Block Potion"},{"floor":3,"key":"AttackPotion"},{"floor":5,"key":"CultistPotion"},{"floor":16,"key":"Block Potion"},{"floor":18,"key":"SteroidPotion"},{"floor":21,"key":"DistilledChaos"},{"floor":31,"key":"BlessingOfTheForge"},{"floor":33,"key":"SkillPotion"},{"floor":35,"key":"SteroidPotion"},{"floor":45,"key":"BlessingOfTheForge"}],"is_trial":false,"path_per_floor":["M","?","M","?","M","R","E","R","T","M","M","M","M","M","R","B",null,"M","$","?","M","?","R","M","E","T","R","?","M","$","M","R","B",null,"M","M","?","?","$","R","E","?","T","R","M","E"],"character_chosen":"IRONCLAD","items_purchased":["Mercury Hourglass","Clash","Combust+1","Ghostly Armor","Rupture+1","CultistPotion"],"campfire_rested":4,"item_purchase_floors":[19,19,30,30,39,39],"current_hp_per_floor":[57,57,57,75,75,75,36,58,58,56,51,44,30,21,43,15,60,69,69,69,74,74,74,75,72,72,72,66,69,75,75,75,27,63,63,53,53,39,54,75,38,38,38,75,60,0,0],"gold":136,"neow_bonus":"TRANSFORM_TWO_CARDS","is_daily":false,"chose_seed":false,"campfire_upgraded":4,"win_rate":0.0,"timestamp":1612210697,"path_taken":["M","?","?","?","?","R","E","R","T","M","M","M","M","M","R","BOSS","M","$","?","M","?","R","M","E","T","R","?","?","$","M","R","BOSS","M","M","?","?","$","R","E","?","T","R","M","E"],"items_purchased_type":["Relic","Card","Card","Card","Card","Potion"],"build_version":"2020-12-22","purchased_purges":2,"victory":false,"max_hp_per_floor":[75,75,75,75,75,75,75,75,75,75,75,75,75,75,75,75,75,75,75,75,75,75,75,75,75,75,75,75,75,75,75,75,75,75,75,75,75,75,75,75,75,75,75,75,75,75,75],"relic_stats":{"SsserpentHead":500,"Regal Pillow":15,"Busted Crown":10,"counters":[22,92],"Blue Candle":[4],"MealTicket":21,"Orichalcum":[126],"Cursed Key":2,"obtain_stats":[{"SsserpentHead":2,"Regal Pillow":43,"Busted Crown":34,"Blue Candle":9,"Vajra":25,"MealTicket":26,"Frozen Egg 2":7,"Orichalcum":20,"Cursed Key":17,"Burning Blood":0,"Mercury Hourglass":19,"Meat on the Bone":41},{"SsserpentHead":1,"Regal Pillow":20,"Busted Crown":17,"Blue Candle":4,"Vajra":14,"MealTicket":14,"Frozen Egg 2":4,"Orichalcum":11,"Cursed Key":10,"Burning Blood":0,"Mercury Hourglass":11,"Meat on the Bone":20},{"SsserpentHead":4,"Regal Pillow":82,"Busted Crown":68,"Blue Candle":17,"Vajra":55,"MealTicket":55,"Frozen Egg 2":17,"Orichalcum":45,"Cursed Key":42,"Burning Blood":0,"Mercury Hourglass":45,"Meat on the Bone":82}],"Burning Blood":114,"Mercury Hourglass":[212],"Meat on the Bone":0},"card_choices":[{"not_picked":["Reckless Charge","Perfected Strike"],"picked":"Anger","floor":1},{"not_picked":["Rampage","Sword Boomerang"],"picked":"Spot Weakness","floor":3},{"not_picked":["Iron Wave","Havoc"],"picked":"Cleave","floor":5},{"not_picked":["Whirlwind","Rage"],"picked":"Immolate","floor":7},{"not_picked":["Carnage","Intimidate"],"picked":"Thunderclap","floor":10},{"not_picked":["Havoc","Body Slam"],"picked":"Sword Boomerang","floor":11},{"not_picked":["Rupture+1","Twin Strike"],"picked":"Clash","floor":12},{"not_picked":["Feed","Rage"],"picked":"Metallicize+1","floor":13},{"not_picked":["Twin Strike","Rupture+1"],"picked":"Cleave","floor":14},{"not_picked":["Double Tap","Fiend Fire"],"picked":"Reaper","floor":16},{"not_picked":["True Grit","Headbutt"],"picked":"Iron Wave","floor":18},{"not_picked":["Sword Boomerang","Havoc"],"picked":"Dropkick","floor":21},{"not_picked":["Body Slam","Shrug It Off+1"],"picked":"Flex","floor":24},{"not_picked":["Perfected Strike","Burning Pact"],"picked":"Bludgeon","floor":25},{"not_picked":["True Grit+1","Feel No Pain+1"],"picked":"Uppercut+1","floor":29},{"not_picked":["Havoc","Shockwave"],"picked":"Pummel","floor":31},{"not_picked":["Barricade+1","Immolate"],"picked":"Berserk+1","floor":33},{"not_picked":[],"picked":"Rampage","floor":35},{"not_picked":[],"picked":"Pummel+1","floor":36},{"not_picked":[],"picked":"Twin Strike","floor":41},{"not_picked":[],"picked":"Deep Breath","floor":42},{"not_picked":[],"picked":"Twin Strike+1","floor":45}],"player_experience":1533825,"relics_obtained":[{"floor":7,"key":"Frozen Egg 2"},{"floor":9,"key":"Blue Candle"},{"floor":25,"key":"Vajra"},{"floor":26,"key":"MealTicket"},{"floor":41,"key":"Meat on the Bone"},{"floor":43,"key":"Regal Pillow"}],"event_choices":[{"damage_healed":0,"gold_gain":0,"player_choice":"Trade","damage_taken":0,"relics_obtained":["SsserpentHead"],"max_hp_gain":0,"max_hp_loss":0,"event_name":"FaceTrader","floor":2,"gold_loss":0},{"cards_removed":["Seeing Red"],"damage_healed":18,"gold_gain":0,"player_choice":"Offered Uncommon","damage_taken":0,"max_hp_gain":0,"max_hp_loss":0,"event_name":"Bonfire Elementals","floor":4,"gold_loss":0},{"damage_healed":0,"gold_gain":0,"player_choice":"Stole Relic","damage_taken":0,"relics_obtained":["Orichalcum"],"max_hp_gain":0,"max_hp_loss":0,"event_name":"Addict","floor":20,"gold_loss":0,"cards_obtained":["Shame"]},{"damage_healed":0,"gold_gain":0,"player_choice":"Simplicity","damage_taken":0,"max_hp_gain":0,"max_hp_loss":0,"event_name":"Back to Basics","floor":22,"gold_loss":0,"cards_upgraded":["Strike_R","Strike_R","Strike_R","Strike_R","Defend_R","Defend_R","Defend_R"]},{"damage_healed":0,"gold_gain":0,"player_choice":"","damage_taken":6,"max_hp_gain":0,"max_hp_loss":0,"event_name":"Knowing Skull","floor":28,"potions_obtained":[],"gold_loss":0,"cards_obtained":[]},{"cards_removed":["Iron Wave"],"damage_healed":0,"gold_gain":0,"player_choice":"Removed Attack","damage_taken":0,"max_hp_gain":0,"max_hp_loss":0,"event_name":"Falling","floor":37,"gold_loss":0},{"damage_healed":0,"gold_gain":0,"player_choice":"Embrace Madness","damage_taken":14,"max_hp_gain":0,"max_hp_loss":0,"event_name":"Winding Halls","floor":38,"gold_loss":0,"cards_obtained":["Madness","Madness"]},{"damage_healed":0,"gold_gain":0,"player_choice":"Memory 1","damage_taken":0,"max_hp_gain":0,"max_hp_loss":0,"event_name":"SensoryStone","floor":42,"gold_loss":0}],"is_beta":false,"boss_relics":[{"not_picked":["Black Blood","SacredBark"],"picked":"Cursed Key"},{"not_picked":["Mark of Pain","Pandora\u0027s Box"],"picked":"Busted Crown"}],"items_purged_floors":[30,39],"is_endless":false,"potions_floor_spawned":[1,3,5,14,16,18,21,31,33,35,36,45],"killed_by":"Nemesis","ascension_level":20}}