{"host":"lr515x7bpk6b6t09","time":1612141708,"event":{"mods":["Act Like it!","BaseMod","CapriCore","Downfall","Gensokyo","Marisa£®ÏF”Í°°ƒß¿Ì…≥£©","Minty Spire (QoL Compilation)","Prisma Mod","Quick Restart","Relic Stats","Shop Mod","StSLib","The Cursed","The Jungle","Waifu the Spire","Youmu£®ªÍ∆«—˝√Œ£©","[IsaacMod]“‘»ˆº‚À˛","°æ“≈ŒÔø®≈∆°øREMEMod"],"gold_per_floor":[118,137,27,27,27,62,62,93,117,117,131,147,147,180,180,277,277,307,21,21,36,53,79,79,89,89,6,6,6,6],"floor_reached":29,"language":"ZHS","playtime":1689,"items_purged":["Strike_G","Strike_G"],"score":358,"play_id":"64417214-9995-4dab-890e-6d80a54c3cc0","local_time":"20210201090828","is_ascension_mode":true,"campfire_choices":[{"data":"Catalyst","floor":7,"key":"SMITH"},{"data":"Blur","floor":10,"key":"SMITH"},{"floor":13,"key":"RECALL"},{"data":"Noxious Fumes","floor":15,"key":"SMITH"},{"floor":24,"key":"REST"}],"circlet_count":0,"master_deck":["Strike_G","Strike_G","Strike_G","Defend_G","Defend_G","Defend_G","Defend_G","Defend_G","Survivor","Neutralize","Catalyst+1","Blur+1","REME_GreenPollution","Defend_G","Escape Plan","Noxious Fumes+1","After Image","Bouncing Flask","downfall:Bewildered","Prepared","Deadly Poison","Finesse"],"relics":["Ring of the Snake","HushsDoor","REME_ComplimentaryCards","TheBean","NeowsBlessing","Boot","Pen Nib","Happy Flower","Anchor","BookOfRevelations","MerchantsRug","Peace Pipe","sneckomod:BabySnecko","Sundial"],"acts_visited":["Exordium","TheCity"],"potions_floor_usage":[14],"damage_taken":[{"damage":0,"enemies":"Small Slimes","floor":1,"turns":1},{"damage":0,"enemies":"2 Louse","floor":2,"turns":1},{"damage":0,"enemies":"3 Sentries","floor":6,"turns":1},{"damage":7,"enemies":"Lagavulin","floor":8,"turns":3},{"damage":4,"enemies":"Jaw Worm","floor":11,"turns":3},{"damage":6,"enemies":"Exordium Thugs","floor":12,"turns":4},{"damage":9,"enemies":"3 Sentries","floor":14,"turns":10},{"damage":4,"enemies":"The Guardian","floor":16,"turns":8},{"damage":0,"enemies":"Shell Parasite","floor":18,"turns":5},{"damage":0,"enemies":"3 Byrds","floor":21,"turns":3},{"damage":16,"enemies":"Centurion and Healer","floor":22,"turns":5},{"damage":33,"enemies":"Slavers","floor":23,"turns":4},{"damage":17,"enemies":"Shelled Parasite and Fungi","floor":25,"turns":3},{"damage":8,"enemies":"Snake Plant","floor":29,"turns":3}],"seed_played":"8502266947648000445","potions_obtained":[{"floor":1,"key":"Strength Potion"},{"floor":6,"key":"Poison Potion"},{"floor":11,"key":"DistilledChaos"},{"floor":18,"key":"PowerPotion"},{"floor":21,"key":"Dexterity Potion"},{"floor":23,"key":"Poison Potion"}],"is_trial":false,"path_per_floor":["M","M","$","?","$","E","R","E","T","R","M","M","R","E","R","B",null,"M","$","?","M","M","E","R","M","T","$","?","M"],"character_chosen":"THE_SILENT","items_purchased":["REME_GreenPollution","MerchantsRug","Peace Pipe","Finesse"],"campfire_rested":1,"item_purchase_floors":[3,19,19,27],"current_hp_per_floor":[70,70,70,63,63,63,63,56,56,56,52,46,46,37,37,33,70,70,70,70,70,54,21,42,25,25,25,12,4,4],"gold":6,"neow_bonus":"THREE_ENEMY_KILL","is_daily":false,"chose_seed":false,"campfire_upgraded":3,"win_rate":0.0,"timestamp":1612141708,"path_taken":["M","M","$","?","$","E","R","E","T","R","M","M","R","E","R","BOSS","M","$","?","M","M","E","R","M","T","?","?","M"],"items_purchased_type":["Card","Relic","Relic","Card"],"build_version":"2020-12-22","purchased_purges":2,"victory":false,"max_hp_per_floor":[70,70,70,70,70,70,70,70,70,70,70,70,70,70,70,70,70,70,70,70,70,70,70,70,70,70,70,75,75,75],"relic_stats":{"Peace Pipe":0,"Happy Flower":[16],"counters":[14,54],"Sundial":[0],"Pen Nib":[4],"Boot":[37],"obtain_stats":[{"KeepersGift":0,"MerchantsRug":19,"NeowsBlessing":0,"Happy Flower":9,"BookOfRevelations":17,"Pen Nib":8,"Boot":6,"MawBank":17,"Peace Pipe":19,"D4":23,"sneckomod:BabySnecko":20,"Anchor":14,"TheBean":0,"Sundial":26,"REME_LowDesire":17,"HushsDoor":0,"Ring of the Snake":0,"REME_ComplimentaryCards":0},{"KeepersGift":0,"MerchantsRug":9,"NeowsBlessing":0,"Happy Flower":4,"BookOfRevelations":8,"Pen Nib":4,"Boot":3,"MawBank":8,"Peace Pipe":9,"D4":12,"sneckomod:BabySnecko":9,"Anchor":7,"TheBean":0,"Sundial":13,"REME_LowDesire":8,"HushsDoor":0,"Ring of the Snake":0,"REME_ComplimentaryCards":0},{"KeepersGift":0,"MerchantsRug":36,"NeowsBlessing":0,"Happy Flower":6,"BookOfRevelations":31,"Pen Nib":6,"Boot":3,"MawBank":31,"Peace Pipe":36,"D4":48,"sneckomod:BabySnecko":36,"Anchor":23,"TheBean":0,"Sundial":51,"REME_LowDesire":31,"HushsDoor":0,"Ring of the Snake":0,"REME_ComplimentaryCards":0}],"Ring of the Snake":[28]},"card_choices":[{"not_picked":[],"picked":"ChaosCard","floor":0},{"not_picked":["Dagger Throw","Slice"],"picked":"Catalyst","floor":1},{"not_picked":["Dagger Throw","Concentrate"],"picked":"Blur","floor":2},{"not_picked":["Infinite Blades","Prepared"],"picked":"Escape Plan","floor":6},{"not_picked":["REME_CopyPotion","Sucker Punch","Outmaneuver"],"picked":"SKIP","floor":8},{"not_picked":["Slice","Expertise","Backflip"],"picked":"SKIP","floor":11},{"not_picked":["Bane","Night Terror","Quick Slash"],"picked":"SKIP","floor":12},{"not_picked":["PiercingWail","Tactician"],"picked":"Noxious Fumes","floor":14},{"not_picked":["A Thousand Cuts","Wraith Form v2"],"picked":"After Image","floor":16},{"not_picked":["Skewer","REME_GreenPollution","REME_HeartOfCthun"],"picked":"Bouncing Flask","floor":18},{"not_picked":["Tactician","Quick Slash","Dodge and Roll"],"picked":"SKIP","floor":21},{"not_picked":["Dagger Spray","Cloak And Dagger"],"picked":"Prepared","floor":22},{"not_picked":["Malaise","Finisher","Night Terror"],"picked":"SKIP","floor":23},{"not_picked":["Dagger Spray+1","Dagger Throw"],"picked":"Deadly Poison","floor":25}],"player_experience":197443,"relics_obtained":[{"floor":6,"key":"Boot"},{"floor":8,"key":"Pen Nib"},{"floor":9,"key":"Happy Flower"},{"floor":14,"key":"Anchor"},{"floor":17,"key":"BookOfRevelations"},{"floor":17,"key":"MawBank"},{"floor":23,"key":"D4"},{"floor":26,"key":"Sundial"}],"event_choices":[{"damage_healed":0,"gold_gain":0,"player_choice":"Shed Blood","damage_taken":18,"max_hp_gain":5,"max_hp_loss":0,"event_name":"Forgotten Altar","floor":28,"gold_loss":0}],"is_beta":false,"boss_relics":[{"not_picked":["REME_DemonsWealth","Calling Bell"],"picked":"REME_LowDesire"},{"not_picked":[]}],"items_purged_floors":[3,27],"is_endless":false,"potions_floor_spawned":[1,6,11,18,21,23],"killed_by":"Snake Plant","ascension_level":3}}