{"host":"a3wpq7kyokchzawk","time":1612197143,"event":{"mods":["BaseMod","Colored Map","Highlight Path","Minty Spire (QoL Compilation)","Permanent Neow","Potion Indicator Mod","Relic Stats","Weighted Paths"],"gold_per_floor":[12,12,23,41,58,58,83,83,106,106,106],"floor_reached":10,"language":"ENG","playtime":796,"items_purged":[],"score":133,"play_id":"c7d79133-4064-4cd8-8a5d-393ca90f3df0","local_time":"20210201143223","is_ascension_mode":true,"campfire_choices":[{"data":"Hologram","floor":6.0,"key":"SMITH"},{"data":"Coolheaded","floor":8.0,"key":"SMITH"}],"circlet_count":0,"master_deck":["AscendersBane","Strike_B","Strike_B","Strike_B","Strike_B","Defend_B","Defend_B","Defend_B","Defend_B","Zap","Dualcast","Doom and Gloom","Steam","Hologram+1","BootSequence","Coolheaded+1"],"relics":["Cracked Core","Turnip","NlothsMask","Bronze Scales"],"acts_visited":["Exordium"],"potions_floor_usage":[10],"damage_taken":[{"damage":0.0,"enemies":"Small Slimes","floor":1.0,"turns":3.0},{"damage":1.0,"enemies":"Cultist","floor":3.0,"turns":3.0},{"damage":2.0,"enemies":"Jaw Worm","floor":4.0,"turns":3.0},{"damage":8.0,"enemies":"Lots of Slimes","floor":5.0,"turns":3.0},{"damage":20.0,"enemies":"3 Sentries","floor":7.0,"turns":5.0},{"damage":64,"enemies":"Gremlin Nob","floor":10,"turns":4}],"seed_played":"1348464055316399824","potions_obtained":[{"floor":1.0,"key":"Strength Potion"},{"floor":4.0,"key":"DistilledChaos"}],"is_trial":false,"path_per_floor":["M","?","M","M","M","R","E","R","T","E"],"character_chosen":"DEFECT","items_purchased":[],"campfire_rested":0,"item_purchase_floors":[],"current_hp_per_floor":[64,64,63,61,53,53,33,33,33,0,0],"gold":106,"neow_bonus":"ONE_RARE_RELIC","is_daily":false,"chose_seed":false,"campfire_upgraded":2,"win_rate":0.0,"timestamp":1612197143,"path_taken":["M","?","M","M","?","R","E","R","T","E"],"items_purchased_type":[],"build_version":"2020-12-22","purchased_purges":0,"victory":false,"max_hp_per_floor":[71,71,71,71,71,71,71,71,71,71,71],"relic_stats":{"counters":[6,21],"Bronze Scales":[6],"Turnip":[1],"obtain_stats":[{"Bronze Scales":7,"Turnip":0,"Cracked Core":0,"NlothsMask":2},{"Bronze Scales":5,"Turnip":0,"Cracked Core":0,"NlothsMask":1},{"Bronze Scales":17,"Turnip":0,"Cracked Core":0,"NlothsMask":3}]},"card_choices":[{"not_picked":["Undo","Auto Shields"],"picked":"Doom and Gloom","floor":1.0},{"not_picked":["Doom and Gloom","Go for the Eyes"],"picked":"Steam","floor":3.0},{"not_picked":["Gash","Fusion"],"picked":"Hologram","floor":4.0},{"not_picked":["Steam","Stack"],"picked":"BootSequence","floor":5.0},{"not_picked":["Ball Lightning","Leap"],"picked":"Coolheaded","floor":7.0}],"player_experience":2518139,"relics_obtained":[{"floor":7.0,"key":"Bronze Scales"}],"event_choices":[{"damage_healed":0.0,"max_hp_gain":0.0,"max_hp_loss":0.0,"gold_gain":0.0,"event_name":"FaceTrader","player_choice":"Trade","floor":2.0,"gold_loss":0.0,"damage_taken":0.0,"relics_obtained":["NlothsMask"]}],"is_beta":false,"boss_relics":[],"items_purged_floors":[],"is_endless":false,"potions_floor_spawned":[1,4],"killed_by":"Gremlin Nob","ascension_level":19}}