{"host":"w7o06k3e8uel8euj","time":1612173230,"event":{"mods":["AchievementEnabler","BaseMod","Colored Powertips","Custom Start","DeckTracker","Keyboard Shortcuts","Minty Spire (QoL Compilation)","Quick Restart","Relic Stats","StSLib","SuperFastMode","everything is the same but u backflip on backflip"],"gold_per_floor":[114,128,128,146,71,71,110,110,110,141,141,166,189,229,229,325,325,339,357,372,372,372],"floor_reached":21,"language":"KOR","playtime":330,"items_purged":["Strike_P"],"score":434,"play_id":"4f32288b-7257-4d5a-a895-21aae329701b","local_time":"20210201185350","is_ascension_mode":true,"campfire_choices":[{"data":"Eruption","floor":6.0,"key":"SMITH"},{"floor":8,"key":"REST"},{"floor":15,"key":"REST"}],"circlet_count":0,"master_deck":["AscendersBane","Strike_P","Strike_P","Strike_P","Defend_P","Defend_P","Defend_P","Eruption+1","Vigilance","Conclude","FearNoEvil","EmptyFist","Halt"],"relics":["PureWater","Golden Idol","Shuriken","Bag of Marbles","Odd Mushroom","Orichalcum","Potion Belt","Runic Pyramid"],"acts_visited":["Exordium","TheCity"],"potions_floor_usage":[21,21],"damage_taken":[{"damage":17.0,"enemies":"Small Slimes","floor":1.0,"turns":3.0},{"damage":0.0,"enemies":"2 Louse","floor":2.0,"turns":2.0},{"damage":0.0,"enemies":"Jaw Worm","floor":4.0,"turns":3.0},{"damage":15,"enemies":"3 Sentries","floor":7,"turns":3},{"damage":0,"enemies":"The Mushroom Lair","floor":10,"turns":3},{"damage":6,"enemies":"Red Slaver","floor":12,"turns":3},{"damage":0,"enemies":"Large Slime","floor":13,"turns":3},{"damage":2,"enemies":"Gremlin Nob","floor":14,"turns":3},{"damage":0,"enemies":"Slime Boss","floor":16,"turns":5},{"damage":7,"enemies":"Chosen","floor":18,"turns":3},{"damage":19,"enemies":"Spheric Guardian","floor":19,"turns":4},{"damage":29,"enemies":"Snake Plant","floor":20,"turns":3},{"damage":6,"enemies":"Sentry and Sphere","floor":21,"turns":3}],"seed_played":"4615964907936864524","potions_obtained":[{"floor":2.0,"key":"Ancient Potion"},{"floor":10,"key":"Ambrosia"},{"floor":14,"key":"SpeedPotion"},{"floor":16,"key":"ColorlessPotion"},{"floor":18,"key":"Dexterity Potion"}],"is_trial":false,"path_per_floor":["M","M","?","M","$","R","E","R","T","?","T","M","M","E","R","B",null,"M","M","M","M"],"character_chosen":"WATCHER","items_purchased":[],"campfire_rested":2,"item_purchase_floors":[],"current_hp_per_floor":[44,44,21,21,21,21,6,26,26,26,26,20,20,18,38,38,61,54,35,6,0,0],"gold":372,"neow_bonus":"REMOVE_CARD","is_daily":false,"chose_seed":false,"campfire_upgraded":1,"win_rate":0.0,"timestamp":1612173230,"path_taken":["M","M","?","M","$","R","E","R","T","?","?","?","M","E","R","BOSS","M","M","M","M"],"items_purchased_type":[],"build_version":"2020-12-22","purchased_purges":1,"victory":false,"max_hp_per_floor":[68,68,68,68,68,68,68,68,68,68,68,68,68,68,68,68,68,68,68,68,68,68],"relic_stats":{"counters":[13,41],"Golden Idol":65,"Shuriken":[12],"Orichalcum":[66],"obtain_stats":[{"Potion Belt":14,"Golden Idol":3,"Shuriken":7,"Bag of Marbles":9,"PureWater":0,"Odd Mushroom":10,"Orichalcum":11,"Runic Pyramid":17},{"Potion Belt":8,"Golden Idol":2,"Shuriken":4,"Bag of Marbles":4,"PureWater":0,"Odd Mushroom":5,"Orichalcum":5,"Runic Pyramid":9},{"Potion Belt":23,"Golden Idol":5,"Shuriken":11,"Bag of Marbles":11,"PureWater":0,"Odd Mushroom":14,"Orichalcum":14,"Runic Pyramid":28}]},"card_choices":[{"not_picked":["CutThroughFate","FlurryOfBlows","WindmillStrike"],"picked":"SKIP","floor":1.0},{"not_picked":["Crescendo","EmptyBody"],"picked":"Conclude","floor":2.0},{"not_picked":["CarveReality","BowlingBash","FlurryOfBlows"],"picked":"SKIP","floor":4.0},{"not_picked":["WindmillStrike","Meditate","Crescendo"],"picked":"SKIP","floor":7},{"not_picked":["Establishment","EmptyBody","ClearTheMind"],"picked":"SKIP","floor":12},{"not_picked":["Crescendo","Consecrate","CutThroughFate"],"picked":"SKIP","floor":13},{"not_picked":["ClearTheMind","SashWhip"],"picked":"FearNoEvil","floor":14},{"not_picked":["Consecrate","FlyingSleeves"],"picked":"EmptyFist","floor":18},{"not_picked":["Evaluate","ClearTheMind","SandsOfTime"],"picked":"SKIP","floor":19},{"not_picked":["Vengeance","Protect"],"picked":"Halt","floor":20}],"player_experience":521331,"relics_obtained":[{"floor":7,"key":"Shuriken"},{"floor":9,"key":"Bag of Marbles"},{"floor":10,"key":"Odd Mushroom"},{"floor":11,"key":"Orichalcum"},{"floor":14,"key":"Potion Belt"}],"event_choices":[{"damage_healed":0.0,"max_hp_gain":0.0,"max_hp_loss":0.0,"gold_gain":0.0,"event_name":"Golden Idol","player_choice":"Take Damage","floor":3.0,"gold_loss":0.0,"damage_taken":23.0,"relics_obtained":["Golden Idol"]},{"damage_healed":0,"gold_gain":0,"player_choice":"Fought Mushrooms","damage_taken":0,"max_hp_gain":0,"max_hp_loss":0,"event_name":"Mushrooms","floor":10,"gold_loss":0}],"is_beta":false,"boss_relics":[{"not_picked":["Empty Cage","HolyWater"],"picked":"Runic Pyramid"}],"items_purged_floors":[5],"is_endless":false,"potions_floor_spawned":[2,10,14,16,18,19],"killed_by":"Sentry and Sphere","ascension_level":16}}