{"host":"1a8vswsp13vmqqwt","time":1612211727,"event":{"mods":["AchievementEnabler","BaseMod","Minty Spire (QoL Compilation)","StSLib"],"gold_per_floor":[117,197,207,217,217,217,235,235,261,261,279,279,279],"floor_reached":12,"language":"ENG","playtime":259,"items_purged":[],"score":88,"play_id":"dd43a792-10e8-4fec-b925-e75769f6b392","local_time":"20210201233527","is_ascension_mode":true,"campfire_choices":[{"data":"Feed","floor":6.0,"key":"SMITH"},{"data":"Dark Embrace","floor":8.0,"key":"SMITH"}],"circlet_count":0,"master_deck":["Strike_R","Strike_R","Strike_R","Strike_R","Strike_R","Defend_R","Defend_R","Defend_R","Defend_R","Bash","Feed+1","Dark Embrace+1","True Grit","Cleave","Entrench","Shrug It Off"],"relics":["Burning Blood","Golden Idol","Bag of Marbles"],"acts_visited":["Exordium"],"potions_floor_usage":[12,12],"damage_taken":[{"damage":7.0,"enemies":"2 Louse","floor":1.0,"turns":3.0},{"damage":10.0,"enemies":"Small Slimes","floor":3.0,"turns":3.0},{"damage":9.0,"enemies":"Jaw Worm","floor":4.0,"turns":3.0},{"damage":0.0,"enemies":"Large Slime","floor":7.0,"turns":6.0},{"damage":14.0,"enemies":"3 Louse","floor":11.0,"turns":3.0},{"damage":64,"enemies":"Lagavulin","floor":12,"turns":6}],"seed_played":"5632230465686580703","potions_obtained":[{"floor":3.0,"key":"ColorlessPotion"},{"floor":7.0,"key":"ColorlessPotion"}],"is_trial":false,"path_per_floor":["M","?","M","M","?","R","M","R","T","?","M","E"],"character_chosen":"IRONCLAD","items_purchased":[],"campfire_rested":0,"item_purchase_floors":[],"current_hp_per_floor":[58,58,57,57,57,57,67,67,67,67,63,0,0],"gold":279,"neow_bonus":"THREE_RARE_CARDS","is_daily":false,"chose_seed":false,"campfire_upgraded":2,"win_rate":0.0,"timestamp":1612211727,"path_taken":["M","?","M","M","?","R","M","R","T","?","M","E"],"items_purchased_type":[],"build_version":"2020-12-22","purchased_purges":0,"victory":false,"max_hp_per_floor":[83,83,86,89,82,82,86,86,86,86,90,90,90],"card_choices":[{"not_picked":["Limit Break","Double Tap"],"picked":"Feed","floor":0.0},{"not_picked":["Iron Wave","Thunderclap"],"picked":"Dark Embrace","floor":1.0},{"not_picked":["Flex","Twin Strike"],"picked":"True Grit","floor":3.0},{"not_picked":["Flex","Second Wind"],"picked":"Cleave","floor":4.0},{"not_picked":["Twin Strike","Searing Blow"],"picked":"Entrench","floor":7.0},{"not_picked":["Infernal Blade","True Grit"],"picked":"Shrug It Off","floor":11.0}],"player_experience":194162,"relics_obtained":[{"floor":9.0,"key":"Bag of Marbles"}],"event_choices":[{"damage_healed":0.0,"max_hp_gain":0.0,"max_hp_loss":0.0,"gold_gain":80.0,"event_name":"Golden Wing","player_choice":"Gained Gold","floor":2.0,"gold_loss":0.0,"damage_taken":0.0},{"damage_healed":0.0,"max_hp_gain":0.0,"max_hp_loss":7.0,"gold_gain":0.0,"event_name":"Golden Idol","player_choice":"Lose Max HP","floor":5.0,"gold_loss":0.0,"damage_taken":0.0,"relics_obtained":["Golden Idol"]},{"damage_healed":0.0,"max_hp_gain":0.0,"max_hp_loss":0.0,"gold_gain":0.0,"event_name":"Liars Game","player_choice":"Ignored","floor":10.0,"gold_loss":0.0,"damage_taken":0.0}],"is_beta":false,"boss_relics":[],"items_purged_floors":[],"is_endless":false,"potions_floor_spawned":[3,7],"killed_by":"Lagavulin","ascension_level":5}}