{"host":"y0avvqzsetgmdwfn","time":1612181670,"event":{"mods":["AchievementEnabler","BaseMod","Better Third Choice","Downfall","Minty Spire (QoL Compilation)","Red Circlet Mod","Reliquary","Replay The Spire","Spicy Shops","StSLib"],"gold_per_floor":[99,9,20,33,50,66,141,241,260,274,305,330,230,256,268,369,369,369,389,409,409,409,436,436,536,16,16,49,64,64,64,82,179,179,79,95,107,119,138,164,164,64,82,113,113,132,22,38,48,48,48,82,9,9,9,9],"floor_reached":57,"language":"ENG","playtime":5893,"items_purged":["champ:PreemptiveStrike","Clumsy"],"score":1866,"play_id":"78e8ce4b-7fc1-4701-a8d5-fa0570cef3a0","local_time":"20210201201430","is_ascension_mode":true,"campfire_choices":[{"floor":1.0,"key":"DIG"},{"floor":13.0,"key":"REST"},{"data":"champ:GladiatorForm","floor":18.0,"key":"SMITH"},{"floor":27.0,"key":"REST"},{"floor":30.0,"key":"RECALL"},{"data":"champ:EndlessRage","floor":35.0,"key":"SMITH"},{"data":"champ:IgnorePain","floor":42.0,"key":"SMITH"},{"floor":45.0,"key":"REST"},{"floor":54.0,"key":"REST"}],"circlet_count":0,"master_deck":["champ:Defend","champ:Defend","champ:Execute","champ:Taunt","AbeCurse","champ:StanceDance","champ:AdrenalArmor","champ:HeavySlash","champ:EnragedBash","champ:BerserkersShout","champ:GladiatorStyle+1","champ:AdrenalArmor","champ:HoldFirm","champ:FaceSlap","champ:EnGarde","champ:EndlessRage+1","champ:BringItOn","champ:GladiatorForm+1","champ:DeathBlow+1","champ:ViciousMockery+1","champ:EnchantSword+1","champ:IronFortress","champ:ShieldSigil+1","champ:VampiricStrike","champ:GladiatorStyle","J.A.X.","champ:SkillfulDodge","champ:Haymaker+1","champ:ArenaPreparation+1","champ:LastStand","champ:BladeFlurry+1","champ:IgnorePain+1","champ:RecklessLeap","champ:RisingSlash","champ:Shatter+1","champ:Parry+1","champ:CrookedStrike","champ:IgnorePain","champ:Backstep+1","champ:FocusedBerserking+1","champ:RapidStrikes+1","champ:FalseCounter+1","champ:LastStand","champ:LastStand"],"relics":["Abe\u0027s Treasure","ReplayTheSpireMod:Lightbulb","Frozen Eye","Replay:WaspNest","Potion Belt","Gambling Chip","Odd Mushroom","downfall:HeartBlessingGreen","Centennial Puzzle","Astrolabe","champ:BerserkersGuideToSlaughter","reliquary:TatteredRug","Bottled Tornado","MutagenicStrength","Eternal Feather","OrangePellets","ClockworkSouvenir","Happy Flower","expansioncontent:StudyCardRelic","downfall:HeartBlessingRed","reliquary:QuartzCube","downfall:HeartBlessingBlue","Nunchaku","ReplayTheSpireMod:CursedCoin","reliquary:Buckler","Shuriken","Guardian:PocketSentry"],"acts_visited":["Exordium","TheCity","TheBeyond","TheEnding"],"potions_floor_usage":[],"damage_taken":[{"damage":20.0,"enemies":"downfall:FleeingMerchant","floor":2.0,"turns":4.0},{"damage":10.0,"enemies":"Jaw Worm","floor":3.0,"turns":5.0},{"damage":40.0,"enemies":"Cultist","floor":4.0,"turns":3.0},{"damage":27.0,"enemies":"Small Slimes","floor":5.0,"turns":4.0},{"damage":20.0,"enemies":"2 Fungi Beasts","floor":6.0,"turns":4.0},{"damage":127.0,"enemies":"downfall:LadyInBlue","floor":8.0,"turns":9.0},{"damage":41.0,"enemies":"Large Slime","floor":9.0,"turns":5.0},{"damage":26.0,"enemies":"Blue Slaver","floor":10.0,"turns":4.0},{"damage":25.0,"enemies":"Gremlin Nob","floor":11.0,"turns":3.0},{"damage":35.0,"enemies":"The Mushroom Lair","floor":12.0,"turns":3.0},{"damage":60.0,"enemies":"3 Sentries","floor":14.0,"turns":5.0},{"damage":40.0,"enemies":"Lots of Slimes","floor":15.0,"turns":2.0},{"damage":65.0,"enemies":"SI_SHIV_ARCHETYPE","floor":16.0,"turns":5.0},{"damage":45.0,"enemies":"Chosen","floor":19.0,"turns":4.0},{"damage":65.0,"enemies":"3 Byrds","floor":20.0,"turns":4.0},{"damage":79.0,"enemies":"Gremlin Leader","floor":23.0,"turns":6.0},{"damage":96.0,"enemies":"downfall:Augmenter","floor":25.0,"turns":4.0},{"damage":52.0,"enemies":"downfall:FleeingMerchant","floor":26.0,"turns":4.0},{"damage":60.0,"enemies":"Book of Stabbing","floor":28.0,"turns":5.0},{"damage":64.0,"enemies":"Cultist and Chosen","floor":29.0,"turns":4.0},{"damage":89.0,"enemies":"Centurion and Healer","floor":32.0,"turns":4.0},{"damage":99.0,"enemies":"WA_ARCHETYPE_CALM","floor":33.0,"turns":7.0},{"damage":40.0,"enemies":"3 Shapes","floor":36.0,"turns":4.0},{"damage":40.0,"enemies":"Orb Walker","floor":37.0,"turns":2.0},{"damage":47.0,"enemies":"Writhing Mass","floor":38.0,"turns":3.0},{"damage":9.0,"enemies":"Spire Growth","floor":39.0,"turns":5.0},{"damage":94.0,"enemies":"Nemesis","floor":40.0,"turns":7.0},{"damage":43.0,"enemies":"3 Darklings","floor":43.0,"turns":5.0},{"damage":120.0,"enemies":"Giant Head","floor":44.0,"turns":7.0},{"damage":20.0,"enemies":"Maw","floor":46.0,"turns":4.0},{"damage":3.0,"enemies":"downfall:FleeingMerchant","floor":47.0,"turns":4.0},{"damage":5.0,"enemies":"4 Shapes","floor":48.0,"turns":5.0},{"damage":64.0,"enemies":"Jaw Worm Horde","floor":49.0,"turns":4.0},{"damage":42.0,"enemies":"DF_ARCHETYPE_ORBS","floor":50.0,"turns":6.0},{"damage":109.0,"enemies":"downfall:CharBossMerchant","floor":52.0,"turns":7.0},{"damage":36.0,"enemies":"downfall:NeowBoss","floor":55.0,"turns":13.0},{"damage":136,"enemies":"downfall:NeowBossFinal","floor":56,"turns":8}],"seed_played":"-6908034198525890384","potions_obtained":[{"floor":3.0,"key":"AttackPotion"},{"floor":6.0,"key":"ColorlessPotion"},{"floor":8.0,"key":"Adrenaline Potion"},{"floor":8.0,"key":"Dexterity Potion"},{"floor":8.0,"key":"sneckomod:MuddlingPotion"},{"floor":9.0,"key":"SteroidPotion"},{"floor":11.0,"key":"SpeedPotion"},{"floor":15.0,"key":"Milkshake"},{"floor":16.0,"key":"champ:OpenerPotion"},{"floor":19.0,"key":"AttackPotion"},{"floor":23.0,"key":"Adrenaline Potion"},{"floor":28.0,"key":"Languid Potion"},{"floor":31.0,"key":"Explosive Potion"},{"floor":31.0,"key":"ColorlessPotion"},{"floor":31.0,"key":"sneckomod:MuddlingPotion"},{"floor":33.0,"key":"Energy Potion"},{"floor":39.0,"key":"CultistPotion"},{"floor":43.0,"key":"Energy Potion"},{"floor":46.0,"key":"SteroidPotion"},{"floor":48.0,"key":"GamblersBrew"},{"floor":52.0,"key":"FearPotion"}],"is_trial":false,"path_per_floor":["R","$","M","M","M","M","T","?","M","M","E","?","R","E","M","B",null,"R","M","M","?","?","E","T","?","$","R","E","M","R","?","M","B",null,"R","M","M","M","M","E","T","R","M","E","R","M","$","M","M","B",null,"E","$","R","B","B",null],"character_chosen":"THE_CHAMP","items_purchased":["Frozen Eye","Eternal Feather","OrangePellets","ClockworkSouvenir","ReplayTheSpireMod:CursedCoin","reliquary:Buckler","champ:LastStand","Guardian:PocketSentry"],"campfire_rested":4,"item_purchase_floors":[2,26,26,26,47,47,53,53],"current_hp_per_floor":[90,90,90,90,88,83,83,56,50,49,49,49,76,66,66,66,90,90,90,80,80,80,56,56,45,43,85,65,72,90,90,86,77,90,90,90,90,88,90,90,90,100,100,53,100,95,100,100,96,100,100,56,56,100,100,29],"gold":9,"neow_bonus":"BOSS_RELIC","is_daily":false,"chose_seed":false,"campfire_upgraded":3,"win_rate":0.0,"timestamp":1612181670,"path_taken":["R","$","M","M","M","M","T","?","M","?","E","?","R","E","M","BOSS","R","M","M","?","?","E","T","?","?","R","E","?","R","?","M","BOSS","R","M","?","M","?","E","T","R","M","E","R","M","$","M","M","BOSS","E","$","R","BOSS","BOSS"],"items_purchased_type":["Relic","Relic","Relic","Relic","Relic","Relic","Card","Relic"],"build_version":"2020-12-22","purchased_purges":2,"victory":true,"max_hp_per_floor":[90,90,90,90,90,90,90,90,90,90,90,90,90,90,90,90,90,90,90,90,90,90,90,90,90,90,90,90,90,90,90,90,90,90,90,90,90,90,90,90,90,100,100,100,100,100,100,100,100,100,100,100,100,100,100,100],"card_choices":[{"not_picked":["champ:BladeFlurry","champ:ShieldSigil"],"picked":"champ:StanceDance","floor":2.0},{"not_picked":["champ:GutPunch","champ:BringItOn"],"picked":"champ:AdrenalArmor","floor":3.0},{"not_picked":["champ:CrownThrow","champ:PerfectedStrike"],"picked":"champ:HeavySlash","floor":4.0},{"not_picked":["champ:CrownThrow","champ:TornadoPunch"],"picked":"champ:EnragedBash","floor":5.0},{"not_picked":["champ:TornadoPunch","champ:DefensiveShout"],"picked":"champ:BerserkersShout","floor":6.0},{"not_picked":["champ:CrookedStrike","champ:BerserkersShout"],"picked":"champ:GladiatorStyle","floor":8.0},{"not_picked":["champ:RecklessLeap","champ:BladeFlurry"],"picked":"champ:AdrenalArmor","floor":9.0},{"not_picked":["champ:Backstep","champ:BladeFlurry"],"picked":"champ:HoldFirm","floor":10.0},{"not_picked":["champ:FanOfKnives","champ:SkillfulDodge"],"picked":"champ:FaceSlap","floor":11.0},{"not_picked":["champ:Backstep","champ:PreciseThrust"],"picked":"champ:EnGarde","floor":12.0},{"not_picked":["champ:TornadoPunch","champ:BringItOn"],"picked":"champ:EndlessRage","floor":14.0},{"not_picked":["champ:EndlessRage","champ:TornadoPunch"],"picked":"champ:BringItOn","floor":15.0},{"not_picked":["champ:DancingMaster","champ:ShieldThrow"],"picked":"champ:GladiatorForm","floor":16.0},{"not_picked":["champ:Circumvent","champ:CrookedStrike"],"picked":"champ:IronFortress","floor":19.0},{"not_picked":["champ:FanOfKnives","champ:Shatter"],"picked":"champ:ShieldSigil+1","floor":20.0},{"not_picked":["champ:BringItOn","champ:CheapShot"],"picked":"champ:VampiricStrike","floor":23.0},{"not_picked":[],"picked":"J.A.X.","floor":25.0},{"not_picked":["champ:PreciseThrust","champ:EndlessRage"],"picked":"champ:SkillfulDodge","floor":25.0},{"not_picked":["champ:BerserkersShout","champ:FanOfKnives"],"picked":"champ:Haymaker+1","floor":26.0},{"not_picked":["champ:FanOfKnives","champ:EnGarde+1"],"picked":"champ:ArenaPreparation","floor":28.0},{"not_picked":["champ:BerserkerStyle","champ:BringItOn+1"],"picked":"champ:LastStand","floor":29.0},{"not_picked":["champ:AdrenalArmor","champ:ArenaPreparation"],"picked":"champ:BladeFlurry+1","floor":32.0},{"not_picked":["champ:HoldFirm","champ:Devastate"],"picked":"champ:IgnorePain","floor":33.0},{"not_picked":["champ:FancyFootwork","champ:PreciseThrust"],"picked":"champ:RecklessLeap","floor":36.0},{"not_picked":["champ:GutPunch","champ:AdrenalArmor+1"],"picked":"champ:RisingSlash","floor":37.0},{"not_picked":["champ:SkillfulDodge","champ:RecklessLeap+1","champ:Circumvent"],"picked":"SKIP","floor":38.0},{"not_picked":["champ:FanOfKnives","champ:PreciseThrust+1"],"picked":"champ:Shatter+1","floor":39.0},{"not_picked":["champ:PreciseThrust","champ:BladeFlurry"],"picked":"champ:Parry+1","floor":40.0},{"not_picked":["champ:BringItOn","champ:FlashCut"],"picked":"champ:CrookedStrike","floor":43.0},{"not_picked":["champ:Circumvent+1","champ:Parry+1"],"picked":"champ:IgnorePain","floor":44.0},{"not_picked":["champ:FaceSlap+1","champ:PreciseThrust+1"],"picked":"champ:Backstep+1","floor":46.0},{"not_picked":["champ:Circumvent","champ:EnragedBash"],"picked":"champ:FocusedBerserking+1","floor":47.0},{"not_picked":["champ:ShieldSigil","champ:CrookedStrike"],"picked":"champ:RapidStrikes+1","floor":48.0},{"not_picked":["champ:EnchantCrown","champ:StanceDance"],"picked":"champ:FalseCounter+1","floor":49.0},{"not_picked":["champ:ShieldSigil","champ:BladeFlurry","champ:PreemptiveStrike+1"],"picked":"SKIP","floor":52.0}],"player_experience":2008536,"relics_obtained":[{"floor":1.0,"key":"ReplayTheSpireMod:Lightbulb"},{"floor":7.0,"key":"Replay:WaspNest"},{"floor":8.0,"key":"Potion Belt"},{"floor":11.0,"key":"Gambling Chip"},{"floor":12.0,"key":"Odd Mushroom"},{"floor":14.0,"key":"Centennial Puzzle"},{"floor":23.0,"key":"reliquary:TatteredRug"},{"floor":24.0,"key":"Bottled Tornado"},{"floor":25.0,"key":"MutagenicStrength"},{"floor":28.0,"key":"Happy Flower"},{"floor":40.0,"key":"reliquary:QuartzCube"},{"floor":44.0,"key":"Nunchaku"},{"floor":52.0,"key":"Shuriken"}],"event_choices":[{"damage_healed":0.0,"max_hp_gain":0.0,"max_hp_loss":0.0,"gold_gain":0.0,"event_name":"Mushrooms","player_choice":"Fought Mushrooms","floor":12.0,"gold_loss":0.0,"damage_taken":0.0},{"damage_healed":0.0,"max_hp_gain":0.0,"max_hp_loss":0.0,"gold_gain":0.0,"event_name":"Lab","player_choice":"Got Potions","floor":31.0,"gold_loss":0.0,"damage_taken":0.0}],"is_beta":false,"boss_relics":[{"not_picked":["reliquary:RedCape","Painkiller Herb"],"picked":"Astrolabe"},{"not_picked":["Honey Jar","reliquary:WritOfMandamus"],"picked":"expansioncontent:StudyCardRelic"}],"items_purged_floors":[26,47],"is_endless":false,"potions_floor_spawned":[3,6,9,10,11,15,16,19,23,28,33,39,43,46,48,52],"ascension_level":3}}