{"host":"52m1o8iwwagurbjs","time":1612189919,"event":{"mods":["AchievementEnabler","BaseMod","Bestiary","Colored Powertips","GifTheSpireLib","Minty Spire (QoL Compilation)","Quick Restart","RNG Fix","Relic Stats","StSLib"],"gold_per_floor":[111,111,61,61,73,107,107,127,127,143,168,194,194,223,223,323,323,335,351,351,94,94,123,123,136,215,233,263,263,263,273,273,377,377,396,446,458,59,86,121,121,121,121,132,132,148,148,181,181,181,181,181,35,61,61],"floor_reached":56,"language":"ENG","playtime":3227,"items_purged":["Zap"],"score":1439,"play_id":"638dc52f-a615-4afa-99f0-a67886d6e7e1","local_time":"20210201093159","is_ascension_mode":true,"campfire_choices":[{"data":"Loop","floor":7.0,"key":"SMITH"},{"data":"Sunder","floor":13.0,"key":"SMITH"},{"floor":15.0,"key":"REST"},{"data":"Fission","floor":24.0,"key":"SMITH"},{"data":"Capacitor","floor":30.0,"key":"SMITH"},{"data":"Fission","floor":32,"key":"SMITH"},{"data":"Defragment","floor":41,"key":"SMITH"},{"data":"Seek","floor":45,"key":"SMITH"},{"floor":47,"key":"RECALL"},{"data":"Double Energy","floor":49,"key":"SMITH"},{"data":"Apotheosis","floor":52,"key":"SMITH"}],"circlet_count":0,"master_deck":["Dualcast","Sunder+1","Loop+1","Coolheaded","Turbo","Go for the Eyes","Sweeping Beam","Static Discharge","Hyperbeam","Tempest+1","Core Surge","Fission+1","Fission+1","Stack","Glacier","Tempest+1","Glacier+1","White Noise","Double Energy+1","Capacitor+1","Seek+1","Defragment+1","Apotheosis+1"],"relics":["Cracked Core","Tiny Chest","Ornamental Fan","Bag of Marbles","Pear","Centennial Puzzle","Pandora\u0027s Box","Dead Branch","Singing Bowl","Potion Belt","Bottled Tornado","Runic Pyramid","Thread and Needle","OrangePellets","Mummified Hand","Orichalcum","Darkstone Periapt","TungstenRod","White Beast Statue","War Paint","Lantern"],"acts_visited":["Exordium","TheCity","TheBeyond","TheEnding"],"potions_floor_usage":[31,36,48,50,50],"damage_taken":[{"damage":1.0,"enemies":"2 Louse","floor":1.0,"turns":2.0},{"damage":3.0,"enemies":"Small Slimes","floor":5.0,"turns":2.0},{"damage":31.0,"enemies":"3 Sentries","floor":6.0,"turns":6.0},{"damage":8.0,"enemies":"Jaw Worm","floor":8.0,"turns":3.0},{"damage":4.0,"enemies":"Large Slime","floor":10.0,"turns":4.0},{"damage":14.0,"enemies":"Gremlin Nob","floor":12.0,"turns":3.0},{"damage":0.0,"enemies":"Lagavulin","floor":14.0,"turns":4.0},{"damage":21.0,"enemies":"The Guardian","floor":16.0,"turns":10.0},{"damage":8.0,"enemies":"Shell Parasite","floor":18.0,"turns":6.0},{"damage":6.0,"enemies":"Chosen","floor":19.0,"turns":2.0},{"damage":23.0,"enemies":"Book of Stabbing","floor":23.0,"turns":6.0},{"damage":0.0,"enemies":"Snake Plant","floor":25.0,"turns":6.0},{"damage":0.0,"enemies":"Snecko","floor":27.0,"turns":4.0},{"damage":11.0,"enemies":"Gremlin Leader","floor":28.0,"turns":6.0},{"damage":0,"enemies":"Centurion and Healer","floor":31,"turns":8},{"damage":24,"enemies":"Collector","floor":33,"turns":17},{"damage":0,"enemies":"Orb Walker","floor":35,"turns":4},{"damage":0,"enemies":"Mind Bloom Boss Battle","floor":36,"turns":6},{"damage":0,"enemies":"3 Shapes","floor":37,"turns":4},{"damage":4,"enemies":"Nemesis","floor":40,"turns":9},{"damage":3,"enemies":"3 Darklings","floor":44,"turns":4},{"damage":0,"enemies":"4 Shapes","floor":46,"turns":2},{"damage":0,"enemies":"Reptomancer","floor":48,"turns":5},{"damage":0,"enemies":"Awakened One","floor":50,"turns":15},{"damage":22,"enemies":"Shield and Spear","floor":54,"turns":3},{"damage":52,"enemies":"The Heart","floor":55,"turns":8}],"seed_played":"-2526023559118462929","potions_obtained":[{"floor":0.0,"key":"Dexterity Potion"},{"floor":0.0,"key":"EssenceOfDarkness"},{"floor":0.0,"key":"PowerPotion"},{"floor":10.0,"key":"Swift Potion"},{"floor":12.0,"key":"EntropicBrew"},{"floor":14.0,"key":"AttackPotion"},{"floor":16.0,"key":"PotionOfCapacity"},{"floor":23.0,"key":"Strength Potion"},{"floor":33,"key":"SteroidPotion"},{"floor":40,"key":"Energy Potion"},{"floor":44,"key":"Block Potion"},{"floor":46,"key":"EssenceOfSteel"},{"floor":54,"key":"Dexterity Potion"}],"is_trial":false,"path_per_floor":["M","?","?","?","M","E","R","M","T","M","T","E","R","E","R","B",null,"M","M","?","$","?","E","R","M","T","M","E","T","R","M","R","B",null,"M","?","M","$","T","E","R","?","T","M","R","M","R","E","R","B",null,"R","$","E","B",null],"character_chosen":"DEFECT","items_purchased":["White Noise","Double Energy","Heatsinks","OrangePellets","Mummified Hand","War Paint"],"campfire_rested":1,"item_purchase_floors":[21,21,21,38,38,53],"current_hp_per_floor":[74,67,67,72,69,38,38,30,30,26,26,22,22,22,49,28,90,82,76,90,90,90,67,67,67,67,69,58,58,58,60,60,36,94,96,98,100,100,100,96,96,96,96,95,95,97,97,99,99,99,106,106,106,86,34],"gold":61,"neow_bonus":"THREE_SMALL_POTIONS","is_daily":false,"chose_seed":false,"campfire_upgraded":9,"win_rate":0.0,"timestamp":1612189919,"path_taken":["M","?","?","?","M","E","R","M","T","?","?","E","R","E","R","BOSS","M","M","?","$","?","E","R","?","T","M","E","?","R","?","R","BOSS","M","?","?","$","?","E","R","?","T","M","R","M","R","E","R","BOSS","R","$","E","BOSS"],"items_purchased_type":["Card","Card","Card","Relic","Relic","Relic"],"build_version":"2020-12-22","purchased_purges":1,"victory":true,"max_hp_per_floor":[75,75,75,80,80,80,80,80,80,80,80,90,90,90,90,90,90,90,90,90,90,90,90,90,90,90,92,92,92,92,94,94,94,94,96,98,100,100,100,100,100,100,100,102,102,104,104,106,106,106,106,106,106,108,108],"relic_stats":{"Darkstone Periapt":0,"Singing Bowl":18,"counters":[26,147],"Dead Branch":[149],"Orichalcum":[24],"War Paint":["Tempest","Tempest"],"OrangePellets":[4],"Centennial Puzzle":[28],"Ornamental Fan":[80],"Mummified Hand":[118],"Tiny Chest":3,"Pandora\u0027s Box":["Tempest","Core Surge","Fission","Fission","Stack","Glacier","Tempest"],"obtain_stats":[{"Potion Belt":28,"Darkstone Periapt":40,"Lantern":54,"Pear":12,"Singing Bowl":26,"Dead Branch":23,"Thread and Needle":36,"Bottled Tornado":29,"Orichalcum":39,"War Paint":53,"White Beast Statue":48,"OrangePellets":38,"Centennial Puzzle":14,"Ornamental Fan":6,"Mummified Hand":38,"Tiny Chest":2,"Pandora\u0027s Box":17,"Bag of Marbles":11,"Cracked Core":0,"TungstenRod":43,"Runic Pyramid":34},{"Potion Belt":14,"Darkstone Periapt":20,"Lantern":25,"Pear":6,"Singing Bowl":12,"Dead Branch":11,"Thread and Needle":18,"Bottled Tornado":14,"Orichalcum":19,"War Paint":24,"White Beast Statue":23,"OrangePellets":19,"Centennial Puzzle":7,"Ornamental Fan":3,"Mummified Hand":19,"Tiny Chest":1,"Pandora\u0027s Box":8,"Bag of Marbles":5,"Cracked Core":0,"TungstenRod":20,"Runic Pyramid":16},{"Potion Belt":63,"Darkstone Periapt":111,"Lantern":139,"Pear":19,"Singing Bowl":53,"Dead Branch":47,"Thread and Needle":98,"Bottled Tornado":63,"Orichalcum":102,"War Paint":136,"White Beast Statue":121,"OrangePellets":102,"Centennial Puzzle":23,"Ornamental Fan":9,"Mummified Hand":102,"Tiny Chest":2,"Pandora\u0027s Box":33,"Bag of Marbles":16,"Cracked Core":0,"TungstenRod":111,"Runic Pyramid":88}],"TungstenRod":26},"card_choices":[{"not_picked":["BootSequence","Leap"],"picked":"Sunder","floor":1.0},{"not_picked":["Streamline","Redo"],"picked":"Loop","floor":5.0},{"not_picked":["Thunder Strike","Stack"],"picked":"Coolheaded","floor":6.0},{"not_picked":["Hologram","Conserve Battery"],"picked":"Turbo","floor":8.0},{"not_picked":["Turbo","Rebound"],"picked":"Go for the Eyes","floor":10.0},{"not_picked":["Beam Cell","Force Field"],"picked":"Sweeping Beam","floor":12.0},{"not_picked":["Conserve Battery","Go for the Eyes"],"picked":"Static Discharge","floor":14.0},{"not_picked":["Buffer","Multi-Cast"],"picked":"Hyperbeam","floor":16.0},{"not_picked":["Sweeping Beam+1","Beam Cell","Conserve Battery"],"picked":"SKIP","floor":18.0},{"not_picked":["Hologram","Compile Driver+1"],"picked":"Glacier+1","floor":19.0},{"not_picked":["Scrape","Double Energy+1","Hello World"],"picked":"SKIP","floor":23.0},{"not_picked":["Storm+1","BootSequence+1","Leap+1"],"picked":"SKIP","floor":25.0},{"not_picked":["Beam Cell","Cold Snap","Reboot"],"picked":"Singing Bowl","floor":27.0},{"not_picked":["Self Repair+1","Beam Cell+1"],"picked":"Capacitor","floor":28.0},{"not_picked":["Ball Lightning","Doom and Gloom","Auto Shields"],"picked":"Singing Bowl","floor":31},{"not_picked":["Fission","Multi-Cast"],"picked":"Seek","floor":33},{"not_picked":["Beam Cell","Skim","FTL+1"],"picked":"Singing Bowl","floor":35},{"not_picked":["Leap","Stack+1","Gash"],"picked":"Singing Bowl","floor":36},{"not_picked":["Go for the Eyes","Sunder+1","Compile Driver+1"],"picked":"Singing Bowl","floor":37},{"not_picked":["FTL","White Noise+1"],"picked":"Defragment","floor":40},{"not_picked":["Madness","Good Instincts"],"picked":"Apotheosis","floor":42},{"not_picked":["Leap","Steam+1","Sweeping Beam+1"],"picked":"Singing Bowl","floor":44},{"not_picked":["Rip and Tear","Ball Lightning+1","Redo"],"picked":"Singing Bowl","floor":46},{"not_picked":["Hologram","Fission","Doom and Gloom+1"],"picked":"Singing Bowl","floor":48},{"not_picked":["Rip and Tear","Turbo+1","Melter+1"],"picked":"Singing Bowl","floor":54}],"player_experience":1271462,"relics_obtained":[{"floor":6.0,"key":"Ornamental Fan"},{"floor":11.0,"key":"Bag of Marbles"},{"floor":12.0,"key":"Pear"},{"floor":14.0,"key":"Centennial Puzzle"},{"floor":23.0,"key":"Dead Branch"},{"floor":26.0,"key":"Singing Bowl"},{"floor":28.0,"key":"Potion Belt"},{"floor":29.0,"key":"Bottled Tornado"},{"floor":36,"key":"Thread and Needle"},{"floor":39,"key":"Orichalcum"},{"floor":40,"key":"Darkstone Periapt"},{"floor":43,"key":"TungstenRod"},{"floor":48,"key":"White Beast Statue"},{"floor":54,"key":"Lantern"}],"event_choices":[{"damage_healed":0.0,"max_hp_gain":0.0,"max_hp_loss":0.0,"gold_gain":0.0,"event_name":"Scrap Ooze","player_choice":"Success","floor":2.0,"gold_loss":0.0,"damage_taken":7.0,"relics_obtained":["Tiny Chest"]},{"cards_removed":["Strike_B"],"damage_healed":0.0,"max_hp_gain":0.0,"max_hp_loss":0.0,"gold_gain":0.0,"event_name":"The Cleric","player_choice":"Card Removal","floor":3.0,"gold_loss":50.0,"damage_taken":0.0},{"damage_healed":0.0,"max_hp_gain":5.0,"max_hp_loss":0.0,"gold_gain":0.0,"event_name":"Big Fish","player_choice":"Donut","floor":4.0,"gold_loss":0.0,"damage_taken":0.0},{"damage_healed":14.0,"max_hp_gain":0.0,"max_hp_loss":0.0,"gold_gain":0.0,"event_name":"Wheel of Change","player_choice":"Full Heal","floor":20.0,"gold_loss":0.0,"damage_taken":0.0},{"cards_removed":["Heatsinks"],"damage_healed":0.0,"max_hp_gain":0.0,"max_hp_loss":0.0,"gold_gain":0.0,"event_name":"Back to Basics","player_choice":"Elegance","floor":22.0,"gold_loss":0.0,"damage_taken":0.0},{"damage_healed":0,"gold_gain":0,"player_choice":"Fight","damage_taken":0,"max_hp_gain":0,"max_hp_loss":0,"event_name":"MindBloom","floor":36,"gold_loss":0},{"damage_healed":0,"gold_gain":0,"player_choice":"Memory 1","damage_taken":0,"max_hp_gain":0,"max_hp_loss":0,"event_name":"SensoryStone","floor":42,"gold_loss":0}],"is_beta":false,"boss_relics":[{"not_picked":["SlaversCollar","Tiny House"],"picked":"Pandora\u0027s Box"},{"not_picked":["Philosopher\u0027s Stone","Coffee Dripper"],"picked":"Runic Pyramid"}],"items_purged_floors":[21],"is_endless":false,"potions_floor_spawned":[10,12,14,16,19,23,25,33,40,44,46,54],"ascension_level":1}}