{"host":"d744ndivyohnro60","time":1612157945,"event":{"mods":["BaseMod","Bestiary","Colored Powertips","Minty Spire (QoL Compilation)","Relic Stats"],"gold_per_floor":[113,113,113,74,92,123,146,158,197,226,238,238],"floor_reached":11,"language":"ENG","playtime":611,"items_purged":[],"score":84,"play_id":"b92b67c8-ff99-45c3-b39b-da943e96cb8a","local_time":"20210201003905","is_ascension_mode":true,"campfire_choices":[{"floor":8,"key":"REST"}],"circlet_count":0,"master_deck":["Strike_B","Strike_B","Strike_B","Strike_B","Defend_B","Defend_B","Defend_B","Defend_B","Zap","Dualcast","Gash+1","Scrape","Undo","Beam Cell","Sweeping Beam","Gash"],"relics":["Black Star","Potion Belt","MawBank","Smiling Mask"],"acts_visited":["Exordium"],"potions_floor_usage":[10],"damage_taken":[{"damage":7,"enemies":"Jaw Worm","floor":1,"turns":4},{"damage":0,"enemies":"Small Slimes","floor":5,"turns":3},{"damage":38,"enemies":"Lagavulin","floor":6,"turns":9},{"damage":0,"enemies":"Cultist","floor":7,"turns":3},{"damage":16,"enemies":"Gremlin Gang","floor":10,"turns":3},{"damage":83,"enemies":"Gremlin Nob","floor":11,"turns":5}],"seed_played":"135328946021587923","potions_obtained":[{"floor":1,"key":"FairyPotion"},{"floor":7,"key":"AttackPotion"}],"is_trial":false,"path_per_floor":["M","?","?","$","M","E","M","R","T","M","E"],"character_chosen":"DEFECT","items_purchased":["Scrape"],"campfire_rested":1,"item_purchase_floors":[4],"current_hp_per_floor":[68,73,73,73,73,35,35,59,59,43,0,0],"gold":238,"neow_bonus":"BOSS_RELIC","is_daily":false,"chose_seed":false,"campfire_upgraded":0,"win_rate":0.0,"timestamp":1612157945,"path_taken":["M","?","?","$","M","E","M","R","T","M","E"],"items_purchased_type":["Card"],"build_version":"2020-12-22","purchased_purges":0,"victory":false,"max_hp_per_floor":[75,80,80,80,80,80,80,80,80,80,80,80],"relic_stats":{"counters":[6,27],"Black Star":1,"MawBank":60,"Smiling Mask":0,"obtain_stats":[{"Potion Belt":6,"Black Star":0,"Cracked Core":0,"MawBank":6,"Smiling Mask":9},{"Potion Belt":3,"Black Star":0,"Cracked Core":0,"MawBank":3,"Smiling Mask":4},{"Potion Belt":16,"Black Star":0,"Cracked Core":0,"MawBank":16,"Smiling Mask":19}]},"card_choices":[{"not_picked":["FTL","Hologram"],"picked":"Gash","floor":1},{"not_picked":["Steam","Recycle"],"picked":"Undo","floor":5},{"not_picked":["Coolheaded","Turbo"],"picked":"Beam Cell","floor":6},{"not_picked":["Streamline","Thunder Strike"],"picked":"Sweeping Beam","floor":7},{"not_picked":["Redo","Rebound"],"picked":"Gash","floor":10}],"player_experience":172438,"relics_obtained":[{"floor":6,"key":"Potion Belt"},{"floor":6,"key":"MawBank"},{"floor":9,"key":"Smiling Mask"}],"event_choices":[{"damage_healed":0,"gold_gain":0,"player_choice":"Donut","damage_taken":0,"max_hp_gain":5,"max_hp_loss":0,"event_name":"Big Fish","floor":2,"gold_loss":0},{"damage_healed":0,"gold_gain":0,"player_choice":"Grow","damage_taken":0,"max_hp_gain":0,"max_hp_loss":0,"event_name":"Living Wall","floor":3,"gold_loss":0,"cards_upgraded":["Gash"]}],"is_beta":false,"boss_relics":[],"items_purged_floors":[],"is_endless":false,"potions_floor_spawned":[1,7],"killed_by":"Gremlin Nob","ascension_level":3}}