{"host":"k0kjm4m87pwj4phr","time":1612201242,"event":{"mods":["BaseMod","Colored Map","Colored Powertips","Minty Spire (QoL Compilation)","Permanent Neow","Quick Restart","Relic Stats","StSLib","The Blackbeard","óô»ðÖ¸ÄÏ"],"gold_per_floor":[113,132,132,132,143,178,205,205,205,430,430,468,232,267,267,382,382,414,339,341,241,141,177,197,197,197],"floor_reached":24,"language":"ZHS","playtime":915,"items_purged":["blackbeard:BlackbeardStrike","blackbeard:BlackbeardDefend"],"score":198,"play_id":"12f556a9-18e4-45ec-96bf-549bb4c01ebb","local_time":"20210202014042","is_ascension_mode":false,"campfire_choices":[{"floor":8,"key":"REST"},{"floor":15,"key":"REST"}],"circlet_count":0,"master_deck":["blackbeard:BlackbeardStrike","blackbeard:BlackbeardStrike","blackbeard:BlackbeardStrike","blackbeard:IntimidatingStrike","blackbeard:BlackbeardDefend","blackbeard:BlackbeardDefend","blackbeard:BlackbeardDefend","blackbeard:Cutlass","Writhe","blackbeard:ReapersScythe","blackbeard:SmithingHammer","blackbeard:BuriedTreasure+1","blackbeard:WeaponMastery","blackbeard:Rum","blackbeard:Salvager","CurseOfTheBell","blackbeard:WeaponProficiency","blackbeard:Upgrade+1","blackbeard:VampiricScepter"],"relics":["blackbeard:LoadTheCannons","blackbeard:CannonballsOfSteel","Du-Vu Doll","blackbeard:Penknife","Calling Bell","Akabeko","HornCleat","Prayer Wheel"],"acts_visited":["Exordium","TheCity"],"potions_floor_usage":[16,24,24],"damage_taken":[{"damage":11,"enemies":"Jaw Worm","floor":1,"turns":2},{"damage":0,"enemies":"Small Slimes","floor":2,"turns":3},{"damage":0,"enemies":"2 Louse","floor":5,"turns":2},{"damage":23,"enemies":"3 Sentries","floor":6,"turns":8},{"damage":13,"enemies":"Red Slaver","floor":7,"turns":2},{"damage":0,"enemies":"Exordium Thugs","floor":12,"turns":4},{"damage":12,"enemies":"Large Slime","floor":14,"turns":5},{"damage":37,"enemies":"The Guardian","floor":16,"turns":7},{"damage":6,"enemies":"Chosen","floor":18,"turns":3},{"damage":10,"enemies":"2 Thieves","floor":20,"turns":4},{"damage":12,"enemies":"Snake Plant","floor":23,"turns":5},{"damage":55,"enemies":"Slavers","floor":24,"turns":4}],"seed_played":"321163636733474551","potions_obtained":[{"floor":2,"key":"Regen Potion"},{"floor":6,"key":"LiquidMemories"},{"floor":7,"key":"Weak Potion"},{"floor":14,"key":"blackbeard:OrangeJuicePotion"},{"floor":23,"key":"Block Potion"}],"is_trial":false,"path_per_floor":["M","M","?","$","M","E","M","R","T","?","?","M","$","M","R","B",null,"M","?","M","$","?","M","E"],"character_chosen":"BLACKBEARD_CLASS","items_purchased":["blackbeard:WeaponMastery"],"campfire_rested":2,"item_purchase_floors":[13],"current_hp_per_floor":[64,64,61,61,61,38,25,47,47,47,47,47,47,35,57,35,75,69,69,59,59,59,47,0,0,0],"gold":197,"neow_bonus":"THREE_RARE_CARDS","is_daily":false,"chose_seed":false,"campfire_upgraded":0,"win_rate":0.0,"timestamp":1612201242,"path_taken":["M","M","?","$","M","E","M","R","T","?","?","?","?","M","R","BOSS","M","?","M","$","?","M","E"],"items_purchased_type":["Card"],"build_version":"2020-12-22","purchased_purges":2,"victory":false,"max_hp_per_floor":[75,75,75,75,75,75,75,75,75,75,75,75,75,75,75,75,75,75,75,75,75,75,75,75,75,75],"relic_stats":{"counters":[12,49],"Prayer Wheel":3,"obtain_stats":[{"Du-Vu Doll":6,"Calling Bell":17,"HornCleat":17,"blackbeard:Penknife":10,"blackbeard:LoadTheCannons":0,"blackbeard:CannonballsOfSteel":3,"Prayer Wheel":17,"Akabeko":17},{"Du-Vu Doll":4,"Calling Bell":8,"HornCleat":8,"blackbeard:Penknife":5,"blackbeard:LoadTheCannons":0,"blackbeard:CannonballsOfSteel":2,"Prayer Wheel":8,"Akabeko":8},{"Du-Vu Doll":15,"Calling Bell":33,"HornCleat":33,"blackbeard:Penknife":17,"blackbeard:LoadTheCannons":0,"blackbeard:CannonballsOfSteel":5,"Prayer Wheel":33,"Akabeko":33}]},"card_choices":[{"not_picked":["blackbeard:Halberd","blackbeard:PirateStrength"],"picked":"blackbeard:ReapersScythe","floor":0},{"not_picked":["blackbeard:JollyRoger","blackbeard:Sword"],"picked":"blackbeard:SmithingHammer","floor":1},{"not_picked":["blackbeard:Eyepatch","blackbeard:DangerousBlow","blackbeard:CannonBarrage"],"picked":"SKIP","floor":2},{"not_picked":["blackbeard:Recklessness","blackbeard:Anchor"],"picked":"blackbeard:Fencing","floor":5},{"not_picked":["blackbeard:RearmingStrike","blackbeard:GoldenStrike"],"picked":"blackbeard:BuriedTreasure","floor":6},{"not_picked":["blackbeard:Eyepatch","blackbeard:GoldenCannonball","blackbeard:DoubleCannonball"],"picked":"SKIP","floor":7},{"not_picked":["blackbeard:Fencing","blackbeard:FishingNets","blackbeard:RearmingStrike"],"picked":"SKIP","floor":12},{"not_picked":["blackbeard:GoldenStrike","blackbeard:ChaoticDefense"],"picked":"blackbeard:Rum","floor":14},{"not_picked":["blackbeard:BountyHunter","blackbeard:MegaUpgrade"],"picked":"blackbeard:Salvager","floor":16},{"not_picked":["blackbeard:SmithingHammer+1","blackbeard:DoubleBottom"],"picked":"blackbeard:WeaponProficiency","floor":18},{"not_picked":["blackbeard:WiseDefense+1","blackbeard:Anchor"],"picked":"blackbeard:Upgrade+1","floor":18},{"not_picked":["blackbeard:BrownPants+1","blackbeard:TacticalRetreat","blackbeard:Rum"],"picked":"SKIP","floor":20},{"not_picked":["blackbeard:Upgrade","blackbeard:DeadlyArsenal","blackbeard:VengefulSpirit"],"picked":"SKIP","floor":20},{"not_picked":["blackbeard:PiratesWill","blackbeard:GoldenStrike","blackbeard:WiseDefense"],"picked":"SKIP","floor":23},{"not_picked":["blackbeard:Toast","blackbeard:GoldenStrike+1","blackbeard:Intoxication"],"picked":"SKIP","floor":23}],"player_experience":443076,"relics_obtained":[{"floor":6,"key":"Du-Vu Doll"},{"floor":17,"key":"Akabeko"},{"floor":17,"key":"HornCleat"},{"floor":17,"key":"Prayer Wheel"}],"event_choices":[{"damage_healed":0,"gold_gain":0,"player_choice":"Success","damage_taken":3,"relics_obtained":["blackbeard:CannonballsOfSteel"],"max_hp_gain":0,"max_hp_loss":0,"event_name":"Scrap Ooze","floor":3,"gold_loss":0},{"damage_healed":0,"gold_gain":225,"player_choice":"YARR","damage_taken":0,"relics_obtained":["blackbeard:Penknife"],"max_hp_gain":0,"max_hp_loss":0,"event_name":"blackbeard:Ssssserpent","floor":10,"gold_loss":0},{"damage_healed":0,"gold_gain":0,"player_choice":"Upgraded","damage_taken":0,"max_hp_gain":0,"max_hp_loss":0,"event_name":"Upgrade Shrine","floor":11,"gold_loss":0,"cards_upgraded":["blackbeard:BuriedTreasure"]},{"cards_removed":["blackbeard:Fencing"],"damage_healed":0,"gold_gain":0,"player_choice":"Gave Gold","damage_taken":0,"max_hp_gain":0,"max_hp_loss":0,"event_name":"Beggar","floor":19,"gold_loss":75},{"damage_healed":0,"gold_gain":0,"player_choice":"Bought Vampiric Scepter","damage_taken":0,"max_hp_gain":0,"max_hp_loss":0,"event_name":"blackbeard:Vampires","floor":22,"gold_loss":125,"cards_obtained":["blackbeard:VampiricScepter"]}],"is_beta":false,"boss_relics":[{"not_picked":["Snecko Eye","Sozu"],"picked":"Calling Bell"}],"items_purged_floors":[13,21],"is_endless":false,"potions_floor_spawned":[2,6,7,14,23],"killed_by":"Slavers","ascension_level":0}}