{"host":"z42sc0n2dozsmk72","time":1612154242,"event":{"mods":["AchievementEnabler","BaseMod","Better Third Choice","Colored Map","Curses Come First","Highlight Path","Minty Spire (QoL Compilation)","Permanent Neow","Quick Restart","Relic Stats","Shop Mod","StSLib","egg","slay the spire mod where everything is the same but ironclad has a cowboy hat"],"gold_per_floor":[111,138,156,174,194,194,209,284,330,330,12,12,43,55,55,154,204,221,231,247,21,36,36,70,90,90,109,179,197,197,226,226,326,326,342,352,363,363,380,405,417,417,490,490,490,523,45,64,64,64,64,64,6,37,37],"floor_reached":56,"language":"ENG","playtime":4655,"items_purged":["Strike_B","Strike_B"],"score":1396,"play_id":"41768783-8ceb-4344-b7ff-fe025c743b8e","local_time":"20210201173722","is_ascension_mode":true,"campfire_choices":[{"data":"Zap","floor":6.0,"key":"SMITH"},{"floor":10.0,"key":"REST"},{"data":"Cold Snap","floor":12.0,"key":"SMITH"},{"data":"Dualcast","floor":15.0,"key":"SMITH"},{"data":"Capacitor","floor":23.0,"key":"SMITH"},{"floor":30.0,"key":"REST"},{"data":"Defragment","floor":32.0,"key":"SMITH"},{"data":"Biased Cognition","floor":42,"key":"SMITH"},{"floor":49,"key":"RECALL"},{"data":"Electrodynamics","floor":52,"key":"SMITH"}],"circlet_count":0,"master_deck":["Strike_B+1","Strike_B","Defend_B","Defend_B","Defend_B","Zap+1","Dualcast+1","Cold Snap+1","Conserve Battery+1","Electrodynamics+1","Glacier+1","Undo+1","Recycle+1","Capacitor+1","Coolheaded+1","Genetic Algorithm+1","Hologram+1","Defragment+1","Consume+1","Biased Cognition+1","Skim+1","Master of Strategy+1","Coolheaded+1","Loop+1","Barrage+1"],"relics":["Philosopher\u0027s Stone","PreservedInsect","Bronze Scales","Toxic Egg 2","Potion Belt","Tiny House","Frozen Eye","Art of War","Strawberry","Molten Egg 2","Singing Bowl","Inserter","The Courier","Happy Flower","StoneCalendar","Anchor","Eternal Feather"],"acts_visited":["Exordium","TheCity","TheBeyond","TheEnding"],"potions_floor_usage":[41,46,46,55,55,55,55],"damage_taken":[{"damage":0.0,"enemies":"Cultist","floor":1.0,"turns":3.0},{"damage":3.0,"enemies":"Jaw Worm","floor":3.0,"turns":3.0},{"damage":8.0,"enemies":"Small Slimes","floor":4.0,"turns":4.0},{"damage":23.0,"enemies":"Exordium Wildlife","floor":5.0,"turns":6.0},{"damage":7.0,"enemies":"3 Louse","floor":7.0,"turns":3.0},{"damage":14.0,"enemies":"Gremlin Nob","floor":13.0,"turns":3.0},{"damage":1.0,"enemies":"2 Fungi Beasts","floor":14.0,"turns":3.0},{"damage":24.0,"enemies":"Hexaghost","floor":16.0,"turns":11.0},{"damage":3.0,"enemies":"Chosen","floor":18.0,"turns":4.0},{"damage":11.0,"enemies":"3 Byrds","floor":19.0,"turns":2.0},{"damage":24.0,"enemies":"Snecko","floor":20.0,"turns":7.0},{"damage":7.0,"enemies":"3 Cultists","floor":22.0,"turns":5.0},{"damage":13.0,"enemies":"Gremlin Leader","floor":24.0,"turns":5.0},{"damage":8.0,"enemies":"Chosen and Byrds","floor":25.0,"turns":6.0},{"damage":20.0,"enemies":"Snake Plant","floor":27.0,"turns":6.0},{"damage":0.0,"enemies":"Snecko","floor":29.0,"turns":7.0},{"damage":20.0,"enemies":"Book of Stabbing","floor":31.0,"turns":5.0},{"damage":8.0,"enemies":"Automaton","floor":33.0,"turns":15.0},{"damage":10.0,"enemies":"3 Darklings","floor":35.0,"turns":5.0},{"damage":0.0,"enemies":"3 Shapes","floor":36.0,"turns":3.0},{"damage":19,"enemies":"Jaw Worm Horde","floor":37,"turns":5},{"damage":29,"enemies":"Spire Growth","floor":39,"turns":6},{"damage":0,"enemies":"Nemesis","floor":40,"turns":7},{"damage":4,"enemies":"Transient","floor":41,"turns":5},{"damage":1,"enemies":"Reptomancer","floor":46,"turns":4},{"damage":0,"enemies":"3 Darklings","floor":48,"turns":4},{"damage":10,"enemies":"Donu and Deca","floor":50,"turns":10},{"damage":40,"enemies":"Shield and Spear","floor":54,"turns":6},{"damage":28,"enemies":"The Heart","floor":55,"turns":8}],"seed_played":"-4328254230053971499","potions_obtained":[{"floor":3.0,"key":"Strength Potion"},{"floor":4.0,"key":"SteroidPotion"},{"floor":7.0,"key":"GamblersBrew"},{"floor":14.0,"key":"GamblersBrew"},{"floor":17.0,"key":"CultistPotion"},{"floor":19.0,"key":"Explosive Potion"},{"floor":20.0,"key":"SteroidPotion"},{"floor":22.0,"key":"Regen Potion"},{"floor":29.0,"key":"Ancient Potion"},{"floor":33.0,"key":"GamblersBrew"},{"floor":36.0,"key":"EssenceOfDarkness"},{"floor":37,"key":"Weak Potion"},{"floor":41,"key":"DistilledChaos"},{"floor":46,"key":"PotionOfCapacity"},{"floor":54,"key":"FocusPotion"}],"is_trial":false,"path_per_floor":["M","T","M","M","M","R","M","?","T","R","$","R","E","M","R","B",null,"M","M","M","$","M","R","E","M","T","M","T","M","R","E","R","B",null,"M","M","M","?","M","E","M","R","T","?","?","E","$","M","R","B",null,"R","$","E","B",null],"character_chosen":"DEFECT","items_purchased":["Toxic Egg 2","Recycle+1","Frozen Eye","StoneCalendar","Anchor","Barrage+1","GamblersBrew"],"campfire_rested":2,"item_purchase_floors":[11,21,21,47,47,47,53],"current_hp_per_floor":[75,75,72,64,41,41,34,27,27,49,49,49,35,34,34,10,80,77,66,42,42,35,35,22,14,21,1,1,16,42,22,22,14,87,79,81,62,62,35,37,33,33,33,33,33,32,32,34,34,24,97,97,97,59,31],"gold":37,"neow_bonus":"BOSS_RELIC","is_daily":false,"chose_seed":false,"campfire_upgraded":7,"win_rate":0.0,"timestamp":1612154242,"path_taken":["M","?","M","M","M","R","M","?","T","R","$","R","E","M","R","BOSS","M","M","M","$","M","R","E","M","T","M","?","M","R","E","R","BOSS","M","M","M","?","M","E","?","R","T","?","?","E","$","M","R","BOSS","R","$","E","BOSS"],"items_purchased_type":["Relic","Card","Relic","Relic","Relic","Card","Potion"],"build_version":"2020-12-22","purchased_purges":2,"victory":true,"max_hp_per_floor":[75,75,75,75,75,75,75,75,75,75,75,75,75,75,75,75,80,80,80,80,80,80,80,80,80,87,87,87,87,87,87,87,87,87,89,91,91,91,93,95,95,95,95,95,95,95,95,97,97,97,97,97,97,99,99],"relic_stats":{"Inserter":[31],"Singing Bowl":12,"Happy Flower":[9],"counters":[29,160],"Bronze Scales":[611],"StoneCalendar":[130],"Eternal Feather":0,"PreservedInsect":283,"Art of War":[37],"obtain_stats":[{"Potion Belt":13,"Tiny House":17,"Inserter":34,"Singing Bowl":31,"Happy Flower":46,"StoneCalendar":47,"Eternal Feather":54,"PreservedInsect":2,"The Courier":40,"Frozen Eye":21,"Anchor":47,"Bronze Scales":9,"Strawberry":26,"Philosopher\u0027s Stone":0,"Molten Egg 2":28,"Art of War":24,"Toxic Egg 2":11,"Cracked Core":0},{"Potion Belt":6,"Tiny House":8,"Inserter":18,"Singing Bowl":17,"Happy Flower":25,"StoneCalendar":25,"Eternal Feather":28,"PreservedInsect":1,"The Courier":23,"Frozen Eye":11,"Anchor":25,"Bronze Scales":5,"Strawberry":14,"Philosopher\u0027s Stone":0,"Molten Egg 2":15,"Art of War":13,"Toxic Egg 2":5,"Cracked Core":0},{"Potion Belt":22,"Tiny House":36,"Inserter":98,"Singing Bowl":83,"Happy Flower":133,"StoneCalendar":133,"Eternal Feather":152,"PreservedInsect":3,"The Courier":124,"Frozen Eye":49,"Anchor":133,"Bronze Scales":19,"Strawberry":65,"Philosopher\u0027s Stone":0,"Molten Egg 2":71,"Art of War":59,"Toxic Egg 2":19,"Cracked Core":0}]},"card_choices":[{"not_picked":["Steam","Streamline","Turbo"],"picked":"SKIP","floor":1.0},{"not_picked":["Sweeping Beam","Hello World","Stack"],"picked":"SKIP","floor":3.0},{"not_picked":["Rip and Tear","Streamline","Hyperbeam"],"picked":"SKIP","floor":4.0},{"not_picked":["Steam","Steam Power","Turbo"],"picked":"SKIP","floor":5.0},{"not_picked":["Ball Lightning","FTL"],"picked":"Cold Snap","floor":7.0},{"not_picked":["Cold Snap","Doom and Gloom","Turbo+1"],"picked":"SKIP","floor":13.0},{"not_picked":["Cold Snap","Turbo+1"],"picked":"Conserve Battery+1","floor":14.0},{"not_picked":["Rainbow+1","Fission+1"],"picked":"Electrodynamics","floor":16.0},{"not_picked":["Gash","Leap+1"],"picked":"Glacier+1","floor":17.0},{"not_picked":["Doom and Gloom","Turbo+1","Streamline+1"],"picked":"SKIP","floor":18.0},{"not_picked":["Stack+1","Go for the Eyes+1","Static Discharge"],"picked":"SKIP","floor":19.0},{"not_picked":["Reboot+1","Ball Lightning"],"picked":"Undo+1","floor":20.0},{"not_picked":["Doom and Gloom","Beam Cell"],"picked":"Capacitor","floor":22.0},{"not_picked":["Hologram+1","Reboot+1"],"picked":"Coolheaded+1","floor":24.0},{"not_picked":["Barrage","Loop"],"picked":"Genetic Algorithm+1","floor":25.0},{"not_picked":["Leap+1","Rip and Tear"],"picked":"Hologram+1","floor":27.0},{"not_picked":["Stack+1","Leap+1"],"picked":"Defragment","floor":29.0},{"not_picked":["Reinforced Body+1","Sunder+1"],"picked":"Consume+1","floor":31.0},{"not_picked":["Buffer","Hyperbeam+1"],"picked":"Biased Cognition","floor":33.0},{"not_picked":["Storm+1","Gash+1","Tempest+1"],"picked":"Singing Bowl","floor":35.0},{"not_picked":["Tempest+1","Redo+1","Compile Driver+1"],"picked":"Singing Bowl","floor":36.0},{"not_picked":["Redo+1","Go for the Eyes+1"],"picked":"Skim+1","floor":37},{"not_picked":["Metamorphosis+1","Discovery+1"],"picked":"Master of Strategy+1","floor":38},{"not_picked":["Leap+1","FTL+1","Turbo+1"],"picked":"Singing Bowl","floor":39},{"not_picked":["Sweeping Beam+1","Beam Cell+1","Rebound+1"],"picked":"Singing Bowl","floor":40},{"not_picked":["Rip and Tear+1","Storm"],"picked":"Coolheaded+1","floor":41},{"not_picked":["Storm","Meteor Strike+1"],"picked":"Loop+1","floor":46},{"not_picked":["Beam Cell+1","Conserve Battery+1","Stack+1"],"picked":"Singing Bowl","floor":48},{"not_picked":["Barrage+1","Chill+1","Ball Lightning+1"],"picked":"Singing Bowl","floor":54}],"player_experience":893446,"relics_obtained":[{"floor":2.0,"key":"PreservedInsect"},{"floor":9.0,"key":"Bronze Scales"},{"floor":13.0,"key":"Potion Belt"},{"floor":24.0,"key":"Art of War"},{"floor":26.0,"key":"Strawberry"},{"floor":28.0,"key":"Molten Egg 2"},{"floor":31.0,"key":"Singing Bowl"},{"floor":40,"key":"The Courier"},{"floor":46,"key":"Happy Flower"},{"floor":54,"key":"Eternal Feather"}],"event_choices":[{"damage_healed":0.0,"max_hp_gain":0.0,"max_hp_loss":0.0,"gold_gain":75.0,"event_name":"FaceTrader","player_choice":"Touch","floor":8.0,"gold_loss":0.0,"damage_taken":7.0},{"damage_healed":0,"gold_gain":0,"player_choice":"Random: Blue","damage_taken":0,"max_hp_gain":0,"max_hp_loss":0,"event_name":"betterThird:BetterPortal","floor":38,"gold_loss":0},{"damage_healed":0,"gold_gain":0,"player_choice":"Memory 1","damage_taken":0,"max_hp_gain":0,"max_hp_loss":0,"event_name":"SensoryStone","floor":38,"gold_loss":0},{"damage_healed":0,"gold_gain":0,"player_choice":"Ignored","damage_taken":0,"max_hp_gain":0,"max_hp_loss":0,"event_name":"The Moai Head","floor":44,"gold_loss":0},{"cards_removed":["Defend_B"],"damage_healed":0,"gold_gain":0,"player_choice":"Removed Skill","damage_taken":0,"max_hp_gain":0,"max_hp_loss":0,"event_name":"Falling","floor":45,"gold_loss":0}],"is_beta":false,"boss_relics":[{"not_picked":["Busted Crown","Snecko Eye"],"picked":"Tiny House"},{"not_picked":["Fusion Hammer","Empty Cage"],"picked":"Inserter"}],"items_purged_floors":[11,47],"is_endless":false,"potions_floor_spawned":[3,4,7,14,19,20,22,29,33,36,37,41,46,54],"ascension_level":3}}