{"host":"2brg86hfzr3u5cix","time":1612172839,"event":{"mods":["AchievementEnabler","Ascension Unlocker","BaseMod","CapriCore","DeckTracker","Highlight Path","Keyboard Shortcuts","Minty Spire (QoL Compilation)","Permanent Neow","Relic Stats","StSLib","Twitch Utils","Uncapped","UnlockEverythingMod"],"gold_per_floor":[13,31,46,46,46,46,66,96,96,96,96,114,134,144,144,144,144],"floor_reached":16,"language":"KOR","playtime":467,"items_purged":[],"score":208,"play_id":"5c9db615-5de2-4e77-8355-b7d94fa5f6cc","local_time":"20210201184719","is_ascension_mode":true,"campfire_choices":[{"floor":6.0,"key":"REST"},{"data":"Whirlwind","floor":10.0,"key":"SMITH"},{"data":"Armaments","floor":15,"key":"SMITH"}],"circlet_count":0,"master_deck":["AscendersBane","Strike_R","Strike_R","Strike_R","Strike_R","Strike_R","Defend_R","Defend_R","Defend_R","Defend_R","Bash","Secret Weapon","Whirlwind+1","Pommel Strike","Pummel","Perfected Strike","Armaments+1","Twin Strike","Metallicize"],"relics":["Burning Blood","Pen Nib","Letter Opener","Singing Bowl"],"acts_visited":["Exordium"],"potions_floor_usage":[],"damage_taken":[{"damage":16.0,"enemies":"Jaw Worm","floor":1.0,"turns":4.0},{"damage":0.0,"enemies":"2 Louse","floor":2.0,"turns":1.0},{"damage":8.0,"enemies":"Small Slimes","floor":3.0,"turns":3.0},{"damage":14.0,"enemies":"Exordium Wildlife","floor":7.0,"turns":3.0},{"damage":30.0,"enemies":"3 Sentries","floor":8.0,"turns":6.0},{"damage":0.0,"enemies":"Lots of Slimes","floor":12.0,"turns":1.0},{"damage":8,"enemies":"Looter","floor":13,"turns":5},{"damage":1,"enemies":"Exordium Wildlife","floor":14,"turns":2},{"damage":56,"enemies":"Slime Boss","floor":16,"turns":10}],"seed_played":"676529001442317073","potions_obtained":[{"floor":1.0,"key":"Energy Potion"},{"floor":7.0,"key":"BloodPotion"}],"is_trial":false,"path_per_floor":["M","M","M","?","?","R","M","E","T","R","?","M","M","M","R","B"],"character_chosen":"IRONCLAD","items_purchased":[],"campfire_rested":1,"item_purchase_floors":[],"current_hp_per_floor":[58,64,62,67,32,56,64,40,40,40,40,46,44,49,49,0,0],"gold":144,"neow_bonus":"RANDOM_COLORLESS_2","is_daily":false,"chose_seed":false,"campfire_upgraded":2,"win_rate":0.0,"timestamp":1612172839,"path_taken":["M","M","M","?","?","R","M","E","T","R","?","?","M","?","R","BOSS"],"items_purchased_type":[],"build_version":"2020-12-22","purchased_purges":0,"victory":false,"max_hp_per_floor":[75,75,75,80,80,80,80,80,80,80,80,80,80,80,80,80,80],"relic_stats":{"Singing Bowl":0,"counters":[9,35],"Pen Nib":[3],"Letter Opener":[0],"obtain_stats":[{"Singing Bowl":9,"Pen Nib":5,"Letter Opener":8,"Burning Blood":0},{"Singing Bowl":5,"Pen Nib":3,"Letter Opener":5,"Burning Blood":0},{"Singing Bowl":17,"Pen Nib":8,"Letter Opener":17,"Burning Blood":0}],"Burning Blood":48},"card_choices":[{"not_picked":["Magnetism","Thinking Ahead"],"picked":"Secret Weapon","floor":0.0},{"not_picked":["Warcry","Dual Wield"],"picked":"Whirlwind","floor":1.0},{"not_picked":["Sentinel","Uppercut"],"picked":"Pommel Strike","floor":2.0},{"not_picked":["Perfected Strike","Clothesline"],"picked":"Pummel","floor":3.0},{"not_picked":["Entrench","Havoc"],"picked":"Perfected Strike","floor":7.0},{"not_picked":["Pommel Strike","Bludgeon","Hemokinesis"],"picked":"SKIP","floor":8.0},{"not_picked":["Twin Strike","Whirlwind"],"picked":"Armaments","floor":12.0},{"not_picked":["Cleave","Sever Soul"],"picked":"Twin Strike","floor":13},{"not_picked":["Body Slam","Cleave"],"picked":"Metallicize","floor":14}],"player_experience":349618,"relics_obtained":[{"floor":8.0,"key":"Letter Opener"},{"floor":9.0,"key":"Singing Bowl"}],"event_choices":[{"damage_healed":0.0,"max_hp_gain":5.0,"max_hp_loss":0.0,"gold_gain":0.0,"event_name":"Big Fish","player_choice":"Donut","floor":4.0,"gold_loss":0.0,"damage_taken":0.0},{"damage_healed":0.0,"max_hp_gain":0.0,"max_hp_loss":0.0,"gold_gain":0.0,"event_name":"Scrap Ooze","player_choice":"Success","floor":5.0,"gold_loss":0.0,"damage_taken":35.0,"relics_obtained":["Pen Nib"]},{"damage_healed":0.0,"max_hp_gain":0.0,"max_hp_loss":0.0,"gold_gain":0.0,"event_name":"Liars Game","player_choice":"Ignored","floor":11.0,"gold_loss":0.0,"damage_taken":0.0}],"is_beta":false,"boss_relics":[],"items_purged_floors":[],"is_endless":false,"potions_floor_spawned":[1,7],"killed_by":"Slime Boss","ascension_level":20}}