{"host":"ijtyqc57s6c9mbij","time":1612161589,"event":{"mods":["BaseMod","Colored Map","Downfall","Minty Spire (QoL Compilation)","StSLib"],"gold_per_floor":[99,116,127,140,240,240,287,329,375,187,227,239,264,287,315,429,441,453,478,294,294,310,310,333,233,254,404,422,441,488,518,531,626,626,626,638,654,754,754,127,152,427,333,347,363,382,382,402,419,419,419,445,11,11,11,11],"floor_reached":57,"language":"ENG","playtime":4879,"items_purged":["Regret"],"score":1409,"play_id":"776ff779-aff9-47f6-b502-e4b357a5169d","local_time":"20210131223949","is_ascension_mode":true,"campfire_choices":[{"floor":1,"key":"RECALL"},{"data":"hexamod:Sear","floor":10,"key":"SMITH"},{"floor":12,"key":"REST"},{"data":"hexamod:Float","floor":18,"key":"SMITH"},{"data":"hexamod:Rewind","floor":23,"key":"SMITH"},{"data":"hexamod:FlamesFromBeyond","floor":25,"key":"SMITH"},{"floor":35,"key":"REST"},{"floor":47,"key":"REST"},{"floor":54,"key":"REST"}],"circlet_count":0,"master_deck":["hexamod:Sear+1","hexamod:Float+1","hexamod:EmpoweredFlame+1","hexamod:FlamesFromBeyond+1","downfall:Malfunctioning","hexamod:SkipABeat+1","hexamod:Rewind+1","hexamod:HeatMetal+1","hexamod:PhantomFireball","hexamod:EtherealExpedition+1","hexamod:BacktrackSmack+1","hexamod:SpectralSpark","hexamod:CatchUp+1","hexamod:GhostShield+1","hexamod:BurningTouch","hexamod:AdvancingGuard","hexamod:HeatCrush","hexamod:CouncilsJustice","hexamod:CouncilsJustice","hexamod:CouncilsJustice","Ghostly","Ghostly","Ghostly+1","hexamod:SpectersWail+1","hexamod:SpectersWail","hexamod:SpectralAdrenaline+1","hexamod:SkipABeat+1","hexamod:NightmareStrike","hexamod:SixthSeal","hexamod:RetreatToShadows+1","hexamod:BacktrackSmack+1","hexamod:SpectralAdrenaline+1","hexamod:Incineration+1","hexamod:NightmareGuise","hexamod:Again","hexamod:RetreatToShadows+1","hexamod:WildfireWeapon+1","hexamod:Incineration","hexamod:FlamesFromBeyond+1","hexamod:FlamesFromBeyond+1","hexamod:HeatMetal+1","downfall:Haunted","downfall:Haunted","Injury","hexamod:Toasty","downfall:Aged","Writhe","expansioncontent:LastStand+1","expansioncontent:PrepareCrush","expansioncontent:PrepareCrush","hexamod:GhostflameBarrier+1","hexamod:UnlimitedPower","hexamod:HeatCrush","Panache","hexamod:EmpoweredFlame+1","expansioncontent:StudyTheSpire+1","hexamod:TimeWarp","hexamod:PhantomCloak+1","hexamod:RetreatToShadows+1","hexamod:NightmareGuise","hexamod:FlamesFromBeyond+1","hexamod:HeatShield+1","hexamod:RecurringNightmare+1","hexamod:ShieldOfDarkness","hexamod:NightmareStrike+1","hexamod:HeatCrush","hexamod:PowerFromBeyond","expansioncontent:QuickStudy","hexamod:TurnItUp","hexamod:Incineration"],"relics":["Sozu","Prayer Wheel","Unceasing Top","downfall:HeartBlessingRed","downfall:HeartBlessingGreen","Strawberry","Snecko Eye","hexamod:JarOfFuel","downfall:HeartBlessingBlue","hexamod:TheBrokenSeal","War Paint","champ:DeflectingBracers","Fusion Hammer","Du-Vu Doll","Membership Card","Darkstone Periapt","Incense Burner","Bag of Preparation","Anchor","Thread and Needle","Slimebound:StickyStick","hexamod:RecyclingMachine","hexamod:MatchstickCase","Happy Flower"],"acts_visited":["Exordium","TheCity","TheBeyond","TheEnding"],"potions_floor_usage":[],"damage_taken":[{"damage":0,"enemies":"2 Louse","floor":2,"turns":2},{"damage":3,"enemies":"Jaw Worm","floor":3,"turns":3},{"damage":0,"enemies":"Small Slimes","floor":4,"turns":3},{"damage":11,"enemies":"Lagavulin","floor":9,"turns":5},{"damage":28,"enemies":"Gremlin Nob","floor":11,"turns":4},{"damage":0,"enemies":"Red Slaver","floor":13,"turns":3},{"damage":8,"enemies":"Exordium Thugs","floor":14,"turns":3},{"damage":0,"enemies":"3 Louse","floor":15,"turns":3},{"damage":53,"enemies":"WA_ARCHETYPE_RETAIN","floor":16,"turns":7},{"damage":38,"enemies":"3 Byrds","floor":19,"turns":5},{"damage":10,"enemies":"downfall:FleeingMerchant","floor":20,"turns":4},{"damage":2,"enemies":"Chosen","floor":22,"turns":4},{"damage":0,"enemies":"3 Cultists","floor":26,"turns":4},{"damage":42,"enemies":"Snake Plant","floor":28,"turns":5},{"damage":12,"enemies":"Centurion and Healer","floor":29,"turns":3},{"damage":12,"enemies":"Book of Stabbing","floor":31,"turns":2},{"damage":8,"enemies":"3 Cultists","floor":32,"turns":4},{"damage":23,"enemies":"SI_MIRROR_ARCHETYPE","floor":33,"turns":7},{"damage":7,"enemies":"Orb Walker","floor":36,"turns":2},{"damage":5,"enemies":"3 Darklings","floor":37,"turns":3},{"damage":0,"enemies":"downfall:FleeingMerchant","floor":40,"turns":4},{"damage":1,"enemies":"downfall:FleeingMerchant","floor":43,"turns":2},{"damage":6,"enemies":"Sphere and 2 Shapes","floor":44,"turns":3},{"damage":3,"enemies":"Transient","floor":45,"turns":5},{"damage":0,"enemies":"Spire Growth","floor":46,"turns":3},{"damage":0,"enemies":"Sphere and 2 Shapes","floor":48,"turns":4},{"damage":0,"enemies":"Jaw Worm Horde","floor":49,"turns":3},{"damage":55,"enemies":"IC_BLOCK_ARCHETYPE","floor":50,"turns":7},{"damage":4,"enemies":"downfall:CharBossMerchant","floor":52,"turns":5},{"damage":35,"enemies":"downfall:NeowBoss","floor":55,"turns":10},{"damage":13,"enemies":"downfall:NeowBossFinal","floor":56,"turns":8}],"seed_played":"-4338325732025372498","potions_obtained":[],"is_trial":false,"path_per_floor":["R","M","M","M","?","?","T","?","E","R","E","R","M","M","M","B",null,"R","M","$","?","M","R","T","R","M","?","M","M","T","E","M","B",null,"R","M","M","?","?","?","T","?","$","M","M","M","R","M","M","B",null,"E","$","R","B","B",null],"character_chosen":"THE_SPIRIT","items_purchased":["hexamod:JarOfFuel","hexamod:HeatCrush","Membership Card","Darkstone Periapt","Incense Burner","hexamod:UnlimitedPower","hexamod:HeatCrush","Panache","Anchor","Thread and Needle","expansioncontent:StudyTheSpire","hexamod:TimeWarp","hexamod:RecyclingMachine","hexamod:MatchstickCase","Happy Flower","expansioncontent:QuickStudy","hexamod:TurnItUp","hexamod:Incineration"],"campfire_rested":4,"item_purchase_floors":[20,20,40,40,40,40,40,40,43,43,43,43,53,53,53,53,53,53],"current_hp_per_floor":[70,70,67,67,67,67,67,67,63,63,49,72,77,76,77,24,77,77,46,43,38,38,38,38,48,48,48,58,46,46,34,26,3,58,58,51,46,51,41,41,41,47,46,40,37,37,57,57,57,2,69,65,65,69,34,21],"gold":11,"neow_bonus":"BOSS_RELIC","is_daily":false,"chose_seed":false,"campfire_upgraded":4,"win_rate":0.0,"timestamp":1612161589,"path_taken":["R","M","M","M","?","?","T","?","E","R","E","R","M","M","M","BOSS","R","M","$","?","M","R","T","R","M","?","M","?","?","E","M","BOSS","R","M","M","?","?","?","T","?","$","M","M","M","R","?","M","BOSS","E","$","R","BOSS","BOSS"],"items_purchased_type":["Relic","Card","Relic","Relic","Relic","Card","Card","Card","Relic","Relic","Card","Card","Relic","Relic","Relic","Card","Card","Card"],"build_version":"2020-12-22","purchased_purges":1,"victory":true,"max_hp_per_floor":[70,70,70,70,70,70,70,70,70,70,77,77,77,77,77,77,77,77,77,77,38,38,38,38,48,48,48,58,58,58,58,58,58,58,58,58,58,63,63,63,63,69,69,69,69,69,69,69,69,69,69,69,69,69,69,69],"card_choices":[{"not_picked":["hexamod:NightmareGuise","hexamod:SoulSteal"],"picked":"hexamod:EmpoweredFlame","floor":2},{"not_picked":["hexamod:RecurringNightmare","hexamod:NecessarySacrifice"],"picked":"hexamod:FirstSeal","floor":3},{"not_picked":["hexamod:Haunt","hexamod:GhostLash"],"picked":"hexamod:FlamesFromBeyond","floor":4},{"not_picked":["hexamod:HauntingEcho","hexamod:PhantomCloak"],"picked":"hexamod:SkipABeat","floor":9},{"not_picked":["hexamod:HauntingEcho","hexamod:BurningTouch"],"picked":"hexamod:Rewind","floor":11},{"not_picked":["hexamod:Firestarter","hexamod:FourthSeal"],"picked":"hexamod:HeatMetal","floor":13},{"not_picked":["hexamod:HeatMetal","hexamod:Haunt"],"picked":"hexamod:PhantomFireball","floor":13},{"not_picked":["hexamod:Firestarter","hexamod:FastForward"],"picked":"hexamod:EtherealExpedition","floor":14},{"not_picked":["hexamod:HauntingEcho","hexamod:GhostShield"],"picked":"hexamod:BacktrackSmack","floor":14},{"not_picked":["hexamod:SwordOfDarkness","hexamod:GhostLash"],"picked":"hexamod:SpectralSpark","floor":15},{"not_picked":["hexamod:DynamicBlow","hexamod:GhostOfSpirePresent"],"picked":"hexamod:CatchUp","floor":15},{"not_picked":["hexamod:VolcanoVisage","hexamod:Toasty"],"picked":"hexamod:FifthSeal","floor":16},{"not_picked":["hexamod:ThirdSeal","hexamod:SecondSeal"],"picked":"hexamod:SixthSeal","floor":19},{"not_picked":["hexamod:ThermalTransfer","hexamod:GhostLash+1"],"picked":"hexamod:GhostShield+1","floor":19},{"not_picked":["hexamod:SuperheatedStrike","hexamod:FlamesFromBeyond"],"picked":"hexamod:BurningTouch","floor":19},{"not_picked":["hexamod:DynamicBlow","hexamod:TurnItUp"],"picked":"hexamod:AdvancingGuard","floor":20},{"not_picked":["hexamod:FirstSeal","hexamod:SixthSeal"],"picked":"hexamod:SecondSeal","floor":20},{"not_picked":["hexamod:SixthSeal","hexamod:FirstSeal"],"picked":"hexamod:ThirdSeal","floor":22},{"not_picked":["hexamod:FastForward","hexamod:FlamesFromBeyond+1"],"picked":"hexamod:SpectersWail","floor":22},{"not_picked":["hexamod:ExtraCrispy","hexamod:GhostShield"],"picked":"hexamod:SpectersWail","floor":22},{"not_picked":["hexamod:ThirdSeal","hexamod:FirstSeal"],"picked":"hexamod:FourthSeal","floor":26},{"not_picked":["hexamod:Hexaguard","hexamod:Toasty"],"picked":"hexamod:SpectralAdrenaline+1","floor":26},{"not_picked":["hexamod:HauntingEcho","hexamod:ThirdSeal"],"picked":"hexamod:SkipABeat+1","floor":26},{"not_picked":["hexamod:EmpoweredFlame","hexamod:GhostOfSpireFuture"],"picked":"hexamod:NightmareStrike","floor":26},{"not_picked":["hexamod:SecondSeal","hexamod:FirstSeal"],"picked":"hexamod:SixthSeal","floor":28},{"not_picked":["hexamod:Hexaguard","hexamod:ShieldOfDarkness"],"picked":"hexamod:RetreatToShadows","floor":28},{"not_picked":["hexamod:InspiringFlames","hexamod:GhostShield"],"picked":"hexamod:BacktrackSmack+1","floor":28},{"not_picked":["hexamod:SwordOfDarkness","hexamod:SuperheatedStrike"],"picked":"hexamod:SpectralAdrenaline","floor":29},{"not_picked":["hexamod:FlamesFromBeyond","hexamod:BurningTouch+1"],"picked":"hexamod:Incineration+1","floor":29},{"not_picked":["hexamod:RetreatToShadows","hexamod:FourthSeal"],"picked":"hexamod:NightmareGuise","floor":31},{"not_picked":["hexamod:HeatMetal+1","hexamod:InspiringFlames"],"picked":"hexamod:Again","floor":32},{"not_picked":["hexamod:StepThrough","hexamod:Again"],"picked":"hexamod:RetreatToShadows","floor":32},{"not_picked":["hexamod:SearingWound","hexamod:ParanormalForm"],"picked":"hexamod:WildfireWeapon","floor":33},{"not_picked":["hexamod:Hexaguard","hexamod:AdvancingGuard+1"],"picked":"hexamod:Incineration","floor":36},{"not_picked":["hexamod:Hexaguard","hexamod:CatchUp+1"],"picked":"hexamod:FlamesFromBeyond+1","floor":36},{"not_picked":["hexamod:FastForward","hexamod:BurningTouch"],"picked":"hexamod:FlamesFromBeyond+1","floor":37},{"not_picked":["hexamod:DynamicBlow+1","hexamod:BacktrackSmack"],"picked":"hexamod:HeatMetal+1","floor":37},{"not_picked":["expansioncontent:Chronoboost","expansioncontent:GuardianWhirl"],"picked":"expansioncontent:LastStand","floor":39},{"not_picked":["expansioncontent:Chronoboost","expansioncontent:YouAreMine"],"picked":"expansioncontent:PrepareCrush","floor":39},{"not_picked":["expansioncontent:PolyBeam","expansioncontent:DecaShield"],"picked":"expansioncontent:PrepareCrush","floor":39},{"not_picked":["hexamod:Incineration+1","hexamod:EmpoweredFlame"],"picked":"hexamod:GhostflameBarrier+1","floor":40},{"not_picked":["hexamod:NecessarySacrifice","hexamod:EtherealExpedition"],"picked":"hexamod:EmpoweredFlame+1","floor":43},{"not_picked":["hexamod:DynamicBlow","hexamod:HauntingEcho+1"],"picked":"hexamod:PhantomCloak+1","floor":44},{"not_picked":["hexamod:NecessarySacrifice","hexamod:CatchUp","hexamod:AdvancingGuard"],"picked":"SKIP","floor":44},{"not_picked":["hexamod:HauntingEcho","hexamod:GhostOfSpireFuture+1"],"picked":"hexamod:RetreatToShadows+1","floor":45},{"not_picked":["hexamod:GhostLash","hexamod:Hexaguard"],"picked":"hexamod:NightmareGuise","floor":45},{"not_picked":["hexamod:HeatMetal","hexamod:FastForward"],"picked":"hexamod:FlamesFromBeyond+1","floor":46},{"not_picked":["hexamod:ShieldOfDarkness","hexamod:HeatMetal+1"],"picked":"hexamod:HeatShield+1","floor":46},{"not_picked":["hexamod:BurningTouch","hexamod:EmpoweredFlame+1"],"picked":"hexamod:RecurringNightmare+1","floor":48},{"not_picked":["hexamod:FlamesFromBeyond","hexamod:SuperheatedStrike"],"picked":"hexamod:ShieldOfDarkness","floor":48},{"not_picked":["hexamod:StepThrough+1","hexamod:HeatMetal+1"],"picked":"hexamod:NightmareStrike+1","floor":49},{"not_picked":["hexamod:ExtraCrispy","hexamod:Incineration+1"],"picked":"hexamod:HeatCrush","floor":49},{"not_picked":["hexamod:NecessarySacrifice","hexamod:Haunt+1"],"picked":"hexamod:PowerFromBeyond","floor":52}],"player_experience":945660,"relics_obtained":[{"floor":7,"key":"MawBank"},{"floor":9,"key":"Unceasing Top"},{"floor":11,"key":"Strawberry"},{"floor":30,"key":"War Paint"},{"floor":31,"key":"champ:DeflectingBracers"},{"floor":41,"key":"Bag of Preparation"},{"floor":52,"key":"Slimebound:StickyStick"}],"event_choices":[],"is_beta":false,"boss_relics":[{"not_picked":["Runic Dome","Velvet Choker"],"picked":"Snecko Eye"},{"not_picked":["Philosopher\u0027s Stone","sneckomod:SneckoTalon"],"picked":"Fusion Hammer"}],"items_purged_floors":[43],"is_endless":false,"potions_floor_spawned":[4,13,14,15,22,26,31,32,37,48],"ascension_level":1}}