{"host":"knspyp6dy614fx6e","time":1612150931,"event":{"mods":["ATMod(°¢èªMod)","Aspiration","BaseMod","Better Altar","Better Skull","Better Third Choice","Card Filter","DeckTracker","Dota2Spire","Energized Spire","Jedi Mod","Minty Spire (QoL Compilation)","Quick Restart","Relic Filter Mod","Relic Stats","Reliquary","Shop Mod","Spicy Shops","StSLib","TestMod","Waifu the Spire","¡¾ÒÅÎï¿¨ÅÆ¡¿REMEMod"],"gold_per_floor":[112,123,123,40,5,36,36,69,69,144,209,37,131,197,197,393,393,488,488,335,414,21,144,189,359,385,485,551,646,646,776,776,975,975,1015,445,616,706,1106,1204,1204,760,760,760,760,840,940,940,940,995,1150,1150,1150,511,595,650],"floor_reached":57,"language":"ZHS","playtime":3230,"items_purged":["Strike_R","Strike_R","Strike_R","Strike_R","Defend_R"],"score":3004,"play_id":"ae532e3e-871e-491f-8e15-cec5fb61a769","local_time":"20210201114211","is_ascension_mode":true,"campfire_choices":[{"data":"Armaments","floor":7.0,"key":"SMITH"},{"data":"REME_Cut","floor":15.0,"key":"SMITH"},{"data":"Fiend Fire","floor":32.0,"key":"SMITH"},{"data":"Armaments","floor":41.0,"key":"SMITH"},{"data":"Evolve","floor":45.0,"key":"SMITH"},{"floor":49,"key":"RECALL"},{"data":"True Grit","floor":53,"key":"SMITH"}],"circlet_count":0,"master_deck":["AscendersBane","Defend_R+1","Defend_R","Defend_R","Bash","Armaments+1","Reckless Charge","Ghostly Armor","REME_Cut+1","True Grit+1","Inflame","Barricade","Headbutt","Metallicize","Reaper","Flame Barrier","Fiend Fire+1","Clothesline","Juggernaut","Dark Embrace","Armaments+1","Evolve+1","Headbutt","Entrench+1","Limit Break","AT_FalsePromise","Fire Breathing"],"relics":["Burning Blood","testmod-TestBox","REME_ComplimentaryCards","NeowsBlessing","Golden Idol","Bronze Scales","reliquary:PrincelyHelmet","AT_MibuBalloonWealth","PreservedInsect","Dota2Spire:HandOfMidas","aspiration:StickyExplosives_weak","Snecko Eye","REME_CardOfGreed","reliquary:Firecrackers","aspiration:RitualStick","Coffee Dripper","Membership Card","Lantern","Dota2Spire:HeartOfTarrasque","HandDrill","Happy Flower","DollysMirror","testmod-AssaultLearning","testmod-Justice","aspiration:HiddenCompartment","AT_RedNoBalance","testmod-IndustrialRevolution","REME_HandOfSuture","Lee\u0027s Waffle","War Paint"],"acts_visited":["Exordium","TheCity","TheBeyond","TheEnding"],"potions_floor_usage":[56,56,56,56],"damage_taken":[{"damage":0.0,"enemies":"2 Louse","floor":1.0,"turns":1.0},{"damage":0.0,"enemies":"Jaw Worm","floor":2.0,"turns":1.0},{"damage":0.0,"enemies":"Gremlin Nob","floor":6.0,"turns":1.0},{"damage":0.0,"enemies":"3 Sentries","floor":8.0,"turns":7.0},{"damage":20.0,"enemies":"Small Slimes","floor":10.0,"turns":4.0},{"damage":32.0,"enemies":"Gremlin Nob","floor":11.0,"turns":4.0},{"damage":2.0,"enemies":"Lagavulin","floor":13.0,"turns":6.0},{"damage":6.0,"enemies":"Exordium Wildlife","floor":14.0,"turns":3.0},{"damage":25.0,"enemies":"Slime Boss","floor":16.0,"turns":10.0},{"damage":17.0,"enemies":"2 Thieves","floor":18.0,"turns":4.0},{"damage":3.0,"enemies":"Spheric Guardian","floor":21.0,"turns":5.0},{"damage":16.0,"enemies":"Slavers","floor":23.0,"turns":5.0},{"damage":4.0,"enemies":"Snake Plant","floor":24.0,"turns":4.0},{"damage":31.0,"enemies":"Gremlin Leader","floor":25.0,"turns":4.0},{"damage":3.0,"enemies":"Sentry and Sphere","floor":27.0,"turns":5.0},{"damage":6.0,"enemies":"Cultist and Chosen","floor":28.0,"turns":3.0},{"damage":0.0,"enemies":"Centurion and Healer","floor":29.0,"turns":4.0},{"damage":0.0,"enemies":"3 Cultists","floor":31.0,"turns":4.0},{"damage":28.0,"enemies":"Automaton","floor":33.0,"turns":10.0},{"damage":12.0,"enemies":"Orb Walker","floor":35.0,"turns":2.0},{"damage":5.0,"enemies":"3 Darklings","floor":37.0,"turns":4.0},{"damage":4.0,"enemies":"Jaw Worm Horde","floor":38.0,"turns":3.0},{"damage":0.0,"enemies":"Giant Head","floor":40.0,"turns":5.0},{"damage":0.0,"enemies":"Transient","floor":46.0,"turns":6.0},{"damage":10,"enemies":"Sphere and 2 Shapes","floor":47,"turns":4},{"damage":20,"enemies":"Time Eater","floor":50,"turns":6},{"damage":70,"enemies":"Awakened One","floor":51,"turns":6},{"damage":9,"enemies":"Shield and Spear","floor":55,"turns":3},{"damage":53,"enemies":"The Heart","floor":56,"turns":8}],"seed_played":"778310804573375753","potions_obtained":[{"floor":2.0,"key":"testmod-EscapePotion"},{"floor":6.0,"key":"Energy Potion"},{"floor":8.0,"key":"Dota2Spire:Clarity"},{"floor":13.0,"key":"Swift Potion"},{"floor":18.0,"key":"Dota2Spire:Clarity"},{"floor":19.0,"key":"testmod-EscapePotion"},{"floor":23.0,"key":"Dota2Spire:Clarity"},{"floor":24.0,"key":"Strength Potion"},{"floor":31.0,"key":"Weak Potion"},{"floor":33.0,"key":"Energy Potion"},{"floor":37.0,"key":"FearPotion"},{"floor":40.0,"key":"testmod-SpacePotion"},{"floor":46.0,"key":"ElixirPotion"}],"is_trial":false,"path_per_floor":["M","M","?","$","?","E","R","E","T","M","E","$","E","M","R","B",null,"M","?","$","M","$","E","M","E","T","M","M","M","?","M","R","B",null,"M","$","M","M","?","E","R","$","T","?","R","M","M","?","R","B","B",null,"R","$","E","B",null],"character_chosen":"IRONCLAD","items_purchased":["Reckless Charge","Dota2Spire:HandOfMidas","Headbutt","Reaper","REME_CardOfGreed","Flame Barrier","Membership Card","Lantern","Armaments","Dota2Spire:HeartOfTarrasque","HandDrill","DollysMirror","testmod-AssaultLearning","testmod-Justice","aspiration:HiddenCompartment","testmod-IndustrialRevolution","REME_HandOfSuture","BloodPotion","PowerPotion","Lee\u0027s Waffle","Limit Break","AT_FalsePromise"],"campfire_rested":0,"item_purchase_floors":[4,12,20,22,22,22,36,36,36,36,36,42,42,42,42,54,54,54,54,54,54,54],"current_hp_per_floor":[74,75,49,49,67,73,73,75,75,61,35,35,39,39,39,20,61,50,50,50,53,53,65,75,57,57,60,68,75,56,75,75,65,73,69,77,83,83,83,83,83,83,83,83,83,83,37,37,37,23,28,69,69,90,87,90],"gold":650,"neow_bonus":"THREE_ENEMY_KILL","is_daily":false,"chose_seed":false,"campfire_upgraded":6,"win_rate":0.0,"timestamp":1612150931,"path_taken":["M","M","?","$","?","E","R","E","T","M","E","?","E","M","R","BOSS","M","?","$","M","$","E","M","E","T","M","?","M","?","M","R","BOSS","M","$","M","M","?","E","R","$","T","?","R","?","M","?","R","BOSS","BOSS","R","$","E","BOSS"],"items_purchased_type":["Card","Relic","Card","Card","Relic","Card","Relic","Relic","Card","Relic","Relic","Relic","Relic","Relic","Relic","Relic","Relic","Potion","Potion","Relic","Card","Card"],"build_version":"2020-12-22","purchased_purges":5,"victory":true,"max_hp_per_floor":[75,75,75,75,75,75,75,75,75,75,75,75,75,75,75,75,75,75,75,75,75,75,75,75,75,75,75,75,75,75,75,75,75,75,75,83,83,83,83,83,83,83,83,83,83,83,83,83,83,83,83,83,83,90,90,90],"relic_stats":{"Lee\u0027s Waffle":21,"Happy Flower":[11],"counters":[29,132],"Golden Idol":216,"Bronze Scales":[365],"Snecko Eye":[206,214,223,188],"PreservedInsect":325,"HandDrill":[22],"War Paint":["Defend_R","Entrench"],"obtain_stats":[{"Lantern":36,"AT_ATBox":0,"reliquary:PrincelyHelmet":8,"AT_MibuBalloonWealth":9,"reliquary:Firecrackers":25,"Burning Blood":0,"aspiration:RitualStick":30,"aspiration:StickyExplosives_weak":13,"DollysMirror":42,"HandDrill":36,"AT_RedNoBalance":47,"Dota2Spire:HandOfMidas":12,"Lee\u0027s Waffle":54,"testmod-TestBox":0,"NeowsBlessing":0,"Happy Flower":40,"Golden Idol":3,"PreservedInsect":11,"AT_SilverBalance":43,"Dota2Spire:HeartOfTarrasque":36,"testmod-Justice":42,"War Paint":55,"aspiration:HiddenCompartment":42,"testmod-IndustrialRevolution":54,"Bronze Scales":6,"testmod-AssaultLearning":42,"Snecko Eye":17,"REME_HandOfSuture":54,"Coffee Dripper":34,"REME_CardOfGreed":22,"Membership Card":36,"REME_ComplimentaryCards":0},{"Lantern":20,"AT_ATBox":0,"reliquary:PrincelyHelmet":4,"AT_MibuBalloonWealth":4,"reliquary:Firecrackers":14,"Burning Blood":0,"aspiration:RitualStick":17,"aspiration:StickyExplosives_weak":7,"DollysMirror":23,"HandDrill":20,"AT_RedNoBalance":25,"Dota2Spire:HandOfMidas":6,"Lee\u0027s Waffle":27,"testmod-TestBox":0,"NeowsBlessing":0,"Happy Flower":23,"Golden Idol":2,"PreservedInsect":6,"AT_SilverBalance":23,"Dota2Spire:HeartOfTarrasque":20,"testmod-Justice":23,"War Paint":28,"aspiration:HiddenCompartment":23,"testmod-IndustrialRevolution":27,"Bronze Scales":3,"testmod-AssaultLearning":23,"Snecko Eye":9,"REME_HandOfSuture":27,"Coffee Dripper":19,"REME_CardOfGreed":11,"Membership Card":20,"REME_ComplimentaryCards":0},{"Lantern":87,"AT_ATBox":0,"reliquary:PrincelyHelmet":10,"AT_MibuBalloonWealth":10,"reliquary:Firecrackers":59,"Burning Blood":0,"aspiration:RitualStick":71,"aspiration:StickyExplosives_weak":24,"DollysMirror":99,"HandDrill":87,"AT_RedNoBalance":105,"Dota2Spire:HandOfMidas":18,"Lee\u0027s Waffle":121,"testmod-TestBox":0,"NeowsBlessing":0,"Happy Flower":99,"Golden Idol":2,"PreservedInsect":18,"AT_SilverBalance":99,"Dota2Spire:HeartOfTarrasque":87,"testmod-Justice":99,"War Paint":124,"aspiration:HiddenCompartment":99,"testmod-IndustrialRevolution":121,"Bronze Scales":3,"testmod-AssaultLearning":99,"Snecko Eye":37,"REME_HandOfSuture":121,"Coffee Dripper":85,"REME_CardOfGreed":46,"Membership Card":87,"REME_ComplimentaryCards":0}],"Burning Blood":137,"aspiration:RitualStick":[8]},"card_choices":[{"not_picked":["Perfected Strike","Wild Strike","Thunderclap"],"picked":"SKIP","floor":1.0},{"not_picked":["Clothesline","Perfected Strike"],"picked":"Armaments","floor":2.0},{"not_picked":["Clothesline","Exhume"],"picked":"Ghostly Armor","floor":6.0},{"not_picked":["Wild Strike","Cleave"],"picked":"REME_Cut","floor":8.0},{"not_picked":["Sword Boomerang","Armaments","Wild Strike"],"picked":"SKIP","floor":10.0},{"not_picked":["Pommel Strike","Bloodletting"],"picked":"True Grit","floor":11.0},{"not_picked":["Juggernaut","Corruption","Disarm"],"picked":"SKIP","floor":13.0},{"not_picked":["Armaments","Metallicize"],"picked":"Inflame","floor":14.0},{"not_picked":["Corruption","Double Tap"],"picked":"Barricade","floor":16.0},{"not_picked":["Armaments","Hemokinesis","Headbutt"],"picked":"SKIP","floor":18.0},{"not_picked":["Clash","Searing Blow"],"picked":"Metallicize","floor":21.0},{"not_picked":["Cleave","Sever Soul","Armaments"],"picked":"SKIP","floor":23.0},{"not_picked":["AT_GerminateFire","AT_DrawKnifeCut","Perfected Strike"],"picked":"SKIP","floor":24.0},{"not_picked":["Combust","Wild Strike"],"picked":"Fiend Fire","floor":25.0},{"not_picked":["Searing Blow+1","Bloodletting","Havoc"],"picked":"SKIP","floor":27.0},{"not_picked":["Battle Trance+1","Cleave","Twin Strike"],"picked":"SKIP","floor":28.0},{"not_picked":["Battle Trance+1","Cleave","Twin Strike"],"picked":"SKIP","floor":28.0},{"not_picked":["Wild Strike","True Grit"],"picked":"Clothesline","floor":29.0},{"not_picked":["Sword Boomerang+1","Havoc","Iron Wave"],"picked":"SKIP","floor":31.0},{"not_picked":["Offering","Corruption"],"picked":"Juggernaut","floor":33.0},{"not_picked":["Seeing Red","Whirlwind"],"picked":"Dark Embrace","floor":35.0},{"not_picked":["Thunderclap+1","Wild Strike","Twin Strike"],"picked":"SKIP","floor":37.0},{"not_picked":["Twin Strike","Bloodletting"],"picked":"Evolve","floor":38.0},{"not_picked":["REME_Cut","Pommel Strike","Iron Wave"],"picked":"SKIP","floor":40.0},{"not_picked":["Headbutt+1","Pummel"],"picked":"Entrench","floor":46.0},{"not_picked":["Twin Strike","Body Slam","Dropkick"],"picked":"SKIP","floor":47},{"not_picked":["Armaments","Iron Wave"],"picked":"Fire Breathing","floor":55}],"player_experience":273928,"relics_obtained":[{"floor":6.0,"key":"Bronze Scales"},{"floor":8.0,"key":"reliquary:PrincelyHelmet"},{"floor":9.0,"key":"AT_MibuBalloonWealth"},{"floor":11.0,"key":"PreservedInsect"},{"floor":13.0,"key":"aspiration:StickyExplosives_weak"},{"floor":25.0,"key":"reliquary:Firecrackers"},{"floor":40.0,"key":"Happy Flower"},{"floor":43.0,"key":"AT_SilverBalance"},{"floor":55,"key":"War Paint"}],"event_choices":[{"damage_healed":0.0,"max_hp_gain":0.0,"max_hp_loss":0.0,"gold_gain":0.0,"event_name":"Golden Idol","player_choice":"Take Damage","floor":3.0,"gold_loss":0.0,"damage_taken":26.0,"relics_obtained":["Golden Idol"]},{"damage_healed":18.0,"max_hp_gain":0.0,"max_hp_loss":0.0,"gold_gain":0.0,"event_name":"The Cleric","player_choice":"Healed","floor":5.0,"gold_loss":35.0,"damage_taken":0.0},{"damage_healed":0.0,"max_hp_gain":0.0,"max_hp_loss":0.0,"gold_gain":0.0,"event_name":"Lab","player_choice":"Got Potions","floor":19.0,"gold_loss":0.0,"damage_taken":0.0},{"damage_healed":0.0,"max_hp_gain":0.0,"max_hp_loss":0.0,"gold_gain":400.0,"event_name":"¶÷ÂåË¹µÄÅÌ×Ó","player_choice":"Sell","floor":39.0,"relics_lost":["AT_ATBox"],"gold_loss":0.0,"damage_taken":0.0},{"cards_removed":["Strike_R"],"damage_healed":0.0,"max_hp_gain":0.0,"max_hp_loss":0.0,"gold_gain":0.0,"event_name":"Purifier","player_choice":"Purged","floor":44.0,"gold_loss":0.0,"damage_taken":0.0},{"damage_healed":0,"gold_gain":0,"player_choice":"Ignored","damage_taken":0,"max_hp_gain":0,"max_hp_loss":0,"event_name":"Tomb of Lord Red Mask","floor":48,"gold_loss":0}],"is_beta":false,"boss_relics":[{"not_picked":["aspiration:FutureDiary","SacredBark"],"picked":"Snecko Eye"},{"not_picked":["testmod-DeterminationOfClimber","Pandora\u0027s Box"],"picked":"Coffee Dripper"}],"items_purged_floors":[20,36,42,54,54],"is_endless":false,"potions_floor_spawned":[2,6,8,13,18,23,24,31,33,37,40,46],"ascension_level":20}}