{"host":"ymmeoa1x24ihslbm","time":1612153833,"event":{"mods":["AchievementEnabler","BaseMod","Colored Map","Colored Powertips","Defuse TimeMaze Blight","Minty Spire (QoL Compilation)","Permanent Neow","Quick Restart","Rare Cards Sparkle","StSLib","Unceasing Turn Reminder"],"gold_per_floor":[117,194,213,213,282,282,316,333,333,333,344,373,398,428,440,528,590,612,699,761,262,312,312,325,325,351,369,369,386,48,3,3,3,3],"floor_reached":33,"language":"ENG","playtime":1666,"items_purged":["Writhe"],"score":450,"play_id":"0a593c42-0fc1-4794-8850-ef399ac40dc8","local_time":"20210201053033","is_ascension_mode":true,"campfire_choices":[{"data":"Neutralize","floor":6.0,"key":"SMITH"},{"data":"Leg Sweep","floor":10.0,"key":"SMITH"},{"data":"Storm of Steel","floor":15,"key":"SMITH"},{"data":"Apotheosis","floor":23,"key":"SMITH"},{"data":"Accuracy","floor":25,"key":"SMITH"},{"data":"Blur","floor":28,"key":"SMITH"},{"data":"Adrenaline","floor":32,"key":"SMITH"}],"circlet_count":0,"master_deck":["AscendersBane","Strike_G","Strike_G","Strike_G","Strike_G","Defend_G","Defend_G","Defend_G","Survivor+1","Neutralize+1","Blur+1","Terror+1","After Image+1","Blade Dance","Infinite Blades","Leg Sweep+1","Storm of Steel+1","Die Die Die+1","Slice+1","Adrenaline+1","Accuracy+1","Deflect","Apotheosis+1","Blur+1","Cloak And Dagger+1","Well Laid Plans+1","Backflip"],"relics":["Astrolabe","White Beast Statue","SsserpentHead","Pen Nib","Molten Egg 2","MawBank","Tiny House","Red Mask","Akabeko","InkBottle","Nunchaku","Matryoshka","Sling"],"acts_visited":["Exordium","TheCity"],"potions_floor_usage":[11,12,13,18,18,19,24,29,33,33],"damage_taken":[{"damage":0.0,"enemies":"Cultist","floor":1.0,"turns":5.0},{"damage":11.0,"enemies":"Small Slimes","floor":3.0,"turns":5.0},{"damage":0.0,"enemies":"2 Louse","floor":5.0,"turns":3.0},{"damage":22.0,"enemies":"Gremlin Nob","floor":7.0,"turns":6.0},{"damage":9.0,"enemies":"Exordium Wildlife","floor":8.0,"turns":4.0},{"damage":1,"enemies":"Large Slime","floor":11,"turns":8},{"damage":4,"enemies":"3 Sentries","floor":12,"turns":7},{"damage":0,"enemies":"Blue Slaver","floor":13,"turns":3},{"damage":0,"enemies":"Looter","floor":14,"turns":2},{"damage":5,"enemies":"Hexaghost","floor":16,"turns":10},{"damage":0,"enemies":"Shell Parasite","floor":18,"turns":3},{"damage":17,"enemies":"Masked Bandits","floor":19,"turns":5},{"damage":9,"enemies":"Chosen","floor":24,"turns":6},{"damage":0,"enemies":"Centurion and Healer","floor":27,"turns":3},{"damage":0,"enemies":"Shelled Parasite and Fungi","floor":29,"turns":4},{"damage":35,"enemies":"Collector","floor":33,"turns":7}],"seed_played":"-7159063550244393961","potions_obtained":[{"floor":1.0,"key":"SneckoOil"},{"floor":3.0,"key":"Swift Potion"},{"floor":5.0,"key":"Block Potion"},{"floor":7.0,"key":"PowerPotion"},{"floor":8.0,"key":"GamblersBrew"},{"floor":11,"key":"SpeedPotion"},{"floor":12,"key":"Fire Potion"},{"floor":13,"key":"GhostInAJar"},{"floor":16,"key":"DistilledChaos"},{"floor":18,"key":"BlessingOfTheForge"},{"floor":19,"key":"Block Potion"},{"floor":24,"key":"BlessingOfTheForge"},{"floor":27,"key":"SneckoOil"},{"floor":29,"key":"Poison Potion"}],"is_trial":false,"path_per_floor":["M","T","M","?","M","R","E","M","T","R","M","E","M","M","R","B",null,"M","?","?","$","?","R","M","R","T","M","R","M","$","$","R","B"],"character_chosen":"THE_SILENT","items_purchased":["InkBottle","Apotheosis","Matryoshka","Sling","Backflip"],"campfire_rested":0,"item_purchase_floors":[21,21,30,30,31],"current_hp_per_floor":[59,59,48,48,48,48,26,17,17,17,16,12,12,12,12,7,56,56,39,39,39,39,39,30,30,30,30,30,30,30,30,30,0,0],"gold":3,"neow_bonus":"BOSS_RELIC","is_daily":false,"chose_seed":false,"campfire_upgraded":7,"win_rate":0.0,"timestamp":1612153833,"path_taken":["M","?","M","?","?","R","E","M","T","R","M","E","M","M","R","BOSS","M","?","?","$","?","R","M","R","T","M","R","M","?","$","R","BOSS"],"items_purchased_type":["Relic","Card","Relic","Relic","Card"],"build_version":"2020-12-22","purchased_purges":1,"victory":false,"max_hp_per_floor":[66,66,66,66,66,66,66,66,66,66,66,66,66,66,66,66,71,71,71,71,71,71,71,71,71,71,71,71,71,71,71,71,71,71],"card_choices":[{"not_picked":["Accuracy","Footwork"],"picked":"Blade Dance","floor":1.0},{"not_picked":["Flying Knee","Sucker Punch","Crippling Poison"],"picked":"SKIP","floor":3.0},{"not_picked":["Dagger Spray","Sucker Punch"],"picked":"Infinite Blades","floor":5.0},{"not_picked":["Deadly Poison","Setup","Deflect"],"picked":"SKIP","floor":7.0},{"not_picked":["Expertise","Blade Dance"],"picked":"Leg Sweep","floor":8.0},{"not_picked":["All Out Attack+1","Quick Slash+1"],"picked":"Storm of Steel","floor":11},{"not_picked":["Distraction","Terror"],"picked":"Die Die Die+1","floor":12},{"not_picked":["Underhanded Strike+1","Outmaneuver","PiercingWail"],"picked":"SKIP","floor":13},{"not_picked":["Flechettes+1","Footwork"],"picked":"Slice+1","floor":14},{"not_picked":["Malaise","Storm of Steel"],"picked":"Adrenaline","floor":16},{"not_picked":["Skewer+1","Cloak And Dagger"],"picked":"Accuracy","floor":17},{"not_picked":["PiercingWail","Terror+1"],"picked":"Deflect","floor":18},{"not_picked":["Noxious Fumes","Flechettes+1","Underhanded Strike+1"],"picked":"SKIP","floor":24},{"not_picked":["Sucker Punch+1","Bane+1"],"picked":"Cloak And Dagger+1","floor":27},{"not_picked":["Blade Dance","Quick Slash+1"],"picked":"Well Laid Plans+1","floor":29}],"player_experience":588128,"relics_obtained":[{"floor":2.0,"key":"White Beast Statue"},{"floor":7.0,"key":"Pen Nib"},{"floor":9.0,"key":"Molten Egg 2"},{"floor":12,"key":"MawBank"},{"floor":19,"key":"Red Mask"},{"floor":26,"key":"Nunchaku"}],"event_choices":[{"damage_healed":0.0,"max_hp_gain":0.0,"max_hp_loss":0.0,"gold_gain":0.0,"event_name":"FaceTrader","player_choice":"Trade","floor":4.0,"gold_loss":0.0,"damage_taken":0.0,"relics_obtained":["SsserpentHead"]},{"damage_healed":0,"gold_gain":0,"player_choice":"Fought Bandits","damage_taken":0,"max_hp_gain":0,"max_hp_loss":0,"event_name":"Masked Bandits","floor":19,"gold_loss":0},{"damage_healed":0,"gold_gain":0,"player_choice":"Opened","damage_taken":0,"relics_obtained":["Akabeko"],"max_hp_gain":0,"max_hp_loss":0,"event_name":"The Mausoleum","floor":20,"gold_loss":0,"cards_obtained":["Writhe"]},{"damage_healed":0,"gold_gain":0,"player_choice":"Read","damage_taken":0,"max_hp_gain":0,"max_hp_loss":0,"event_name":"The Library","floor":22,"gold_loss":0,"cards_obtained":["Blur"]}],"is_beta":false,"boss_relics":[{"not_picked":["Fusion Hammer","Sozu"],"picked":"Tiny House"}],"items_purged_floors":[21],"is_endless":false,"potions_floor_spawned":[1,3,5,7,8,11,12,13,14,16,18,19,24,27,29],"killed_by":"Collector","ascension_level":15}}