{"host":"y0avvqzsetgmdwfn","time":1612175327,"event":{"mods":["AchievementEnabler","BaseMod","Better Third Choice","Downfall","Minty Spire (QoL Compilation)","Red Circlet Mod","Reliquary","Replay The Spire","Spicy Shops","StSLib"],"gold_per_floor":[99,115,115,139,239,249,276,301,201,218,243,254,317,77,96,191,191,191,208,308,320,24,52,78,96,426,476,511,531,566,636,650,747,747,747,747,747,764,831,842,853,903,903,18,50,110,139,150,184,197,215,215],"floor_reached":53,"language":"ENG","playtime":4227,"items_purged":["Looming Evil","Pain"],"score":1290,"play_id":"c331f11f-bdd2-482c-888b-7e3122d43245","local_time":"20210201182847","is_ascension_mode":true,"campfire_choices":[{"data":"champ:Taunt","floor":1.0,"key":"SMITH"},{"data":"champ:StanceDance","floor":9.0,"key":"SMITH"},{"data":"champ:BerserkerStyle","floor":18.0,"key":"SMITH"},{"floor":35,"key":"RECALL"}],"circlet_count":0,"master_deck":["champ:Strike","champ:Strike","champ:Defend","champ:Defend","champ:Defend","champ:Defend","champ:Execute","champ:Taunt+1","champ:AdrenalArmor","champ:DancingMaster+1","champ:StanceDance+1","champ:RisingSlash+1","champ:TripleStrike+1","champ:FaceSlap+1","champ:BerserkerStyle+1","champ:AdrenalArmor","champ:FocusedDefense","champ:GladiatorStyle","champ:Improvising+1","champ:EnchantCrown","champ:GutPunch","champ:Duel+1","champ:BerserkersShout","champ:SteelEdge+1","expansioncontent:StudyTheSpire","champ:FancyFootwork","ReplayTheSpireMod:Faulty Equipment","champ:GladiatorStyle","champ:IronFortress+1","champ:TornadoPunch","champ:LastStand","Pot Of Greed","Pot Of Greed","Pot Of Greed","champ:FocusedDefense","champ:StanceDance","champ:VampiricStrike","champ:Backstep","champ:EndlessRage","Pot Of Greed","champ:CalledShot+1","champ:Endure","Shame","champ:EnchantCrown","champ:Backstep+1","champ:Backstep+1","champ:RageSigil","champ:FancyFootwork+1","champ:ViciousMockery+1","champ:StanceDance+1","champ:ShieldWall","Pot Of Greed"],"relics":["Cursed Key","PreservedInsect","Guardian:PocketSentry","downfall:HeartBlessingBlue","reliquary:Buckler","FossilizedHelix","Guardian:BottledAnomaly","Black Star","downfall:CloakOfManyFaces","CultistMask","FaceOfCleric","NlothsMask","GremlinMask","SsserpentHead","Guide Book","Unceasing Top","ReplayTheSpireMod:Shallot","reliquary:NewFriend","Old Coin","Whetstone","Shuriken","reliquary:PorcupineQuills","Grinning Jar","SlaversCollar","White Beast Statue","Letter Opener","Strange Spoon","sneckomod:BlankCard","reliquary:TridentHead","Replay:Rubber Ducky","Pen Nib","Nunchaku","reliquary:Firecrackers","Replay:Bottled Snecko","Boot","Replay:Bottled Steam"],"acts_visited":["Exordium","TheCity","TheBeyond"],"potions_floor_usage":[31,33,41,46,51,52],"damage_taken":[{"damage":10.0,"enemies":"Small Slimes","floor":2.0,"turns":3.0},{"damage":34.0,"enemies":"downfall:Heads","floor":5.0,"turns":5.0},{"damage":35.0,"enemies":"Jaw Worm","floor":6.0,"turns":3.0},{"damage":52.0,"enemies":"3 Sentries","floor":8.0,"turns":6.0},{"damage":39.0,"enemies":"Cultist","floor":10.0,"turns":3.0},{"damage":33.0,"enemies":"Lagavulin","floor":11.0,"turns":3.0},{"damage":25.0,"enemies":"2 Fungi Beasts","floor":12.0,"turns":2.0},{"damage":25.0,"enemies":"Gremlin Nob","floor":13.0,"turns":2.0},{"damage":72.0,"enemies":"downfall:FleeingMerchant","floor":14.0,"turns":4.0},{"damage":53.0,"enemies":"Lots of Slimes","floor":15.0,"turns":4.0},{"damage":112.0,"enemies":"SI_SHIV_ARCHETYPE","floor":16.0,"turns":4.0},{"damage":46.0,"enemies":"Spheric Guardian","floor":19.0,"turns":3.0},{"damage":86.0,"enemies":"downfall:FaceTrader","floor":20.0,"turns":7.0},{"damage":58.0,"enemies":"Snake Plant","floor":21.0,"turns":4.0},{"damage":104.0,"enemies":"downfall:FleeingMerchant","floor":22.0,"turns":4.0},{"damage":50.0,"enemies":"Replay:Snechameleon","floor":23.0,"turns":4.0},{"damage":64.0,"enemies":"Centurion and Healer","floor":25.0,"turns":5.0},{"damage":102.0,"enemies":"Slavers","floor":26.0,"turns":4.0},{"damage":92,"enemies":"Gremlin Leader","floor":28,"turns":7},{"damage":74,"enemies":"Chosen and Byrds","floor":29,"turns":6},{"damage":47,"enemies":"Book of Stabbing","floor":30,"turns":4},{"damage":37,"enemies":"Cultist and Chosen","floor":31,"turns":4},{"damage":52,"enemies":"Snake Plant","floor":32,"turns":4},{"damage":115,"enemies":"IC_MUSHROOM_ARCHETYPE","floor":33,"turns":6},{"damage":64,"enemies":"3 Shapes","floor":38,"turns":4},{"damage":54,"enemies":"Orb Walker","floor":39,"turns":3},{"damage":58,"enemies":"Jaw Worm Horde","floor":40,"turns":5},{"damage":78,"enemies":"3 Darklings","floor":41,"turns":4},{"damage":36,"enemies":"Reptomancer","floor":45,"turns":4},{"damage":15,"enemies":"Sphere and 2 Shapes","floor":46,"turns":3},{"damage":90,"enemies":"Giant Head","floor":47,"turns":6},{"damage":27,"enemies":"Jaw Worm Horde","floor":48,"turns":4},{"damage":57,"enemies":"R_Hoarder","floor":49,"turns":5},{"damage":45,"enemies":"Maw","floor":50,"turns":8},{"damage":20,"enemies":"4 Shapes","floor":51,"turns":3},{"damage":56,"enemies":"WA_ARCHETYPE_DIVINITY","floor":52,"turns":8}],"seed_played":"-6153951309579117554","potions_obtained":[{"floor":5.0,"key":"PowerPotion"},{"floor":8.0,"key":"FearPotion"},{"floor":10.0,"key":"Cursed Concoction"},{"floor":15.0,"key":"champ:CounterPotion"},{"floor":16.0,"key":"Regen Potion"},{"floor":20.0,"key":"FairyPotion"},{"floor":23.0,"key":"champ:OpenerPotion"},{"floor":26.0,"key":"LiquidBronze"},{"floor":30,"key":"Block Potion"},{"floor":32,"key":"SpeedPotion"},{"floor":40,"key":"Elixir"},{"floor":41,"key":"Block Potion"},{"floor":45,"key":"Dexterity Potion"},{"floor":46,"key":"FearPotion"},{"floor":49,"key":"champ:OpenerPotion"},{"floor":51,"key":"Explosive Potion"}],"is_trial":false,"path_per_floor":["R","M","?","T","?","M","T","E","R","M","E","M","?","$","M","B",null,"R","M","?","M","$","E","T","M","E","?","E","M","E","M","M","B",null,"R","PTL","PTL","M","M","M","M","T","T","$","E","M","E","M","E","M","M","B",null],"character_chosen":"THE_CHAMP","items_purchased":["Guardian:BottledAnomaly","expansioncontent:StudyTheSpire","Guide Book","Strange Spoon","sneckomod:BlankCard","reliquary:TridentHead","Replay:Rubber Ducky","champ:EnchantCrown"],"campfire_rested":0,"item_purchase_floors":[14,22,22,44,44,44,44,44],"current_hp_per_floor":[90,90,90,90,86,86,86,69,79,75,72,72,77,77,77,62,100,100,100,90,92,95,103,103,104,81,81,89,75,67,53,61,26,111,111,111,111,112,113,114,115,115,115,115,116,117,118,119,120,121,109,120],"gold":215,"neow_bonus":"BOSS_RELIC","is_daily":false,"chose_seed":false,"campfire_upgraded":3,"win_rate":0.0,"timestamp":1612175327,"path_taken":["R","M","?","?","?","M","T","E","R","M","E","?","?","$","M","BOSS","R","M","?","M","?","E","T","M","E","?","E","M","E","?","M","BOSS","R","PTL","PTL","M","?","M","M","?","T","$","E","?","E","M","E","M","M","BOSS"],"items_purchased_type":["Relic","Card","Relic","Relic","Relic","Relic","Relic","Card"],"build_version":"2020-12-22","purchased_purges":2,"victory":true,"max_hp_per_floor":[90,90,90,90,90,90,90,90,100,100,100,100,100,100,100,100,100,100,100,100,101,102,103,103,104,105,105,106,107,108,109,110,111,111,111,111,111,112,113,114,115,115,115,115,116,117,118,119,120,121,122,123],"card_choices":[{"not_picked":["champ:BerserkersShout","champ:Backstep"],"picked":"champ:AdrenalArmor","floor":2.0},{"not_picked":["champ:SwordSigil","champ:CrookedStrike"],"picked":"champ:StanceDance","floor":5.0},{"not_picked":["champ:ViciousMockery","champ:TornadoPunch"],"picked":"champ:RisingSlash","floor":6.0},{"not_picked":["champ:GutPunch","champ:PerfectedStrike"],"picked":"champ:TripleStrike","floor":8.0},{"not_picked":["champ:Shatter","champ:BerserkersShout"],"picked":"champ:FaceSlap","floor":10.0},{"not_picked":["champ:CrookedStrike","champ:BerserkersShout"],"picked":"champ:BerserkerStyle","floor":11.0},{"not_picked":["champ:DefensiveShout","champ:GutPunch"],"picked":"champ:AdrenalArmor","floor":12.0},{"not_picked":["champ:DefensiveShout","champ:RageSigil"],"picked":"champ:FocusedDefense","floor":13.0},{"not_picked":["champ:ShieldSigil","champ:EnGarde"],"picked":"champ:GladiatorStyle","floor":14.0},{"not_picked":["champ:Haymaker","champ:CalledShot"],"picked":"champ:Improvising","floor":15.0},{"not_picked":["champ:TripleStrike","champ:Devastate"],"picked":"champ:EnchantCrown","floor":16.0},{"not_picked":["champ:RecklessLeap","champ:EnGarde"],"picked":"champ:GutPunch","floor":19.0},{"not_picked":["champ:RisingSlash","champ:GladiatorStyle"],"picked":"champ:Duel","floor":20.0},{"not_picked":["champ:FocusedDefense+1","champ:DefensiveShout"],"picked":"champ:BerserkersShout","floor":21.0},{"not_picked":["champ:BringItOn","champ:IronFortress"],"picked":"champ:SteelEdge","floor":22.0},{"not_picked":["champ:FlashCut","champ:DeathBlow"],"picked":"champ:FancyFootwork","floor":23.0},{"not_picked":["champ:CalledShot","champ:BerserkersShout"],"picked":"champ:GladiatorStyle","floor":25.0},{"not_picked":["champ:DefensiveShout","champ:ShieldSigil"],"picked":"champ:IronFortress+1","floor":26.0},{"not_picked":["champ:BladeFlurry","champ:Backstep"],"picked":"champ:TornadoPunch","floor":28},{"not_picked":["champ:TornadoPunch","champ:Backstep+1"],"picked":"champ:LastStand","floor":29},{"not_picked":["champ:GutPunch","champ:BerserkersShout","champ:Haymaker"],"picked":"SKIP","floor":30},{"not_picked":["champ:IronFortress+1","champ:RageSigil"],"picked":"champ:FocusedDefense","floor":31},{"not_picked":["champ:Backstep","champ:DefensiveShout"],"picked":"champ:StanceDance","floor":32},{"not_picked":["champ:EnchantShield","champ:HeavySlash"],"picked":"champ:VampiricStrike","floor":33},{"not_picked":["champ:Circumvent","champ:EnGarde"],"picked":"champ:Backstep","floor":38},{"not_picked":["champ:Parry+1","champ:PreemptiveStrike"],"picked":"champ:EndlessRage","floor":39},{"not_picked":["champ:Endure","champ:PreemptiveStrike+1"],"picked":"champ:CalledShot+1","floor":40},{"not_picked":["champ:PreciseThrust+1","champ:SkillfulDodge"],"picked":"champ:Endure","floor":41},{"not_picked":["champ:Circumvent+1","champ:IronFortress"],"picked":"champ:Backstep+1","floor":45},{"not_picked":["champ:ShieldSigil+1","champ:Lariat+1"],"picked":"champ:Backstep+1","floor":46},{"not_picked":["champ:EnragedBash+1","champ:Backstep+1"],"picked":"champ:RageSigil","floor":47},{"not_picked":["champ:TornadoPunch+1","champ:Haymaker"],"picked":"champ:FancyFootwork+1","floor":48},{"not_picked":["champ:Parry+1","champ:HeartStrike"],"picked":"champ:ViciousMockery+1","floor":49},{"not_picked":["champ:Backstep","champ:BringItOn+1"],"picked":"champ:StanceDance+1","floor":50},{"not_picked":["champ:StanceDance","champ:CrownThrow+1"],"picked":"champ:ShieldWall","floor":51}],"player_experience":2004309,"relics_obtained":[{"floor":4.0,"key":"PreservedInsect"},{"floor":8.0,"key":"Guardian:PocketSentry"},{"floor":11.0,"key":"reliquary:Buckler"},{"floor":20.0,"key":"downfall:CloakOfManyFaces"},{"floor":23.0,"key":"Unceasing Top"},{"floor":23.0,"key":"ReplayTheSpireMod:Shallot"},{"floor":26.0,"key":"reliquary:NewFriend"},{"floor":26.0,"key":"Old Coin"},{"floor":28,"key":"Whetstone"},{"floor":28,"key":"Shuriken"},{"floor":30,"key":"reliquary:PorcupineQuills"},{"floor":30,"key":"Grinning Jar"},{"floor":42,"key":"White Beast Statue"},{"floor":43,"key":"Letter Opener"},{"floor":45,"key":"Pen Nib"},{"floor":45,"key":"Nunchaku"},{"floor":47,"key":"reliquary:Firecrackers"},{"floor":47,"key":"Replay:Bottled Snecko"},{"floor":49,"key":"Boot"},{"floor":49,"key":"Replay:Bottled Steam"}],"event_choices":[{"cards_removed":["champ:Strike"],"damage_healed":0.0,"max_hp_gain":0.0,"max_hp_loss":0.0,"gold_gain":0.0,"event_name":"Bonfire Elementals","player_choice":"Offered Basic","floor":27.0,"gold_loss":0.0,"damage_taken":0.0}],"is_beta":false,"boss_relics":[{"not_picked":["Replay:Grab Bag","Busted Crown"],"picked":"Black Star"},{"not_picked":["Runic Dome","Abe\u0027s Treasure"],"picked":"SlaversCollar"}],"items_purged_floors":[14,44],"is_endless":false,"potions_floor_spawned":[5,8,10,15,16,20,23,26,30,32,40,41,45,46,47,48,49,50,51],"ascension_level":2}}