{"host":"x5w9zppki4gdwvc7","time":1612137619,"event":{"mods":["AchievementEnabler","BaseMod","Colored Powertips","DeckTracker","Minty Spire (QoL Compilation)","Relic Sorter","SuperFastMode"],"gold_per_floor":[113,213,226,82,157,157,188,188,188,198,198,268,330,343,343,343,343],"floor_reached":16,"language":"ENG","playtime":880,"items_purged":["Defend_G"],"score":141,"play_id":"0b029355-70b5-4cac-af5a-e9e553eb6dee","local_time":"20210201010019","is_ascension_mode":true,"campfire_choices":[{"data":"Neutralize","floor":6,"key":"SMITH"},{"data":"Tools of the Trade","floor":8,"key":"SMITH"},{"floor":15,"key":"REST"}],"circlet_count":0,"master_deck":["Strike_G","Strike_G","Strike_G","Strike_G","Strike_G","Defend_G","Defend_G","Defend_G","Defend_G","Survivor","Neutralize+1","Noxious Fumes","Leg Sweep+1","Tools of the Trade+1","Acrobatics","Backflip+1","Blur","Acrobatics"],"relics":["Ring of the Snake","NeowsBlessing","InkBottle","Prayer Wheel","Peace Pipe"],"acts_visited":["Exordium"],"potions_floor_usage":[13,16,16],"damage_taken":[{"damage":0,"enemies":"2 Louse","floor":1,"turns":1},{"damage":0,"enemies":"Cultist","floor":3,"turns":1},{"damage":0,"enemies":"Lagavulin","floor":7,"turns":1},{"damage":9,"enemies":"Jaw Worm","floor":10,"turns":3},{"damage":10,"enemies":"3 Sentries","floor":13,"turns":9},{"damage":0,"enemies":"Blue Slaver","floor":14,"turns":6},{"damage":53,"enemies":"Slime Boss","floor":16,"turns":15}],"seed_played":"-3331215760348597593","potions_obtained":[{"floor":1,"key":"BlessingOfTheForge"},{"floor":7,"key":"Fire Potion"},{"floor":13,"key":"Block Potion"}],"is_trial":false,"path_per_floor":["M","?","M","$","?","R","E","R","T","M","?","T","?","M","R","B"],"character_chosen":"THE_SILENT","items_purchased":["Leg Sweep"],"campfire_rested":1,"item_purchase_floors":[4],"current_hp_per_floor":[70,70,70,70,59,59,59,59,59,50,36,36,26,26,47,0,0],"gold":343,"neow_bonus":"THREE_ENEMY_KILL","is_daily":false,"chose_seed":false,"campfire_upgraded":2,"win_rate":0.0,"timestamp":1612137619,"path_taken":["M","?","?","?","?","R","E","R","T","M","?","?","?","M","R","BOSS"],"items_purchased_type":["Card"],"build_version":"2020-12-22","purchased_purges":1,"victory":false,"max_hp_per_floor":[70,70,70,70,70,70,70,70,70,70,70,70,70,70,70,70,70],"card_choices":[{"not_picked":["Concentrate","Underhanded Strike"],"picked":"Noxious Fumes","floor":1},{"not_picked":["Cloak And Dagger","Poisoned Stab","Slice"],"picked":"SKIP","floor":3},{"not_picked":["Underhanded Strike","Finisher"],"picked":"Tools of the Trade","floor":7},{"not_picked":["Cloak And Dagger","Prepared"],"picked":"Acrobatics","floor":10},{"not_picked":["Cloak And Dagger","Deadly Poison"],"picked":"Backflip","floor":10},{"not_picked":["Storm of Steel","Poisoned Stab"],"picked":"Blur","floor":14},{"not_picked":["Bane","Dagger Spray"],"picked":"Acrobatics","floor":14}],"player_experience":351859,"relics_obtained":[{"floor":7,"key":"InkBottle"},{"floor":9,"key":"Prayer Wheel"},{"floor":13,"key":"Peace Pipe"}],"event_choices":[{"damage_healed":0,"gold_gain":100,"player_choice":"Pray","damage_taken":0,"max_hp_gain":0,"max_hp_loss":0,"event_name":"Golden Shrine","floor":2,"gold_loss":0},{"damage_healed":0,"gold_gain":75,"player_choice":"Gather Gold","damage_taken":11,"max_hp_gain":0,"max_hp_loss":0,"event_name":"World of Goop","floor":5,"gold_loss":0},{"damage_healed":0,"gold_gain":0,"player_choice":"Entered Light","damage_taken":14,"max_hp_gain":0,"max_hp_loss":0,"event_name":"Shining Light","floor":11,"gold_loss":0,"cards_upgraded":["Backflip","Leg Sweep"]},{"damage_healed":0,"gold_gain":0,"player_choice":"Searched \u00271\u0027 times","damage_taken":0,"max_hp_gain":0,"max_hp_loss":0,"event_name":"Dead Adventurer","floor":13,"gold_loss":0}],"is_beta":false,"boss_relics":[],"items_purged_floors":[4],"is_endless":false,"potions_floor_spawned":[1,7,13],"killed_by":"Slime Boss","ascension_level":3}}