{"host":"evny4tziu33vpgm7","time":1612177538,"event":{"mods":["2.2 Compatiblity","Astrologer","BaseMod","BetterRewards","Booster Modes","Card Filter","Clockwork Mod","Colored Map","Colored Powertips","Dota2Spire","Fox Events","Friendly Minions","GifTheSpireLib","Minty Spire (QoL Compilation)","Random Character Button","Random Character Mod","Rare Cards Sparkle","Relic Filter","Relic Sorter","Reliquary","Shop Mod","Spire Arcade","StSLib","SuperFastMode","The Blue Laboratory","The Construct","The Hierophant","TheSurvivalist","TheVacant","Yuri Mod","??????REMEMod"],"gold_per_floor":[189,149,239,239,84,84,84,84,84,84,175,250,349,10,10,189,189,273,2,2,2,139,139,139,191,191,282,722,837,849,143,143,123,123],"floor_reached":33,"language":"ENG","playtime":4063,"items_purged":["hierophant:OrnateJavelin","hierophant:OrnateJavelin"],"score":423,"play_id":"1833055d-bdbe-4172-8965-df0cfb37ec5c","local_time":"20210201040538","daily_mods":["SealedDeck","Heirloom","Flight","DeadlyEvents"],"is_ascension_mode":false,"campfire_choices":[{"data":"hierophant:ThreeLashes","floor":6,"key":"SMITH"},{"data":"hierophant:ThreeLashes","floor":7,"key":"SMITH"},{"data":"hierophant:ThreeLashes","floor":8,"key":"SMITH"},{"data":"hierophant:Doubloon","floor":10,"key":"SMITH"},{"data":"hierophant:Doubloon","floor":15,"key":"SMITH"},{"data":"hierophant:Batter","floor":23,"key":"SMITH"},{"data":"hierophant:Dazzle","floor":24,"key":"SMITH"},{"data":"hierophant:Doubloon","floor":30,"key":"SMITH"},{"data":"hierophant:Cornucopia","floor":32,"key":"SMITH"}],"circlet_count":0,"master_deck":["hierophant:Encroach","hierophant:ThreeLashes+1","hierophant:Mercenaries","hierophant:Remorse","hierophant:ThreeLashes+1","hierophant:CursedGold","hierophant:RecallFunds","hierophant:BulkyChest","hierophant:Doubloon+1","hierophant:Doubloon+1","hierophant:Doubloon","survmod:NeedleShot","hierophant:ThreeLashes+1","hierophant:Doubloon+1","hierophant:Remorse","hierophant:AuricShield","REME_HeartOfCthun","hierophant:LocustPlague","hierophant:Doubloon+1","hierophant:Dazzle+1","hierophant:Doubloon","hierophant:Remorse","hierophant:Doubloon","hierophant:Batter+1","hierophant:Doubloon","hierophant:ConvertCurrency+1","hierophant:Cornucopia+1","REME_AllRoundStrike"],"relics":["hierophant:PropheticMaskRelic","REME_ComplimentaryCards","reliquary:WeakTea","Dota2Spire:PowerTreads","Strange Spoon","reliquary:Craggleroot","Dota2Spire:Dagon","MerchantsRug","REME_HourglassOfDeath","reliquary:Aerogel","reliquary:TuningFork","Shuriken","Matryoshka","Membership Card","reliquary:PartyBalloon"],"acts_visited":["Exordium","TheCity"],"potions_floor_usage":[31,33,33],"damage_taken":[{"damage":12,"enemies":"Small Slimes","floor":1,"turns":2},{"damage":0,"enemies":"Cultist","floor":3,"turns":2},{"damage":0,"enemies":"Jaw Worm","floor":11,"turns":1},{"damage":0,"enemies":"Gremlin Nob","floor":12,"turns":2},{"damage":20,"enemies":"3 Sentries","floor":13,"turns":5},{"damage":18,"enemies":"Slime Boss","floor":16,"turns":7},{"damage":10,"enemies":"Spheric Guardian","floor":18,"turns":3},{"damage":39,"enemies":"Book of Stabbing","floor":22,"turns":4},{"damage":24,"enemies":"REME_1_Revenger","floor":27,"turns":3},{"damage":5,"enemies":"Book of Stabbing","floor":28,"turns":3},{"damage":0,"enemies":"Slavers","floor":29,"turns":4},{"damage":29,"enemies":"Champ","floor":33,"turns":3}],"seed_played":"7456708007536331525","potions_obtained":[{"floor":2,"key":"blueLaboratory:ImpenetrablePotion"},{"floor":2,"key":"blueLaboratory:StoneskinPotion"},{"floor":2,"key":"FairyPotion"},{"floor":11,"key":"SkillPotion"},{"floor":22,"key":"SkillPotion"},{"floor":27,"key":"blueLaboratory:RecallPotion"}],"is_trial":true,"path_per_floor":["M","?","M","T","$","R","R","R","T","R","M","E","E","$","R","B",null,"M","$","?","?","E","R","R","T","T","E","E","E","R","$","R","B"],"character_chosen":"HIEROPHANT","items_purchased":["MerchantsRug","REME_HeartOfCthun","Strange Spoon","hierophant:Dazzle","Dota2Spire:PowerTreads","hierophant:Remorse","hierophant:Batter","Membership Card","Fruit Juice","reliquary:PartyBalloon","hierophant:Cornucopia","REME_AllRoundStrike","blueLaboratory:NullPotion"],"campfire_rested":0,"item_purchase_floors":[5,14,14,19,19,19,19,31,31,31,31,31,31],"current_hp_per_floor":[63,63,63,63,63,63,63,63,63,63,63,63,43,43,43,25,75,65,65,51,51,12,12,12,12,12,24,19,19,19,24,24,0,0],"gold":123,"neow_bonus":"","is_daily":false,"chose_seed":false,"campfire_upgraded":9,"win_rate":0.0,"timestamp":1612177538,"path_taken":["M","?","?","?","$","R","R","R","T","R","M","?","E","$","R","BOSS","M","$","?","?","?","R","R","?","T","E","E","?","R","$","R","BOSS"],"items_purchased_type":["Relic","Card","Relic","Card","Relic","Card","Card","Relic","Potion","Relic","Card","Card","Potion"],"build_version":"2020-12-22","purchased_purges":2,"victory":false,"max_hp_per_floor":[75,75,75,75,75,75,75,75,75,75,75,75,75,75,75,75,75,75,75,80,80,80,80,80,80,80,80,80,80,80,85,85,85,85],"card_choices":[{"not_picked":["hierophant:Smite","hierophant:RustyCrate","hierophant:Empathy"],"picked":"SKIP","floor":1},{"not_picked":["hierophant:Purify","hierophant:Racketeering"],"picked":"hierophant:ThreeLashes","floor":3},{"not_picked":["hierophant:Shelter","hierophant:FlamingChariot"],"picked":"hierophant:Remorse","floor":11},{"not_picked":["hierophant:Anathema","hierophant:Purify","hierophant:OrnateJavelin"],"picked":"SKIP","floor":12},{"not_picked":["hierophant:OrnateJavelin","hierophant:Encroach"],"picked":"hierophant:AuricShield","floor":13},{"not_picked":["hierophant:Invocation","hierophant:WrathOfGod"],"picked":"hierophant:LocustPlague","floor":16},{"not_picked":["hierophant:OrnateJavelin","hierophant:HolyVerse+1"],"picked":"hierophant:Doubloon+1","floor":18},{"not_picked":["hierophant:SecretStash+1","hierophant:Doomsaying","hierophant:RustyCrate+1"],"picked":"SKIP","floor":22},{"not_picked":["hierophant:Endure","hierophant:AuricShield"],"picked":"hierophant:ConvertCurrency+1","floor":27},{"not_picked":["hierophant:PassingBell","hierophant:FlamingChariot","hierophant:DisplayOfPower"],"picked":"SKIP","floor":28},{"not_picked":["hierophant:Charity+1","hierophant:Zeal","hierophant:Blessing"],"picked":"SKIP","floor":29}],"player_experience":1601001,"relics_obtained":[{"floor":4,"key":"Dota2Spire:Dagon"},{"floor":9,"key":"Dota2Spire:MantaStyle"},{"floor":12,"key":"reliquary:WeakTea"},{"floor":13,"key":"REME_HourglassOfDeath"},{"floor":22,"key":"reliquary:Aerogel"},{"floor":25,"key":"reliquary:TuningFork"},{"floor":26,"key":"Shuriken"},{"floor":27,"key":"MawBank"},{"floor":28,"key":"Old Coin"},{"floor":29,"key":"Matryoshka"}],"event_choices":[{"damage_healed":0,"gold_gain":0,"player_choice":"Bought 3 Potions","damage_taken":0,"max_hp_gain":0,"max_hp_loss":0,"event_name":"The Woman in Blue","floor":2,"gold_loss":0},{"damage_healed":0,"gold_gain":0,"player_choice":"Shed Blood","damage_taken":19,"max_hp_gain":5,"max_hp_loss":0,"event_name":"Forgotten Altar","floor":20,"gold_loss":0},{"damage_healed":0,"gold_gain":0,"player_choice":"Ignored","damage_taken":0,"max_hp_gain":0,"max_hp_loss":0,"event_name":"NoteForYourself","floor":21,"gold_loss":0}],"is_beta":false,"boss_relics":[{"not_picked":["Ectoplasm","Calling Bell"],"picked":"reliquary:Craggleroot"}],"items_purged_floors":[5,31],"is_endless":false,"potions_floor_spawned":[11,12,22,27],"killed_by":"Champ","ascension_level":0}}