{"host":"mmz2kvn5kzkhi5zs","time":1612152543,"event":{"mods":["Act Like it!","BaseMod","Downfall","Hallownest","Marisa????????","Minty Spire (QoL Compilation)","Replay The Spire","StSLib","The Bug Knight","The Cursed","The Jungle"],"gold_per_floor":[115,115,127,6,48,48,1,16,16,16,16,27,60,94,94,215,215,257,257,17,70,70,70,138,212,212,212,283,283,283,29,29,188,188,247,291,39,39,128,128,212,267,267,267,342,342,32,32,32,32],"floor_reached":51,"language":"ENG","playtime":9375,"items_purged":[],"score":750,"play_id":"705aff62-1aca-42c7-8bc3-cfda43c0085e","local_time":"20210131220903","is_ascension_mode":false,"campfire_choices":[{"floor":6,"key":"REST"},{"data":"OortCloud","floor":11,"key":"SMITH"},{"data":"WitchOfGreed","floor":15,"key":"SMITH"},{"data":"PropBag","floor":23,"key":"SMITH"},{"floor":27,"key":"REST"},{"floor":32,"key":"REST"},{"floor":40,"key":"REST"},{"floor":44,"key":"REST"}],"circlet_count":0,"master_deck":["Strike_MRS","Strike_MRS","Strike_MRS","Defend_MRS","Defend_MRS","Defend_MRS","Defend_MRS","MasterSpark","UpSweep","PropBag+1","MilkyWay","OortCloud+1","IllusionStar","PowerUp","PowerUp","DC","MilkyWay","WitchOfGreed+1","PowerUp","TreasureHunter","CurseOfTheBell","MilkyWay+1","theJungle:PetSnecko","WitchOfGreed","Sadistic Nature","Singularity","NonDirectionalLaser","WitchOfGreed","OpenUniverse","PropBag+1","Shame","JA","LuminesStrike+1","OneTimeOff+1","Apotheosis","OrrerysSun","PulseMagic+1","OrrerysSun+1","WitchLeyline","Pot Of Greed","Pot Of Greed","Pot Of Greed","Pot Of Greed","GasGiant+1","Hallucinations"],"relics":["MiniHakkero","Hallownest:DreamNailRelic","Lizard Tail","Hallownest:TeacherSealRelic","Bird Faced Urn","Calling Bell","Ancient Tea Set","BreadOfAWashokuLover","Replay:Multitool","Replay:Bottled Flurry","theJungle:PaperFaux","Replay:WaspNest","ExperimentalFamiliar","HandmadeGrimoire","Grinning Jar","ReplayTheSpireMod:Ring of Exchange","Ring of Misfortune","ReplayTheSpireMod:TigerMarble","Toolbox"],"acts_visited":["Hallownest:Greenpath","Hallownest:Greenpath","Hallownest:KingdomsEdge"],"potions_floor_usage":[13,16,16,16,18,24,25,28,33,33,33,35,36,36,36,39,41,41,41,45,45,45,50,50,50],"damage_taken":[{"damage":3,"enemies":"Hallownest:monsterHuskWarrior","floor":1,"turns":3},{"damage":10,"enemies":"Hallownest:monsterHuskGuard","floor":3,"turns":5},{"damage":1,"enemies":"Hallownest:2_MossCreeps","floor":8,"turns":4},{"damage":8,"enemies":"Hallownest:Wandering_and_Horned","floor":12,"turns":4},{"damage":9,"enemies":"Hallownest:eliteCrystalGuardian","floor":13,"turns":4},{"damage":2,"enemies":"Hallownest:2_Tiktiks_1_Baldur_1_Crawlid","floor":14,"turns":5},{"damage":79,"enemies":"Hallownest:BossHornet","floor":16,"turns":8},{"damage":17,"enemies":"theJungle:GiantWrat","floor":18,"turns":7},{"damage":5,"enemies":"theJungle:5_Spyders","floor":21,"turns":10},{"damage":0,"enemies":"theJungle:Snecko_Cultist_And_Trap","floor":24,"turns":6},{"damage":57,"enemies":"theJungle:JungleHuntersEncounter","floor":25,"turns":8},{"damage":18,"enemies":"theJungle:SlimyTreeVines","floor":28,"turns":8},{"damage":12,"enemies":"theJungle:FunGuy","floor":33,"turns":11},{"damage":17,"enemies":"Hallownest:Shield_Heavy","floor":35,"turns":5},{"damage":43,"enemies":"Hallownest:2_Littles","floor":36,"turns":5},{"damage":51,"enemies":"Hallownest:Shield_Sturdy","floor":39,"turns":6},{"damage":18,"enemies":"Hallownest:eliteCollector","floor":41,"turns":15},{"damage":25,"enemies":"Hallownest:monsterPrimalAspid","floor":42,"turns":3},{"damage":18,"enemies":"Hallownest:Xero_Hu_Marmu","floor":45,"turns":6},{"damage":43,"enemies":"Hallownest:Radiance","floor":50,"turns":9}],"seed_played":"4984834686545009025","potions_obtained":[{"floor":1,"key":"Explosive Potion"},{"floor":3,"key":"AttackPotion"},{"floor":5,"key":"CultistPotion"},{"floor":5,"key":"CultistPotion"},{"floor":14,"key":"Adrenaline Potion"},{"floor":16,"key":"Guardian:BlockOnCardUsePotion"},{"floor":18,"key":"ColorlessPotion"},{"floor":18,"key":"Block Potion"},{"floor":21,"key":"DistilledChaos"},{"floor":21,"key":"LiquidBronze"},{"floor":24,"key":"Reflective Coating"},{"floor":25,"key":"Fire Potion"},{"floor":28,"key":"AttackPotion"},{"floor":33,"key":"GamblersBrew"},{"floor":33,"key":"BlessingOfTheForge"},{"floor":33,"key":"PowerPotion"},{"floor":35,"key":"Fire Potion"},{"floor":36,"key":"Cursed Concoction"},{"floor":36,"key":"EssenceOfSteel"},{"floor":39,"key":"bronze:BurnAndBuffPotion"},{"floor":39,"key":"LiquidBronze"},{"floor":41,"key":"LiquidMemories"},{"floor":41,"key":"Explosive Potion"},{"floor":41,"key":"sneckomod:MuddlingPotion"},{"floor":42,"key":"LiquidBronze"},{"floor":45,"key":"Fire Potion"},{"floor":45,"key":"Strength Potion"},{"floor":45,"key":"BottledSpark"},{"floor":45,"key":"champ:CounterPotion"}],"is_trial":false,"path_per_floor":["M","?","M","$","?","R","$","M","T","?","R","M","E","M","R","B",null,"M","?","$","M","?","R","M","M","T","R","M","?","?","$","R","B",null,"M","M","$","?","M","R","E","M","T","R","M","?","$","?","R","B",null],"character_chosen":"MARISA","items_purchased":["OortCloud","IllusionStar","PowerUp","WitchOfGreed","Sadistic Nature","Replay:WaspNest","Apotheosis","OrrerysSun","ReplayTheSpireMod:TigerMarble","Toolbox"],"campfire_rested":5,"item_purchase_floors":[4,4,7,20,20,31,37,37,47,47],"current_hp_per_floor":[79,79,69,69,69,82,82,81,81,81,81,73,64,66,66,37,82,69,69,69,72,72,72,82,29,29,53,58,60,60,60,82,78,82,73,44,44,44,17,41,43,22,22,46,40,40,40,55,79,53],"gold":32,"neow_bonus":"TEN_PERCENT_HP_BONUS","is_daily":false,"chose_seed":false,"campfire_upgraded":3,"win_rate":0.0,"timestamp":1612152543,"path_taken":["M","?","?","?","?","R","?","M","T","?","R","M","E","M","R","BOSS","M","?","$","M","?","R","M","?","T","R","M","?","?","$","R","BOSS","M","M","$","?","M","R","E","M","T","R","?","?","$","?","R","BOSS"],"items_purchased_type":["Card","Card","Card","Card","Card","Relic","Card","Card","Relic","Relic"],"build_version":"2020-12-22","purchased_purges":0,"victory":true,"max_hp_per_floor":[82,82,82,82,82,82,82,82,82,82,82,82,82,82,82,82,82,82,82,82,82,82,82,82,82,82,82,82,82,82,82,82,82,82,82,82,82,82,82,82,82,82,82,82,82,82,82,82,82,82],"card_choices":[{"not_picked":["FairyDestructionRay","GalacticHalo"],"picked":"PropBag","floor":1},{"not_picked":["NonDirectionalLaser","GalacticHalo"],"picked":"MilkyWay","floor":3},{"not_picked":["ShootingEcho","FairyDestructionRay"],"picked":"PowerUp","floor":5},{"not_picked":["GrandCross","AsteroidBelt"],"picked":"DC","floor":8},{"not_picked":["RefractionSpark","DoubleSpark"],"picked":"MilkyWay","floor":12},{"not_picked":["StarBarrage","DarkSpark"],"picked":"WitchOfGreed","floor":13},{"not_picked":["WitchLeyline","MysteriousBeam"],"picked":"PowerUp","floor":14},{"not_picked":["SatelliteIllusion","ManaRampage"],"picked":"TreasureHunter","floor":16},{"not_picked":["StarlightTyphoon","PowerUp"],"picked":"MilkyWay+1","floor":18},{"not_picked":["WitchLeyline","GrandCross+1"],"picked":"Singularity","floor":21},{"not_picked":["ShootTheMoon","OneTimeOff+1"],"picked":"WitchOfGreed","floor":24},{"not_picked":["DC","Robbery"],"picked":"OpenUniverse","floor":25},{"not_picked":["MilkyWay+1","PulseMagic+1"],"picked":"PropBag","floor":28},{"not_picked":["BlazingStar","BigCrunch"],"picked":"JA","floor":33},{"not_picked":["NonDirectionalLaser+1","PropBag"],"picked":"LuminesStrike+1","floor":35},{"not_picked":["GrandCross","LuminesStrike"],"picked":"OneTimeOff+1","floor":36},{"not_picked":["SprinkleStarSeal+1","Orbital+1"],"picked":"PulseMagic+1","floor":39},{"not_picked":["SatelliteIllusion","AbsoluteMagnitude"],"picked":"OrrerysSun+1","floor":41},{"not_picked":["ShootingEcho+1","EventHorizon"],"picked":"WitchLeyline","floor":42},{"not_picked":["StarlightTyphoon","GrandCross"],"picked":"GasGiant+1","floor":45}],"player_experience":10665,"relics_obtained":[{"floor":9,"key":"Lizard Tail"},{"floor":13,"key":"Bird Faced Urn"},{"floor":17,"key":"Ancient Tea Set"},{"floor":17,"key":"BreadOfAWashokuLover"},{"floor":17,"key":"Replay:Multitool"},{"floor":26,"key":"Replay:Bottled Flurry"},{"floor":41,"key":"HandmadeGrimoire"},{"floor":43,"key":"Grinning Jar"},{"floor":46,"key":"ReplayTheSpireMod:Ring of Exchange"},{"floor":46,"key":"Ring of Misfortune"}],"event_choices":[{"damage_healed":0,"gold_gain":0,"cards_transformed":["Strike_MRS"],"player_choice":"Transformed","damage_taken":0,"max_hp_gain":0,"max_hp_loss":0,"event_name":"Transmorgrifier","floor":22,"gold_loss":0,"cards_obtained":["NonDirectionalLaser"]}],"is_beta":false,"boss_relics":[{"not_picked":["Coffee Dripper","Snecko Eye"],"picked":"Calling Bell"},{"not_picked":["Painkiller Herb","Runic Dome"],"picked":"ExperimentalFamiliar"}],"items_purged_floors":[],"is_endless":false,"potions_floor_spawned":[1,3,14,18,21,28,39,41,45],"ascension_level":0}}