{"host":"e0kes70z4atl8xdk","time":1612196853,"event":{"mods":["AchievementEnabler","BaseMod","Colored Map","Colored Powertips","Minty Spire (QoL Compilation)","Rare Cards Sparkle","Relic Stats"],"gold_per_floor":[112,112,135,155,0,0,36,36,36,36,49,65,96,61,61,187,187,212,236,40,61,61,61,102,102,102],"floor_reached":25,"language":"ENG","playtime":1675,"items_purged":["Strike_R"],"score":323,"play_id":"50cb043e-5e8e-4ba1-b030-546b432eaea4","local_time":"20210201172733","is_ascension_mode":true,"campfire_choices":[{"data":"Sword Boomerang","floor":6.0,"key":"SMITH"},{"data":"Trip","floor":8.0,"key":"SMITH"},{"floor":10.0,"key":"REST"},{"data":"Rampage","floor":15.0,"key":"SMITH"},{"data":"Cleave","floor":23,"key":"SMITH"}],"circlet_count":0,"master_deck":["Strike_R","Strike_R","Defend_R","Defend_R","Defend_R","Defend_R","Bash","Trip+1","Sword Boomerang+1","Twin Strike","Disarm","Rampage+1","Heavy Blade","Corruption","Headbutt+1","Cleave+1","Dropkick","Armaments+1"],"relics":["Burning Blood","Golden Idol","Orichalcum","Blue Candle","Self Forming Clay","Boot","Empty Cage","MealTicket"],"acts_visited":["Exordium","TheCity"],"potions_floor_usage":[21,24],"damage_taken":[{"damage":13.0,"enemies":"2 Louse","floor":1.0,"turns":2.0},{"damage":9.0,"enemies":"Jaw Worm","floor":3.0,"turns":3.0},{"damage":7.0,"enemies":"Small Slimes","floor":4.0,"turns":3.0},{"damage":28.0,"enemies":"Lagavulin","floor":7.0,"turns":5.0},{"damage":4.0,"enemies":"2 Fungi Beasts","floor":11.0,"turns":3.0},{"damage":2.0,"enemies":"Lots of Slimes","floor":12.0,"turns":3.0},{"damage":19.0,"enemies":"3 Sentries","floor":13.0,"turns":8.0},{"damage":18.0,"enemies":"Slime Boss","floor":16.0,"turns":8.0},{"damage":6.0,"enemies":"3 Byrds","floor":18.0,"turns":4.0},{"damage":16.0,"enemies":"Shell Parasite","floor":19.0,"turns":5.0},{"damage":6,"enemies":"Cultist and Chosen","floor":21,"turns":5},{"damage":51,"enemies":"Book of Stabbing","floor":24,"turns":6},{"damage":18,"enemies":"Shelled Parasite and Fungi","floor":25,"turns":3}],"seed_played":"-7962324450812091876","potions_obtained":[{"floor":7.0,"key":"Strength Potion"},{"floor":11.0,"key":"BlessingOfTheForge"},{"floor":12.0,"key":"Block Potion"},{"floor":13.0,"key":"GamblersBrew"},{"floor":16.0,"key":"Fire Potion"},{"floor":18.0,"key":"Explosive Potion"},{"floor":21,"key":"Block Potion"}],"is_trial":false,"path_per_floor":["M","?","M","M","$","R","E","R","T","R","M","M","E","?","R","B",null,"M","M","$","M","$","R","E","M"],"character_chosen":"IRONCLAD","items_purchased":["Orichalcum","CultistPotion","Cleave"],"campfire_rested":1,"item_purchase_floors":[5,20,20],"current_hp_per_floor":[65,65,62,61,61,61,39,39,39,61,63,67,54,72,72,60,71,71,61,61,61,61,61,16,0,0],"gold":102,"neow_bonus":"RANDOM_COLORLESS","is_daily":false,"chose_seed":false,"campfire_upgraded":4,"win_rate":0.0,"timestamp":1612196853,"path_taken":["M","?","M","M","$","R","E","R","T","R","M","M","E","?","R","BOSS","M","M","$","M","$","R","E","M"],"items_purchased_type":["Relic","Potion","Card"],"build_version":"2020-12-22","purchased_purges":1,"victory":false,"max_hp_per_floor":[80,74,74,74,74,74,74,74,74,74,74,74,74,74,74,74,74,74,74,74,74,74,74,74,74,74],"relic_stats":{"counters":[13,58],"Golden Idol":75,"Self Forming Clay":[81],"Blue Candle":[0],"MealTicket":0,"Orichalcum":[126],"Boot":[82],"obtain_stats":[{"Golden Idol":2,"Self Forming Clay":9,"Blue Candle":7,"MealTicket":24,"Orichalcum":5,"Boot":13,"Empty Cage":17,"Burning Blood":0},{"Golden Idol":1,"Self Forming Clay":4,"Blue Candle":4,"MealTicket":12,"Orichalcum":3,"Boot":7,"Empty Cage":8,"Burning Blood":0},{"Golden Idol":2,"Self Forming Clay":13,"Blue Candle":13,"MealTicket":55,"Orichalcum":8,"Boot":27,"Empty Cage":35,"Burning Blood":0}],"Burning Blood":72},"card_choices":[{"not_picked":["Madness","Impatience"],"picked":"Trip","floor":0.0},{"not_picked":["Perfected Strike","Havoc","Pummel"],"picked":"SKIP","floor":1.0},{"not_picked":["Perfected Strike","Feel No Pain"],"picked":"Sword Boomerang","floor":3.0},{"not_picked":["True Grit","Rage"],"picked":"Twin Strike","floor":4.0},{"not_picked":["Offering","Feel No Pain"],"picked":"Disarm","floor":7.0},{"not_picked":["Sever Soul","Metallicize"],"picked":"Rampage","floor":11.0},{"not_picked":["Clothesline","Warcry","Bloodletting"],"picked":"SKIP","floor":12.0},{"not_picked":["Clothesline","Twin Strike"],"picked":"Heavy Blade","floor":13.0},{"not_picked":["Brutality","Impervious"],"picked":"Corruption","floor":16.0},{"not_picked":["Thunderclap","Armaments"],"picked":"Headbutt+1","floor":18.0},{"not_picked":["Second Wind","Rampage","Flex"],"picked":"SKIP","floor":19.0},{"not_picked":["Combust","Headbutt"],"picked":"Dropkick","floor":21},{"not_picked":["Limit Break","Disarm"],"picked":"Armaments+1","floor":24}],"player_experience":226900,"relics_obtained":[{"floor":7.0,"key":"Blue Candle"},{"floor":9.0,"key":"Self Forming Clay"},{"floor":13.0,"key":"Boot"},{"floor":24,"key":"MealTicket"}],"event_choices":[{"damage_healed":0.0,"max_hp_gain":0.0,"max_hp_loss":6.0,"gold_gain":0.0,"event_name":"Golden Idol","player_choice":"Lose Max HP","floor":2.0,"gold_loss":0.0,"damage_taken":0.0,"relics_obtained":["Golden Idol"]},{"damage_healed":18.0,"max_hp_gain":0.0,"max_hp_loss":0.0,"gold_gain":0.0,"event_name":"The Cleric","player_choice":"Healed","floor":14.0,"gold_loss":35.0,"damage_taken":0.0}],"is_beta":false,"boss_relics":[{"not_picked":["Snecko Eye","Tiny House"],"picked":"Empty Cage"}],"items_purged_floors":[20],"is_endless":false,"potions_floor_spawned":[7,11,12,13,16,18,21],"killed_by":"Shelled Parasite and Fungi","ascension_level":8}}