{"host":"jm9833yuloeli2yd","time":1612201345,"event":{"mods":["BaseMod","Better Altar","Better Match","Better Note","Better Sensory Stone","Better Skull","Better Third Choice","Better Vampires","BetterRewards","Colored Map","Colored Powertips","DeckTracker","Minty Spire (QoL Compilation)","Permanent Neow","Quick Restart","StSLib","SuperFastMode"],"gold_per_floor":[50,50,108,118,7,53,53,87,87,103,142,196,210,41,41,41,41],"floor_reached":16,"language":"ENG","playtime":514,"items_purged":[],"score":228,"play_id":"0698e113-6547-4460-819f-1e52e84813a8","local_time":"20210201124225","is_ascension_mode":true,"campfire_choices":[{"data":"Rip and Tear","floor":7.0,"key":"SMITH"},{"floor":15,"key":"REST"}],"circlet_count":0,"master_deck":["AscendersBane","Strike_B","Strike_B","Strike_B","Strike_B","Defend_B","Defend_B","Defend_B","Defend_B","Zap","Dualcast","HandOfGreed","Sweeping Beam","Flash of Steel","Auto Shields","Go for the Eyes","FTL","Leap","Rip and Tear+1","Steam","Double Energy","Coolheaded"],"relics":["Cracked Core","Toy Ornithopter","Thread and Needle","Blue Candle","Bag of Preparation"],"acts_visited":["Exordium"],"potions_floor_usage":[16,16],"damage_taken":[{"damage":3.0,"enemies":"2 Louse","floor":1.0,"turns":4.0},{"damage":9.0,"enemies":"Small Slimes","floor":3.0,"turns":5.0},{"damage":0.0,"enemies":"Cultist","floor":4.0,"turns":2.0},{"damage":29.0,"enemies":"Lagavulin","floor":6.0,"turns":8.0},{"damage":8,"enemies":"Gremlin Nob","floor":8,"turns":3},{"damage":0,"enemies":"Large Slime","floor":10,"turns":5},{"damage":0,"enemies":"3 Louse","floor":11,"turns":4},{"damage":5,"enemies":"Gremlin Gang","floor":12,"turns":4},{"damage":6,"enemies":"Exordium Thugs","floor":13,"turns":5},{"damage":36,"enemies":"Hexaghost","floor":16,"turns":11}],"seed_played":"4046171975753896826","potions_obtained":[{"floor":8,"key":"SneckoOil"},{"floor":10,"key":"Dexterity Potion"},{"floor":11,"key":"Strength Potion"},{"floor":13,"key":"Energy Potion"}],"is_trial":false,"path_per_floor":["M","?","M","M","$","E","R","E","T","M","M","M","M","$","R","B"],"character_chosen":"DEFECT","items_purchased":["FTL","Leap","Bag of Preparation"],"campfire_rested":1,"item_purchase_floors":[5,5,14],"current_hp_per_floor":[61,61,52,52,52,23,23,15,15,15,15,10,4,4,25,0,0],"gold":41,"neow_bonus":"RANDOM_COLORLESS_2","is_daily":false,"chose_seed":false,"campfire_upgraded":1,"win_rate":0.0,"timestamp":1612201345,"path_taken":["M","?","M","M","$","E","R","E","T","M","M","?","M","$","R","BOSS"],"items_purchased_type":["Card","Card","Relic"],"build_version":"2020-12-22","purchased_purges":0,"victory":false,"max_hp_per_floor":[71,71,71,71,71,71,71,71,71,71,71,71,71,71,71,71,71],"card_choices":[{"not_picked":["Violence","Master of Strategy"],"picked":"HandOfGreed","floor":0.0},{"not_picked":["Conserve Battery","Tempest"],"picked":"Sweeping Beam","floor":1.0},{"not_picked":["Enlightenment","Sadistic Nature"],"picked":"Flash of Steel","floor":2.0},{"not_picked":["Streamline","Chaos"],"picked":"Auto Shields","floor":3.0},{"not_picked":["Leap","Heatsinks"],"picked":"Go for the Eyes","floor":4.0},{"not_picked":["Multi-Cast","Redo"],"picked":"Rip and Tear","floor":6.0},{"not_picked":["Stack","Redo","Chaos"],"picked":"SKIP","floor":8},{"not_picked":["Sweeping Beam","Rip and Tear","Barrage"],"picked":"SKIP","floor":10},{"not_picked":["Sweeping Beam","Barrage"],"picked":"Steam","floor":11},{"not_picked":["Force Field","Cold Snap"],"picked":"Double Energy","floor":12},{"not_picked":["Compile Driver","Blizzard"],"picked":"Coolheaded","floor":13}],"player_experience":1354752,"relics_obtained":[{"floor":6.0,"key":"Toy Ornithopter"},{"floor":8,"key":"Thread and Needle"},{"floor":9,"key":"Blue Candle"}],"event_choices":[{"damage_healed":0.0,"max_hp_gain":0.0,"max_hp_loss":0.0,"gold_gain":1.0,"event_name":"betterStone:BetterStone","player_choice":"1","floor":2.0,"gold_loss":0.0,"damage_taken":0.0}],"is_beta":false,"boss_relics":[],"items_purged_floors":[],"is_endless":false,"potions_floor_spawned":[8,10,11,13],"killed_by":"Hexaghost","ascension_level":20}}