{"host":"b5fatnnekk5nir4z","time":1612183141,"event":{"mods":["Act Like it!","Aspiration","BaseMod","Better Match","Better Note","Better Sensory Stone","Better Skull","Better Third Choice","Better Vampires","Colored Powertips","Conspire","Downfall","Energized Spire","GifTheSpireLib","Gremlin Skip","Halation","Hubris","Infinite Spire","Marisa（F雨　魔理沙）","Mimic Mod","Minty Spire (QoL Compilation)","Pale of the Ancients","Permanent Neow","Reliquary","Replay The Spire","RumiaBox-露米娅的神秘盒子","Shop Mod","Spikes Relics","StSLib","Stuff the Spire","Trackpad"],"gold_per_floor":[99,114,134,134,153,171,209,220,220,232,252,286,302,345,365,473,473,473,500,500,526,526,526,526],"floor_reached":22,"language":"ZHS","playtime":1060,"items_purged":[],"score":227,"play_id":"4f85aedc-2c60-432d-87df-f47a86f88c3b","local_time":"20210201203901","is_ascension_mode":false,"campfire_choices":[{"floor":1.0,"key":"DIG"},{"floor":18,"key":"DIG"}],"circlet_count":0,"master_deck":["hexamod:Strike","hexamod:Strike","hexamod:Defend","hexamod:Defend","hexamod:Sear","hexamod:Float","hexamod:GhostOfSpirePresent","hexamod:InspiringFlames","hexamod:HauntingEcho","hexamod:SwordOfDarkness","hexamod:FastForward","hexamod:ShieldOfDarkness","hexamod:ForkedFlame","Decay","hexamod:Firestarter","hexamod:TimeOfNeed","hexamod:PhantomFireball","hexamod:SecondSeal","hexamod:AdvancingGuard","Fiend Fire"],"relics":["hexamod:SpiritBrand","Replay:Rubber Ducky","aspiration:FetidBarrel","hubris:DisguiseKit","Black Star","trackpad:SappingStone","halation:EternalFortune"],"acts_visited":["Exordium","TheCity"],"potions_floor_usage":[],"damage_taken":[{"damage":0.0,"enemies":"Cultist","floor":2.0,"turns":3.0},{"damage":0.0,"enemies":"conspire:RoseBush","floor":3.0,"turns":4.0},{"damage":0.0,"enemies":"Small Slimes","floor":5.0,"turns":2.0},{"damage":2.0,"enemies":"Blue Slaver","floor":6.0,"turns":4.0},{"damage":1.0,"enemies":"3 Louse","floor":7.0,"turns":5.0},{"damage":0.0,"enemies":"3 Louse","floor":8.0,"turns":2.0},{"damage":14.0,"enemies":"Exordium Thugs","floor":10.0,"turns":3.0},{"damage":8.0,"enemies":"conspire:2 RoseBushes","floor":11.0,"turns":4.0},{"damage":11.0,"enemies":"Gremlin Nob","floor":12.0,"turns":3.0},{"damage":0.0,"enemies":"Large Slime","floor":13.0,"turns":4.0},{"damage":0.0,"enemies":"Replay:BlueRogue","floor":14.0,"turns":5.0},{"damage":0.0,"enemies":"2 Fungi Beasts","floor":15.0,"turns":3.0},{"damage":18.0,"enemies":"IC_STATUS_ARCHETYPE","floor":16.0,"turns":9.0},{"damage":9,"enemies":"Shell Parasite","floor":19,"turns":8},{"damage":0,"enemies":"Chosen","floor":21,"turns":5},{"damage":2,"enemies":"Snake Plant","floor":22,"turns":2}],"seed_played":"3961983605173541809","potions_obtained":[{"floor":3.0,"key":"Guardian:BlockOnCardUsePotion"},{"floor":10.0,"key":"EntropicBrew"},{"floor":11.0,"key":"PowerPotion"},{"floor":16.0,"key":"Ancient Potion"}],"is_trial":false,"path_per_floor":["R","M","M","?","M","M","MIM","M","?","M","M","E","M","E","M","B",null,"R","M","?","M","M"],"character_chosen":"THE_SPIRIT","items_purchased":[],"campfire_rested":0,"item_purchase_floors":[],"current_hp_per_floor":[63,63,63,63,63,61,60,60,60,46,38,27,27,27,27,9,63,63,54,57,57,55,55,55],"gold":526,"neow_bonus":"TRANSFORM_TWO_CARDS","is_daily":false,"chose_seed":false,"campfire_upgraded":0,"win_rate":0.0,"timestamp":1612183141,"path_taken":["R","?","M","?","?","M","MIM","M","?","M","M","E","?","E","M","BOSS","R","M","?","M","M"],"items_purchased_type":[],"build_version":"2020-12-22","purchased_purges":0,"victory":false,"max_hp_per_floor":[63,63,63,63,63,63,63,63,63,63,63,63,63,63,63,63,63,63,63,66,66,66,66,66],"card_choices":[{"not_picked":["hexamod:HeatMetal","hexamod:BacktrackSmack"],"picked":"hexamod:InspiringFlames","floor":2.0},{"not_picked":["hexamod:GhostShield","hexamod:SpectersWail"],"picked":"hexamod:HauntingEcho","floor":3.0},{"not_picked":["hexamod:BurningTouch","hexamod:GhostShield"],"picked":"hexamod:SwordOfDarkness","floor":5.0},{"not_picked":["hexamod:Again","hexamod:Incineration"],"picked":"hexamod:FastForward","floor":6.0},{"not_picked":["hexamod:NightmareGuise","hexamod:StepThrough","hexamod:ShieldOfDarkness"],"picked":"SKIP","floor":8.0},{"not_picked":["hexamod:InspiringFlames","hexamod:SkipABeat","hexamod:HauntingEcho"],"picked":"SKIP","floor":10.0},{"not_picked":["hexamod:ThermalTransfer","hexamod:SpectralAdrenaline"],"picked":"hexamod:TimeOfNeed","floor":11.0},{"not_picked":["hexamod:GhostLash","hexamod:NightmareStrike"],"picked":"hexamod:PhantomFireball","floor":12.0},{"not_picked":["hexamod:Firestarter","hexamod:SoulSteal"],"picked":"hexamod:SecondSeal","floor":13.0},{"not_picked":["hexamod:SearingWound","hexamod:SwordOfDarkness","hexamod:BacktrackSmack"],"picked":"SKIP","floor":14.0},{"not_picked":["hexamod:BacktrackSmack","hexamod:GhostLash","StuffTheSpire:RockThrow"],"picked":"hexamod:AdvancingGuard","floor":15.0},{"not_picked":["hexamod:TimeOfNeed","hexamod:UnleashSpirits","hexamod:ParanormalForm"],"picked":"Fiend Fire","floor":16.0},{"not_picked":["hexamod:SwordOfDarkness","hexamod:FastForward","hexamod:GhostShield","StuffTheSpire:BloodClot"],"picked":"SKIP","floor":19},{"not_picked":["hexamod:SpectralAdrenaline","hexamod:ShieldOfDarkness","hexamod:SecondSeal","StuffTheSpire:Incineration"],"picked":"SKIP","floor":21}],"player_experience":19177,"relics_obtained":[{"floor":1.0,"key":"Replay:Rubber Ducky"},{"floor":12.0,"key":"aspiration:FetidBarrel"},{"floor":14.0,"key":"hubris:DisguiseKit"},{"floor":18,"key":"trackpad:SappingStone"}],"event_choices":[{"damage_healed":0.0,"max_hp_gain":0.0,"max_hp_loss":0.0,"gold_gain":0.0,"event_name":"betterNote:BetterNote","player_choice":"Ignored","floor":4.0,"gold_loss":0.0,"damage_taken":0.0,"cards_obtained":["SprinkleStarSeal"]}],"is_beta":false,"boss_relics":[{"not_picked":["Ring of Chaos","hexamod:UnbrokenSoul"],"picked":"Black Star"}],"items_purged_floors":[],"is_endless":false,"potions_floor_spawned":[3,10,11,14,16],"killed_by":"Snake Plant","ascension_level":0}}