{"host":"xg4r5pv6chpuampg","time":1612202567,"event":{"mods":["AchievementEnabler","BaseMod","Googly Eyes","Minty Spire (QoL Compilation)"],"gold_per_floor":[99,99,99,99,70,70,70,70,70,70,70,70,70,55,55,55,55,55,55,55,55,55,55,55,55,55,55,55,55,55,55,55,55,55],"floor_reached":33,"language":"ENG","playtime":1385,"items_purged":[],"score":259,"play_id":"5068724e-6114-4e30-a71e-d1700d913294","local_time":"20210201210247","is_ascension_mode":false,"campfire_choices":[{"data":"PiercingWail","floor":6,"key":"SMITH"},{"floor":13,"key":"REST"},{"data":"Skewer","floor":15,"key":"SMITH"},{"floor":23,"key":"REST"},{"floor":25,"key":"REST"},{"floor":30,"key":"REST"},{"data":"Malaise","floor":32,"key":"SMITH"}],"circlet_count":0,"master_deck":["Strike_G","Strike_G","Strike_G","Strike_G","Strike_G","Defend_G","Defend_G","Defend_G","Defend_G","Defend_G","Survivor","Neutralize","Slice","PiercingWail+1","Quick Slash","Finisher","Skewer+1","Predator","Backstab","Sucker Punch","Malaise+1","Backstab+1","Endless Agony","Dodge and Roll+1","Backstab+1","Noxious Fumes","All Out Attack+1"],"relics":["Ectoplasm","Bag of Preparation","Pantograph","Peace Pipe","Black Star","FossilizedHelix","White Beast Statue","Mummified Hand"],"acts_visited":["Exordium","TheCity"],"potions_floor_usage":[16,16,33,33,33],"damage_taken":[{"damage":1,"enemies":"Cultist","floor":1,"turns":4},{"damage":0,"enemies":"Small Slimes","floor":3,"turns":3},{"damage":0,"enemies":"Jaw Worm","floor":4,"turns":4},{"damage":3,"enemies":"Red Slaver","floor":7,"turns":4},{"damage":8,"enemies":"Exordium Wildlife","floor":8,"turns":2},{"damage":1,"enemies":"Exordium Thugs","floor":11,"turns":4},{"damage":5,"enemies":"Blue Slaver","floor":12,"turns":2},{"damage":0,"enemies":"Looter","floor":14,"turns":2},{"damage":19,"enemies":"The Guardian","floor":16,"turns":19},{"damage":10,"enemies":"Chosen","floor":18,"turns":3},{"damage":10,"enemies":"3 Byrds","floor":19,"turns":6},{"damage":4,"enemies":"Centurion and Healer","floor":21,"turns":5},{"damage":30,"enemies":"Gremlin Leader","floor":24,"turns":4},{"damage":14,"enemies":"Snake Plant","floor":29,"turns":2},{"damage":76,"enemies":"Champ","floor":33,"turns":16}],"seed_played":"5570861344411063488","potions_obtained":[{"floor":4,"key":"Dexterity Potion"},{"floor":11,"key":"Swift Potion"},{"floor":12,"key":"SpeedPotion"},{"floor":19,"key":"Poison Potion"},{"floor":20,"key":"BlessingOfTheForge"}],"is_trial":false,"path_per_floor":["M","?","M","M","?","R","M","M","T","T","M","M","R","M","R","B",null,"M","M","?","M","$","R","E","R","T","?","?","M","R","$","R","B"],"character_chosen":"THE_SILENT","items_purchased":[],"campfire_rested":4,"item_purchase_floors":[],"current_hp_per_floor":[69,57,57,57,57,57,54,46,46,46,45,40,61,61,61,51,70,60,50,50,46,46,67,37,58,58,58,58,44,65,65,65,0,0],"gold":55,"neow_bonus":"BOSS_RELIC","is_daily":false,"chose_seed":false,"campfire_upgraded":3,"win_rate":0.0,"timestamp":1612202567,"path_taken":["M","?","M","M","?","R","M","M","T","?","M","?","R","M","R","BOSS","M","M","?","M","?","R","E","R","T","?","?","M","R","$","R","BOSS"],"items_purchased_type":[],"build_version":"2020-12-22","purchased_purges":0,"victory":false,"max_hp_per_floor":[70,70,70,70,70,70,70,70,70,70,70,70,70,70,70,70,70,70,70,70,70,70,70,70,70,70,70,70,70,70,70,70,70,70],"card_choices":[{"not_picked":["Cloak And Dagger","Underhanded Strike"],"picked":"Slice","floor":1},{"not_picked":["Acrobatics","Slice"],"picked":"PiercingWail","floor":3},{"not_picked":["Infinite Blades","Slice"],"picked":"Quick Slash","floor":4},{"not_picked":["Prepared","Sucker Punch"],"picked":"Finisher","floor":7},{"not_picked":["Bane","Dodge and Roll"],"picked":"Skewer","floor":8},{"not_picked":["Blade Dance","Calculated Gamble"],"picked":"Predator","floor":11},{"not_picked":["Bane","Calculated Gamble"],"picked":"Backstab","floor":12},{"not_picked":["Dash","Bane"],"picked":"Sucker Punch","floor":14},{"not_picked":["Wraith Form v2","Doppelganger"],"picked":"Malaise","floor":16},{"not_picked":["Outmaneuver","Acrobatics"],"picked":"Backstab+1","floor":18},{"not_picked":["Acrobatics+1","Underhanded Strike"],"picked":"Endless Agony","floor":19},{"not_picked":["Dagger Spray+1","Deflect"],"picked":"Dodge and Roll+1","floor":21},{"not_picked":["Unload","Outmaneuver+1"],"picked":"Backstab+1","floor":24},{"not_picked":["Cloak And Dagger","Outmaneuver"],"picked":"All Out Attack+1","floor":29}],"player_experience":44661,"relics_obtained":[{"floor":9,"key":"Pantograph"},{"floor":10,"key":"Peace Pipe"},{"floor":24,"key":"FossilizedHelix"},{"floor":24,"key":"White Beast Statue"},{"floor":26,"key":"Mummified Hand"}],"event_choices":[{"damage_healed":0,"gold_gain":0,"player_choice":"Success","damage_taken":12,"relics_obtained":["Bag of Preparation"],"max_hp_gain":0,"max_hp_loss":0,"event_name":"Scrap Ooze","floor":2,"gold_loss":0},{"damage_healed":0,"gold_gain":0,"player_choice":"Left Gold","damage_taken":0,"max_hp_gain":0,"max_hp_loss":0,"event_name":"World of Goop","floor":5,"gold_loss":29},{"damage_healed":0,"gold_gain":0,"player_choice":"Got Potions","damage_taken":0,"max_hp_gain":0,"max_hp_loss":0,"event_name":"Lab","floor":20,"gold_loss":0},{"damage_healed":0,"gold_gain":0,"player_choice":"Read","damage_taken":0,"max_hp_gain":0,"max_hp_loss":0,"event_name":"The Library","floor":27,"gold_loss":0,"cards_obtained":["Noxious Fumes"]}],"is_beta":false,"boss_relics":[{"not_picked":["Empty Cage","Velvet Choker"],"picked":"Black Star"}],"items_purged_floors":[],"is_endless":false,"potions_floor_spawned":[4,11,12,19,29],"killed_by":"Champ","ascension_level":0}}