{"host":"bd3tl98ed0kk4173","time":1612202641,"event":{"mods":["Arknights","Aspiration","Astrologer","BaseMod","Beaked The Cultist","Better Altar","Better Match","Better Note","Better Sensory Stone","Better Skull","Better Third Choice","BetterRewards","CapriCore","Colored Map","Colored Powertips","Conspire","Duelist Mod","Emptier Cage","Energized Spire","GifTheSpireLib","GungeonMod","Halation","HexUI Lib","Highlight Path","Hubris","Infinite Spire","Jedi Mod","Jorbs\u0027s Wanderer Trilogy","Melee Mod","Minty Spire (QoL Compilation)","Permanent Neow","Quick Restart","Rare Cards Sparkle","Reliquary","Replay The Spire","SacredBarkPlus","Spicy Shops","Spire Arcade","StSLib","Stuff the Spire","TestMod","The Animator","The Blue Laboratory","The Death Knight","The Disciple","The Problem Sleuth","The Sage","The Valiant","??????REMEMod"],"gold_per_floor":[142,142,159,172,190,190,217,217,217,228,246,246,246,246,246,341,341,351,426,441,452,452],"floor_reached":21,"language":"ENG","playtime":2087,"items_purged":[],"score":208,"play_id":"71f23b7b-aa77-4964-ba54-1077e026aae4","local_time":"20210201130401","is_ascension_mode":false,"campfire_choices":[{"data":"theDuelist:BerserkerCrush","floor":6,"key":"SMITH"},{"data":"theDuelist:BerserkerCrush+1","floor":8,"key":"SMITH"},{"data":"theDuelist:BerserkerCrush+2","floor":15,"key":"SMITH"}],"circlet_count":0,"master_deck":["theDuelist:BeaverWarrior","theDuelist:BeaverWarrior","theDuelist:CastleWalls","theDuelist:CastleWalls","theDuelist:GiantSoldier","theDuelist:GiantSoldier","theDuelist:FairyBox","theDuelist:ScrapFactory+1","theDuelist:WhiteMagicalHat","theDuelist:DarkMirrorForce","theDuelist:PowerKaishin+1","theDuelist:BloodSparks","theDuelist:FinalFlame","theDuelist:MagicSparks","theDuelist:BerserkerCrush+3","theDuelist:GravityBlaster","theDuelist:PotDuality","theDuelist:DeltaMagnet","theDuelist:RainbowOverdragon","theDuelist:MeteorDestruction"],"relics":["theDuelist:MillenniumPuzzle","theDuelist:CardPoolRelic","theDuelist:CardPoolBasicRelic","theDuelist:BoosterPackPoolRelic","theDuelist:CardPoolAddRelic","theDuelist:CardPoolMinusRelic","theDuelist:CardPoolSaveRelic","theDuelist:CardPoolOptionsRelic","REME_ComplimentaryCards","testmod-TestBox","DemoMod:WhiteGuonStone","aspiration:HummingbirdHeart","hubris:Towel","StuffTheSpire:RunicHypercube","DemoMod:GlassGuonStoneRelic"],"acts_visited":["Exordium","TheCity"],"potions_floor_usage":[3,5,7,7,7,11],"damage_taken":[{"damage":0,"enemies":"conspire:RoseBush","floor":1,"turns":4},{"damage":0,"enemies":"Cultist","floor":3,"turns":5},{"damage":0,"enemies":"Jaw Worm","floor":4,"turns":3},{"damage":0,"enemies":"3 Louse","floor":5,"turns":1},{"damage":0,"enemies":"Gremlin Nob","floor":7,"turns":4},{"damage":0,"enemies":"2 Fungi Beasts","floor":10,"turns":5},{"damage":0,"enemies":"Blue Slaver","floor":11,"turns":4},{"damage":21,"enemies":"The Guardian","floor":16,"turns":16},{"damage":0,"enemies":"2 Thieves","floor":18,"turns":3},{"damage":0,"enemies":"Shell Parasite","floor":20,"turns":8},{"damage":0,"enemies":"Snake Plant","floor":21,"turns":2}],"seed_played":"-2580902252371180703","potions_obtained":[{"floor":1,"key":"theDuelist:VampireVial"},{"floor":2,"key":"EntropicBrew"},{"floor":2,"key":"theDuelist:BarricadePotion"},{"floor":4,"key":"Explosive Potion"}],"is_trial":false,"path_per_floor":["M","?","M","M","M","R","E","R","T","M","M","?","?","?","R","B",null,"M","?","M","M"],"character_chosen":"THE_DUELIST","items_purchased":[],"campfire_rested":0,"item_purchase_floors":[],"current_hp_per_floor":[80,80,80,84,84,84,84,84,84,88,88,88,88,88,88,67,88,88,80,84,84,84],"gold":452,"neow_bonus":"THREE_CARDS","is_daily":false,"chose_seed":false,"campfire_upgraded":3,"win_rate":0.0,"timestamp":1612202641,"path_taken":["M","?","M","M","M","R","E","R","T","?","M","?","?","?","R","BOSS","M","?","M","M"],"items_purchased_type":[],"build_version":"2020-12-22","purchased_purges":0,"victory":false,"max_hp_per_floor":[80,80,80,84,84,84,84,84,84,88,88,88,88,88,88,88,88,88,88,92,92,92],"card_choices":[{"not_picked":["theDuelist:SilentDoom","theDuelist:AfterTheStorm"],"picked":"theDuelist:FairyBox","floor":0},{"not_picked":["theDuelist:SpellShatteringArrow","theDuelist:CombinationAttack","theDuelist:BigFire","theDuelist:RainbowNeos"],"picked":"theDuelist:BerserkerCrush","floor":1},{"not_picked":["theDuelist:RainbowNeos","theDuelist:SpiritHarp","theDuelist:SpellShatteringArrow","theDuelist:ChaosSeed"],"picked":"theDuelist:WhiteMagicalHat","floor":3},{"not_picked":["theDuelist:CoreBlaster","theDuelist:CombinationAttack","theDuelist:SilentDoom","theDuelist:FuryFire"],"picked":"theDuelist:GravityBlaster","floor":4},{"not_picked":["theDuelist:BigFire","theDuelist:EgoBoost","theDuelist:WormApocalypse","theDuelist:DoubleTool"],"picked":"theDuelist:PowerKaishin","floor":5},{"not_picked":["theDuelist:Mudora","theDuelist:MillenniumScorpion","theDuelist:Fissure","theDuelist:CastleDarkIllusions"],"picked":"theDuelist:DarkMirrorForce","floor":7},{"not_picked":["theDuelist:SpellShatteringArrow","theDuelist:DoubleTool","theDuelist:CombinationAttack","theDuelist:BigFire","theDuelist:VenomShot"],"picked":"SKIP","floor":10},{"not_picked":["theDuelist:SpiralSpearStrike","theDuelist:Invigoration","theDuelist:Electrowhip","theDuelist:ElectromagneticShield"],"picked":"theDuelist:PotDuality","floor":11},{"not_picked":["theDuelist:RainbowNeos","theDuelist:KamionTimelord","theDuelist:HappyLover","theDuelist:Eva"],"picked":"theDuelist:RainbowOverdragon","floor":16},{"not_picked":["theDuelist:SpellShatteringArrow","theDuelist:DoubleTool","theDuelist:Invigoration","theDuelist:Eva+1","theDuelist:BigKoala"],"picked":"SKIP","floor":18},{"not_picked":["theDuelist:SpellShatteringArrow","theDuelist:CoreBlaster+1","theDuelist:BigFire","theDuelist:GravityBlaster"],"picked":"theDuelist:MeteorDestruction","floor":20}],"player_experience":103116,"relics_obtained":[{"floor":7,"key":"DemoMod:WhiteGuonStone"},{"floor":9,"key":"aspiration:HummingbirdHeart"}],"event_choices":[{"damage_healed":0,"gold_gain":0,"player_choice":"Got Potions","damage_taken":0,"max_hp_gain":0,"max_hp_loss":0,"event_name":"Lab","floor":2,"gold_loss":0},{"damage_healed":0,"gold_gain":0,"player_choice":"Delta Electro","duelist":true,"damage_taken":0,"max_hp_gain":0,"max_hp_loss":0,"event_name":"Egyptian Village","floor":12,"gold_loss":0,"cards_obtained":["Delta Electromagnet Warrior"]},{"damage_healed":0,"gold_gain":0,"player_choice":"Ignored","damage_taken":246,"max_hp_gain":0,"max_hp_loss":0,"event_name":"betterThird:BetterSerpent","floor":13,"gold_loss":0},{"damage_healed":0,"gold_gain":75,"player_choice":"Touch","damage_taken":8,"max_hp_gain":0,"max_hp_loss":0,"event_name":"FaceTrader","floor":19,"gold_loss":0}],"is_beta":false,"boss_relics":[{"not_picked":["Mark of Pain","halation:Prosthetics"],"picked":"StuffTheSpire:RunicHypercube"}],"items_purged_floors":[],"is_endless":false,"potions_floor_spawned":[1,4,7],"killed_by":"Snake Plant","ascension_level":0}}