{"host":"ya94u95moedzeoqz","time":1612220023,"event":{"mods":["100% Spire Juice","2.2 Compatiblity","Abigail Mod","Act Like it!","Aspiration","Bartender","BaseMod","Better Altar","Better Match","Better Note","Better Sensory Stone","Better Skull","Better Third Choice","BetterRewards","Energized Spire","Evolution","GifTheSpireLib","KinomotoSakuraMod(????)","Minty Spire (QoL Compilation)","Permanent Neow","Railgun Mod","Reliquary","Replay The Spire","Spicy Shops","Spire Arcade","StSLib","The Alterego","The Forsaken","The Marked","The Senshi","TheSurvivalist","TheVelvet","Yuri Mod"],"gold_per_floor":[109,198,224,0,12,12,25,25,104,130,147,147,157,173,173,271,271,242,316,316,332,2,2,17,31,80,92,92,92,92],"floor_reached":29,"language":"ENG","playtime":3015,"items_purged":[],"score":227,"play_id":"00f3c238-853d-4174-8ad9-4e8fe863bebe","local_time":"20210201175343","is_ascension_mode":false,"campfire_choices":[{"data":"survmod:Camouflage","floor":6,"key":"SMITH"},{"data":"survmod:SimpleMutation","floor":8,"key":"SMITH"},{"data":"survmod:CloseCombat","floor":15,"key":"SMITH"},{"data":"survmod:VersatileDefense","floor":23,"key":"SMITH"},{"floor":28,"key":"REST"}],"circlet_count":0,"master_deck":["survmod:MarkedShot","survmod:MarkedShot","survmod:Strike","survmod:Defend","survmod:Defend","survmod:Defend","survmod:Defend","survmod:VersatileOffense","survmod:Sprint","survmod:VersatileDefense+1","survmod:SwiftKick","survmod:Camouflage+1","survmod:TacticalManeuver","survmod:TrickShot","survmod:SimpleMutation+1","survmod:PinningSnipe","survmod:CloseCombat+1","survmod:FlareBarrage","survmod:OverwhelmingAssault","survmod:DuckAndFlare","survmod:LeapingShot","survmod:FenceTrap+1","survmod:EmptyQuiver","survmod:MarkTrap+1","survmod:GoForFace","Pot Of Greed","Pot Of Greed","Pot Of Greed","survmod:NockAnArrow+1","survmod:FlareQuiver","survmod:ChokingBow"],"relics":["survmod:InnateMutation","EVO:Axolotl","Boot","Medical Kit","survmod:ShotGlass","Protect_Vest","theForsaken:PaleLantern","Ornamental Fan","Grinning Jar","reliquary:FerryPass","Blue Doll"],"acts_visited":["Exordium","TheCity"],"potions_floor_usage":[10,16,16,21,24,27,29],"damage_taken":[{"damage":0,"enemies":"Small Slimes","floor":1,"turns":4},{"damage":0,"enemies":"Jaw Worm","floor":5,"turns":6},{"damage":0,"enemies":"2 Louse","floor":7,"turns":3},{"damage":2,"enemies":"Lagavulin","floor":10,"turns":9},{"damage":0,"enemies":"Red Slaver","floor":11,"turns":3},{"damage":0,"enemies":"3 Louse","floor":13,"turns":3},{"damage":0,"enemies":"Lots of Slimes","floor":14,"turns":4},{"damage":4,"enemies":"The Guardian","floor":16,"turns":11},{"damage":0,"enemies":"2 Thieves","floor":18,"turns":5},{"damage":4,"enemies":"3 Byrds","floor":21,"turns":6},{"damage":15,"enemies":"Snake Plant","floor":24,"turns":6},{"damage":7,"enemies":"Centurion and Healer","floor":25,"turns":7},{"damage":32,"enemies":"Chosen and Byrds","floor":27,"turns":7},{"damage":32,"enemies":"3 Cultists","floor":29,"turns":5}],"seed_played":"7255537595102179322","potions_obtained":[{"floor":0,"key":"LifebloodPotion"},{"floor":0,"key":"PowerPotion"},{"floor":0,"key":"Swift Potion"},{"floor":1,"key":"FairyPotion"},{"floor":10,"key":"LifebloodPotion"},{"floor":16,"key":"PowerPotion"},{"floor":18,"key":"Fire Potion"},{"floor":21,"key":"GamblersBrew"},{"floor":27,"key":"Languid Potion"}],"is_trial":false,"path_per_floor":["M","?","T","$","M","R","M","R","T","E","M","?","M","M","R","B",null,"M","T","?","M","$","R","M","M","T","M","R","M"],"character_chosen":"THE_SURVIVOR","items_purchased":["Medical Kit","survmod:TrickShot","survmod:GoForFace","Grinning Jar","reliquary:FerryPass"],"campfire_rested":1,"item_purchase_floors":[4,4,22,22,22],"current_hp_per_floor":[50,30,30,30,30,30,30,30,30,28,28,28,28,28,28,24,50,50,50,50,46,46,46,31,24,24,15,30,0,0],"gold":92,"neow_bonus":"THREE_SMALL_POTIONS","is_daily":false,"chose_seed":false,"campfire_upgraded":4,"win_rate":0.0,"timestamp":1612220023,"path_taken":["M","?","?","$","M","R","M","R","T","E","M","?","M","M","R","BOSS","M","?","?","M","$","R","?","M","T","M","R","M"],"items_purchased_type":["Relic","Card","Card","Relic","Relic"],"build_version":"2020-12-22","purchased_purges":0,"victory":false,"max_hp_per_floor":[50,50,50,50,50,50,50,50,50,50,50,50,50,50,50,50,50,50,50,50,50,50,50,50,50,50,50,50,50,50],"card_choices":[{"not_picked":["survmod:TwinShot","survmod:BearTrap"],"picked":"survmod:VersatileDefense","floor":1},{"not_picked":["survmod:AimForTheLiver","survmod:PenetratingShot"],"picked":"survmod:SwiftKick","floor":2},{"not_picked":["survmod:MarkTrap","survmod:KnowThyEnemy"],"picked":"survmod:Camouflage","floor":2},{"not_picked":["survmod:PenetratingShot","survmod:PoisonTrap"],"picked":"survmod:TacticalManeuver","floor":2},{"not_picked":["survmod:FlashbangTrap","survmod:PenetratingShot"],"picked":"survmod:SimpleMutation","floor":5},{"not_picked":["survmod:FlashbangTrap","survmod:MarkedShot"],"picked":"survmod:PinningSnipe","floor":7},{"not_picked":["survmod:MarkTrap","survmod:UnfortunateEscape"],"picked":"survmod:CloseCombat","floor":10},{"not_picked":["survmod:BearTrap","survmod:HailOfArrows"],"picked":"survmod:FlareBarrage","floor":11},{"not_picked":["survmod:PiercingShot","survmod:HailOfArrows"],"picked":"survmod:OverwhelmingAssault","floor":13},{"not_picked":["survmod:UnfortunateEscape","survmod:SwiftKick"],"picked":"survmod:DuckAndFlare","floor":14},{"not_picked":["survmod:Camouflage","survmod:PerfectPosition"],"picked":"survmod:LeapingShot","floor":16},{"not_picked":["survmod:FlashbangTrap","survmod:Hawkeye"],"picked":"survmod:FenceTrap+1","floor":18},{"not_picked":["survmod:Hawkeye+1","survmod:PenetratingShot"],"picked":"survmod:MarkTrap+1","floor":21},{"not_picked":["survmod:UnfortunateEscape+1","survmod:FlashbangShot"],"picked":"survmod:NockAnArrow+1","floor":24},{"not_picked":["survmod:PersonalMark","survmod:MarkedShot"],"picked":"survmod:FlareQuiver","floor":25},{"not_picked":["survmod:PiercingShot+1","survmod:OverexertingShot"],"picked":"survmod:ChokingBow","floor":27}],"player_experience":528628,"relics_obtained":[{"floor":3,"key":"Boot"},{"floor":9,"key":"survmod:ShotGlass"},{"floor":10,"key":"Protect_Vest"},{"floor":19,"key":"Ornamental Fan"},{"floor":26,"key":"Blue Doll"}],"event_choices":[{"damage_healed":0,"gold_gain":0,"player_choice":"Ignored","damage_taken":0,"max_hp_gain":0,"max_hp_loss":0,"event_name":"betterNote:BetterNote","floor":12,"gold_loss":0,"cards_obtained":["yuri:JumpScare"]},{"damage_healed":0,"gold_gain":0,"cards_transformed":["survmod:Strike"],"player_choice":"Transformed","damage_taken":0,"max_hp_gain":0,"max_hp_loss":0,"event_name":"Transmorgrifier","floor":20,"gold_loss":0,"cards_obtained":["survmod:EmptyQuiver"]}],"is_beta":false,"boss_relics":[{"not_picked":["Kintsugi","Philosopher\u0027s Stone"],"picked":"theForsaken:PaleLantern"}],"items_purged_floors":[],"is_endless":false,"potions_floor_spawned":[1,7,10,13,16,18,21,27],"killed_by":"3 Cultists","ascension_level":0}}