{"host":"4jpe1m3cviuzvkch","time":1612181902,"event":{"mods":["BaseMod","Marisa£®ÏF”Í°°ƒß¿Ì…≥£©","Minty Spire (QoL Compilation)","Remilia£®¿Ÿ√◊¿Ú—«£©","StSLib","The Servant 0.9.4","Youmu£®ªÍ∆«—˝√Œ£©"],"gold_per_floor":[111,111,61,81,6,40,52,77,137,149,161,173,209,245,257,393,405,436,448,479,512,539,551,662,689,772,784,837,849,849],"floor_reached":29,"language":"ZHS","playtime":982,"items_purged":["Defend_RM"],"score":297,"play_id":"2bef0b82-546d-4a96-9ba9-008026c808e7","local_time":"20210201201822","is_ascension_mode":true,"campfire_choices":[{"floor":7.0,"key":"REST"},{"floor":11.0,"key":"REST"},{"data":"ScarletDream","floor":15.0,"key":"SMITH"},{"floor":23.0,"key":"REST"},{"data":"DemonKingCradle","floor":27.0,"key":"SMITH"}],"circlet_count":0,"master_deck":["RedMoon","ScarletShoot+1","BombardNight","BloodySeventeenLaser","ScarletDream+1","Regret","Injury","TransientEternity","DemonKingCradle+1","BloodyMagicSquare","ReincarnationDial","KillingBlow","DiffusionOfMisfortune","RedNightlessCastle","DiffusionOfMisfortune+1","Writhe","HunterOfTheNight","VampirishNight"],"relics":["Snecko Eye","MawBank","War Paint","CaptainsWheel","Golden Idol","Pandora\u0027s Box","Smiling Mask","Ice Cream"],"acts_visited":["Exordium","TheCity"],"potions_floor_usage":[29,29],"damage_taken":[{"damage":3.0,"enemies":"Small Slimes","floor":1.0,"turns":3.0},{"damage":0.0,"enemies":"2 Louse","floor":4.0,"turns":2.0},{"damage":52.0,"enemies":"Lagavulin","floor":6.0,"turns":9.0},{"damage":18.0,"enemies":"Jaw Worm","floor":8.0,"turns":4.0},{"damage":3.0,"enemies":"2 Fungi Beasts","floor":13.0,"turns":3.0},{"damage":0.0,"enemies":"Gremlin Gang","floor":14.0,"turns":1.0},{"damage":40.0,"enemies":"Slime Boss","floor":16.0,"turns":9.0},{"damage":4.0,"enemies":"Shell Parasite","floor":18.0,"turns":3.0},{"damage":7.0,"enemies":"Spheric Guardian","floor":20.0,"turns":3.0},{"damage":63.0,"enemies":"Snecko","floor":21.0,"turns":4.0},{"damage":6.0,"enemies":"Cultist and Chosen","floor":22.0,"turns":2.0},{"damage":0.0,"enemies":"Snake Plant","floor":25.0,"turns":2.0},{"damage":17.0,"enemies":"Gremlin Leader","floor":28.0,"turns":3.0},{"damage":20,"enemies":"Shelled Parasite and Fungi","floor":29,"turns":2}],"seed_played":"-4923499537687460063","potions_obtained":[{"floor":6.0,"key":"SpeedPotion"},{"floor":13.0,"key":"AttackPotion"},{"floor":18.0,"key":"Strength Potion"},{"floor":21.0,"key":"Energy Potion"}],"is_trial":false,"path_per_floor":["M","?","?","M","$","E","R","M","T","?","R","?","M","M","R","B",null,"M","?","M","M","M","R","?","M","T","R","E","M"],"character_chosen":"REMILIA","items_purchased":[],"campfire_rested":3,"item_purchase_floors":[],"current_hp_per_floor":[72,57,57,57,57,10,32,16,16,16,38,38,38,38,38,3,75,72,72,68,11,5,27,27,27,27,27,19,0,0],"gold":849,"neow_bonus":"BOSS_RELIC","is_daily":false,"chose_seed":false,"campfire_upgraded":2,"win_rate":0.0,"timestamp":1612181902,"path_taken":["M","?","?","M","$","E","R","M","T","?","R","?","M","M","R","BOSS","M","?","M","M","M","R","?","M","T","R","E","M"],"items_purchased_type":[],"build_version":"2020-12-22","purchased_purges":1,"victory":false,"max_hp_per_floor":[75,75,75,75,75,75,75,75,75,75,75,75,75,75,75,75,75,75,75,75,75,75,75,75,75,75,75,75,75,75],"card_choices":[{"not_picked":["ScarletImprint","RedRainbow"],"picked":"BombardNight","floor":1.0},{"not_picked":["EmergencyRegeneration","BlasphemousPunishment","ScarletImprint"],"picked":"SKIP","floor":4.0},{"not_picked":["BombardNight","UnderTheZenith"],"picked":"BloodySeventeenLaser","floor":6.0},{"not_picked":["BloodAndWine","FavorOfDestiny"],"picked":"ScarletDream","floor":8.0},{"not_picked":["ScarletDevil","UltimateOffering","MiserableFate"],"picked":"SKIP","floor":13.0},{"not_picked":["BloodHunter","ScarletDevil","FitfulNightmare"],"picked":"SKIP","floor":14.0},{"not_picked":["KillingBlow","BloodRain"],"picked":"TransientEternity","floor":16.0},{"not_picked":["ScarletDevil","LeisurelyOfLord+1"],"picked":"DiffusionOfMisfortune+1","floor":18.0},{"not_picked":["ScarletImprint","BombardNight","NightLord"],"picked":"SKIP","floor":20.0},{"not_picked":["BlasphemousPunishment+1","RedRainbow+1"],"picked":"HunterOfTheNight","floor":21.0},{"not_picked":["ScarletImprint","EndlessAdversity+1"],"picked":"VampirishNight","floor":22.0},{"not_picked":["NightDance+1","GlobalNightmare","ScarletDevil+1"],"picked":"SKIP","floor":25.0},{"not_picked":["RedRainbow","VampirishNight","ScarletImprint"],"picked":"SKIP","floor":28.0}],"player_experience":312445,"relics_obtained":[{"floor":6.0,"key":"MawBank"},{"floor":9.0,"key":"War Paint"},{"floor":28.0,"key":"Ice Cream"}],"event_choices":[{"damage_healed":0.0,"max_hp_gain":0.0,"max_hp_loss":0.0,"gold_gain":0.0,"event_name":"Shining Light","player_choice":"Entered Light","floor":2.0,"gold_loss":0.0,"damage_taken":15.0,"cards_upgraded":["Strike_RM","ScarletShoot"]},{"cards_removed":["Strike_RM"],"damage_healed":0.0,"max_hp_gain":0.0,"max_hp_loss":0.0,"gold_gain":0.0,"event_name":"The Cleric","player_choice":"Card Removal","floor":3.0,"gold_loss":50.0,"damage_taken":0.0},{"damage_healed":0.0,"max_hp_gain":0.0,"max_hp_loss":0.0,"gold_gain":0.0,"event_name":"Big Fish","player_choice":"Box","floor":10.0,"gold_loss":0.0,"damage_taken":0.0,"relics_obtained":["CaptainsWheel"],"cards_obtained":["Regret"]},{"damage_healed":0.0,"max_hp_gain":0.0,"max_hp_loss":0.0,"gold_gain":0.0,"event_name":"Golden Idol","player_choice":"Take Wound","floor":12.0,"gold_loss":0.0,"damage_taken":0.0,"relics_obtained":["Golden Idol"],"cards_obtained":["Injury"]},{"damage_healed":0.0,"max_hp_gain":0.0,"max_hp_loss":0.0,"gold_gain":0.0,"event_name":"The Mausoleum","player_choice":"Opened","floor":19.0,"gold_loss":0.0,"damage_taken":0.0,"relics_obtained":["Smiling Mask"],"cards_obtained":["Writhe"]},{"damage_healed":0.0,"max_hp_gain":0.0,"max_hp_loss":0.0,"gold_gain":99.0,"event_name":"Nest","player_choice":"Stole From Cult","floor":24.0,"gold_loss":0.0,"damage_taken":0.0}],"is_beta":false,"boss_relics":[{"not_picked":["Calling Bell","APieceOfRedMist"],"picked":"Pandora\u0027s Box"}],"items_purged_floors":[5],"is_endless":false,"potions_floor_spawned":[6,13,18,21],"killed_by":"Shelled Parasite and Fungi","ascension_level":2}}