{"host":"3498uni0c31c9bdm","time":1612204147,"event":{"mods":["BaseMod","Better Third Choice","Minty Spire (QoL Compilation)","Replay The Spire","StSLib"],"gold_per_floor":[364,364,381,391,391,422,422,434,434,450,7,37,37,66,66,163,163,180,250,250,267,267,301,329,329,329,186,226,260,286,141,141,153,153],"floor_reached":33,"language":"ENG","playtime":1609,"items_purged":[],"score":570,"play_id":"6a5310df-2b3b-46fd-9082-9fd87cea9b8c","local_time":"20210202052907","is_ascension_mode":true,"campfire_choices":[{"floor":7,"key":"REST"},{"floor":13,"key":"REST"},{"floor":15,"key":"REST"},{"floor":25,"key":"REST"},{"floor":32,"key":"RECALL"}],"circlet_count":0,"master_deck":["AscendersBane","Strike_B","Strike_B","Strike_B","Strike_B","Defend_B","Defend_B","Defend_B","Defend_B","Zap+1","Dualcast","Streamline","Apotheosis+1","FIFO Queue","Stack","Ball Lightning","Barrage","Turbo","Buffer","Redo","Buffer","Conserve Battery+1","ReplayTheSpireMod:Splinters","Beam Cell+1","Decay","Gash","Gash","Glacier","Conserve Battery","Self Repair+1","Compile Driver"],"relics":["Cracked Core","Bag of Preparation","Shuriken","Runic Capacitor","Pet Ghost","Potion Belt","CaptainsWheel","FossilizedHelix","Honey Jar","Replay:Mystery Machine","Replay:Bandana","MealTicket","Lee\u0027s Waffle","Juzu Bracelet","ClockworkSouvenir"],"acts_visited":["Exordium","TheCity"],"potions_floor_usage":[12,14,16,23,33,33,33,33],"damage_taken":[{"damage":6,"enemies":"Cultist","floor":1,"turns":3},{"damage":0,"enemies":"Small Slimes","floor":3,"turns":3},{"damage":3,"enemies":"2 Louse","floor":4,"turns":2},{"damage":43,"enemies":"Gremlin Nob","floor":6,"turns":4},{"damage":0,"enemies":"Large Slime","floor":8,"turns":3},{"damage":10,"enemies":"Looter","floor":10,"turns":3},{"damage":25,"enemies":"3 Sentries","floor":12,"turns":6},{"damage":0,"enemies":"Gremlin Nob","floor":14,"turns":3},{"damage":0,"enemies":"Slime Boss","floor":16,"turns":8},{"damage":0,"enemies":"Chosen","floor":18,"turns":5},{"damage":10,"enemies":"3 Byrds","floor":21,"turns":4},{"damage":26,"enemies":"Slavers","floor":23,"turns":6},{"damage":8,"enemies":"Snake Plant","floor":24,"turns":5},{"damage":6,"enemies":"3 Cultists","floor":28,"turns":5},{"damage":48,"enemies":"Book of Stabbing","floor":29,"turns":6},{"damage":6,"enemies":"Chosen and Byrds","floor":30,"turns":7},{"damage":46,"enemies":"Pondfish","floor":33,"turns":8}],"seed_played":"-7726895925384020172","potions_obtained":[{"floor":1,"key":"Elixir"},{"floor":6,"key":"FearPotion"},{"floor":12,"key":"FearPotion"},{"floor":16,"key":"LiquidMemories"},{"floor":19,"key":"CultistPotion"},{"floor":19,"key":"Adrenaline Potion"},{"floor":21,"key":"Dexterity Potion"},{"floor":28,"key":"Elixir"},{"floor":29,"key":"PotionOfCapacity"}],"is_trial":false,"path_per_floor":["M","?","M","M","?","E","R","M","T","M","$","E","R","E","R","B",null,"M","?","?","M","?","E","M","R","T","$","M","E","M","$","R","B"],"character_chosen":"DEFECT","items_purchased":["Runic Capacitor","Pet Ghost","Potion Belt","Lee\u0027s Waffle","ClockworkSouvenir"],"campfire_rested":4,"item_purchase_floors":[11,11,11,27,31],"current_hp_per_floor":[62,62,62,59,59,16,36,36,36,26,26,1,21,21,41,41,61,61,61,61,51,51,25,17,37,37,75,69,21,25,40,40,0,0],"gold":153,"neow_bonus":"TWO_FIFTY_GOLD","is_daily":false,"chose_seed":false,"campfire_upgraded":0,"win_rate":0.0,"timestamp":1612204147,"path_taken":["M","?","M","M","?","E","R","M","T","M","$","E","R","E","R","BOSS","M","?","?","M","?","E","M","R","T","?","M","E","M","?","R","BOSS"],"items_purchased_type":["Relic","Relic","Relic","Relic","Relic"],"build_version":"2020-12-22","purchased_purges":0,"victory":false,"max_hp_per_floor":[68,68,68,68,68,68,68,68,68,68,68,68,68,68,68,68,68,68,68,68,68,68,68,68,68,68,75,75,75,75,75,75,75,75],"card_choices":[{"not_picked":["Crystallizer","Gash"],"picked":"Streamline","floor":1},{"not_picked":["Turbo","Cold Snap"],"picked":"FIFO Queue","floor":3},{"not_picked":["Leap","Undo"],"picked":"Stack","floor":4},{"not_picked":["Turbo","Sweeping Beam"],"picked":"Ball Lightning","floor":6},{"not_picked":["Turbo","Rip and Tear"],"picked":"Barrage","floor":8},{"not_picked":["Compile Driver","BootSequence"],"picked":"Turbo","floor":10},{"not_picked":["Coolheaded","Turbo"],"picked":"Buffer","floor":12},{"not_picked":["Leap","Coolheaded"],"picked":"Redo","floor":14},{"not_picked":["Fission","Machine Learning"],"picked":"Buffer","floor":16},{"not_picked":["Reinforced Body+1","Steam","Turbo+1"],"picked":"Conserve Battery+1","floor":18},{"not_picked":["Hologram+1","Turbo+1","BasicCrystalCard"],"picked":"Beam Cell+1","floor":19},{"not_picked":["Compile Driver","Streamline","Coolheaded"],"picked":"Gash","floor":21},{"not_picked":["Core Surge","BasicCrystalCard","Rebound"],"picked":"Gash","floor":23},{"not_picked":["Scrape","Streamline","Coolheaded+1"],"picked":"Glacier","floor":24},{"not_picked":["Barrage+1","Steam","Rebound"],"picked":"Conserve Battery","floor":28},{"not_picked":["Steam Power","Biased Cognition","Cold Snap+1"],"picked":"Self Repair+1","floor":29},{"not_picked":["Rebound+1","Steam Power","Capacitor"],"picked":"Compile Driver","floor":30}],"player_experience":800982,"relics_obtained":[{"floor":6,"key":"Bag of Preparation"},{"floor":9,"key":"Shuriken"},{"floor":12,"key":"CaptainsWheel"},{"floor":14,"key":"FossilizedHelix"},{"floor":19,"key":"Replay:Mystery Machine"},{"floor":23,"key":"Replay:Bandana"},{"floor":26,"key":"MealTicket"},{"floor":29,"key":"Juzu Bracelet"}],"event_choices":[{"damage_healed":62,"gold_gain":0,"player_choice":"Embrace","damage_taken":0,"max_hp_gain":0,"max_hp_loss":68,"event_name":"betterThird:BetterShining","floor":2,"gold_loss":0},{"damage_healed":0,"gold_gain":0,"player_choice":"Upgraded","damage_taken":0,"max_hp_gain":0,"max_hp_loss":0,"event_name":"Upgrade Shrine","floor":5,"gold_loss":0,"cards_upgraded":["Zap"]},{"damage_healed":0,"gold_gain":0,"player_choice":"Smashed Altar","damage_taken":0,"max_hp_gain":0,"max_hp_loss":0,"event_name":"Forgotten Altar","floor":20,"gold_loss":0,"cards_obtained":["Decay"]},{"damage_healed":0,"gold_gain":0,"player_choice":"Ignored","damage_taken":0,"max_hp_gain":0,"max_hp_loss":0,"event_name":"Beggar","floor":22,"gold_loss":0}],"is_beta":false,"boss_relics":[{"not_picked":["Replay:Bronze Core","Painkiller Herb"],"picked":"Honey Jar"}],"items_purged_floors":[],"is_endless":false,"potions_floor_spawned":[1,6,12,16,21,28,29],"killed_by":"Pondfish","ascension_level":10}}