{"host":"6azrrw3tf7wb0f4b","time":1612202488,"event":{"mods":["BaseMod","DeckTracker","Minty Spire (QoL Compilation)","SuperFastMode"],"gold_per_floor":[11,29,29,42,42,42,76,94,147,173,173,199,199,230,230,326,326,346,346,346,346,38,66,66,82,82,93,23,40,40,40,40,142,142,161,161,175,195,80,94,94,107,107,136,136,170,170,170,170,170],"floor_reached":51,"language":"KOR","playtime":1058,"items_purged":["Writhe"],"score":841,"play_id":"271c6d30-8644-470c-a703-479bc8517ee2","local_time":"20210202030128","is_ascension_mode":false,"campfire_choices":[{"data":"Tempest","floor":6.0,"key":"SMITH"},{"floor":13.0,"key":"REST"},{"data":"Consume","floor":15.0,"key":"SMITH"},{"data":"Self Repair","floor":24.0,"key":"SMITH"},{"data":"Echo Form","floor":30.0,"key":"SMITH"},{"data":"Capacitor","floor":32.0,"key":"SMITH"},{"data":"Capacitor","floor":41,"key":"SMITH"},{"data":"Reboot","floor":45,"key":"SMITH"},{"data":"White Noise","floor":49,"key":"SMITH"}],"circlet_count":0,"master_deck":["Defend_B","Defend_B","Dualcast","Tempest+1","Capacitor+1","Capacitor+1","Ball Lightning+1","Glacier+1","Cold Snap","Consume+1","Coolheaded","Amplify","Melter+1","Loop+1","Storm+1","Self Repair+1","Leap","Reinforced Body+1","Force Field","Echo Form+1","Auto Shields","Sweeping Beam+1","Electrodynamics","Turbo","Cold Snap+1","Chill","FTL+1","White Noise+1","Injury","Reboot+1","Hello World","Normality"],"relics":["Cracked Core","FossilizedHelix","Question Card","Juzu Bracelet","Whetstone","Odd Mushroom","MealTicket","Astrolabe","PreservedInsect","Molten Egg 2","Strawberry","DataDisk","Cursed Key","Bag of Marbles","Kunai","Toy Ornithopter","HornCleat"],"acts_visited":["Exordium","TheCity","TheBeyond"],"potions_floor_usage":[],"damage_taken":[{"damage":0.0,"enemies":"Cultist","floor":1.0,"turns":3.0},{"damage":0.0,"enemies":"2 Louse","floor":2.0,"turns":1.0},{"damage":17.0,"enemies":"Small Slimes","floor":4.0,"turns":3.0},{"damage":14.0,"enemies":"Gremlin Nob","floor":7.0,"turns":4.0},{"damage":6.0,"enemies":"2 Fungi Beasts","floor":8.0,"turns":2.0},{"damage":16.0,"enemies":"Lagavulin","floor":10.0,"turns":6.0},{"damage":0.0,"enemies":"The Mushroom Lair","floor":12.0,"turns":2.0},{"damage":5.0,"enemies":"3 Sentries","floor":14.0,"turns":7.0},{"damage":0.0,"enemies":"The Guardian","floor":16.0,"turns":9.0},{"damage":25.0,"enemies":"2 Thieves","floor":18.0,"turns":3.0},{"damage":0.0,"enemies":"Gremlin Leader","floor":23.0,"turns":6.0},{"damage":22.0,"enemies":"3 Byrds","floor":25.0,"turns":5.0},{"damage":0.0,"enemies":"Snecko","floor":27.0,"turns":3.0},{"damage":27.0,"enemies":"3 Cultists","floor":29.0,"turns":5.0},{"damage":34.0,"enemies":"Automaton","floor":33.0,"turns":8.0},{"damage":13.0,"enemies":"Orb Walker","floor":35.0,"turns":3.0},{"damage":0.0,"enemies":"3 Shapes","floor":37.0,"turns":3.0},{"damage":0,"enemies":"Maw","floor":38,"turns":8},{"damage":16,"enemies":"4 Shapes","floor":40,"turns":3},{"damage":6,"enemies":"Transient","floor":42,"turns":5},{"damage":8,"enemies":"Reptomancer","floor":44,"turns":5},{"damage":0,"enemies":"Giant Head","floor":46,"turns":7},{"damage":14,"enemies":"Time Eater","floor":50,"turns":9}],"seed_played":"8441643909880092202","potions_obtained":[{"floor":1.0,"key":"SteroidPotion"},{"floor":2.0,"key":"Explosive Potion"},{"floor":7.0,"key":"Ancient Potion"},{"floor":14.0,"key":"Dexterity Potion"},{"floor":25.0,"key":"Regen Potion"},{"floor":29.0,"key":"Swift Potion"},{"floor":33.0,"key":"Regen Potion"},{"floor":40,"key":"Regen Potion"}],"is_trial":false,"path_per_floor":["M","M","?","M","?","R","E","M","T","E","?","?","R","E","R","B",null,"M","?","?","?","$","E","R","M","T","M","$","M","R","?","R","B",null,"M","?","M","M","$","M","R","M","T","E","R","E","T","?","R","B",null],"character_chosen":"DEFECT","items_purchased":["Molten Egg 2","Leap","Echo Form","Chill"],"campfire_rested":1,"item_purchase_floors":[22,22,28,39],"current_hp_per_floor":[75,75,75,58,58,58,44,38,38,22,7,7,29,24,24,24,75,50,50,50,36,51,65,65,53,53,63,78,63,63,63,63,39,87,84,83,83,83,83,67,67,81,81,83,83,83,83,83,83,79],"gold":170,"neow_bonus":"ONE_RARE_RELIC","is_daily":false,"chose_seed":false,"campfire_upgraded":8,"win_rate":0.0,"timestamp":1612202488,"path_taken":["M","M","?","M","?","R","E","M","T","E","?","?","R","E","R","BOSS","M","?","?","?","$","E","R","M","T","M","$","M","R","?","R","BOSS","M","?","M","M","$","M","R","M","T","E","R","E","?","?","R","BOSS"],"items_purchased_type":["Relic","Card","Card","Card"],"build_version":"2020-12-22","purchased_purges":1,"victory":true,"max_hp_per_floor":[75,75,75,75,75,75,75,75,75,75,75,75,75,75,75,75,75,75,75,75,80,80,87,87,87,87,87,87,87,87,87,87,87,87,87,83,83,83,83,83,83,83,83,83,83,83,83,83,83,83],"card_choices":[{"not_picked":["Gash","Rebound"],"picked":"Tempest","floor":1.0},{"not_picked":["Darkness","Rebound"],"picked":"Capacitor","floor":2.0},{"not_picked":["Barrage","Conserve Battery"],"picked":"Ball Lightning","floor":4.0},{"not_picked":["Double Energy","Fission"],"picked":"Glacier","floor":7.0},{"not_picked":["Rebound","Leap","Beam Cell"],"picked":"Cold Snap","floor":8.0},{"not_picked":["Streamline","Blizzard","Ball Lightning"],"picked":"Consume","floor":10.0},{"not_picked":["Steam","Steam Power","Stack"],"picked":"Coolheaded","floor":14.0},{"not_picked":["Electrodynamics","Buffer","Thunder Strike"],"picked":"Amplify","floor":16.0},{"not_picked":["Storm","Beam Cell+1","Go for the Eyes"],"picked":"Self Repair","floor":18.0},{"not_picked":["Heatsinks","Go for the Eyes+1","Leap+1"],"picked":"Reinforced Body+1","floor":23.0},{"not_picked":["Conserve Battery","Go for the Eyes+1","Sweeping Beam+1"],"picked":"Hologram","floor":25.0},{"not_picked":["Go for the Eyes+1","Conserve Battery","Gash+1"],"picked":"Force Field","floor":27.0},{"not_picked":["Reboot","Chaos","Auto Shields","Beam Cell+1"],"picked":"SKIP","floor":29.0},{"not_picked":["Fission","Multi-Cast","Biased Cognition"],"picked":"Electrodynamics","floor":33.0},{"not_picked":["Barrage+1","Go for the Eyes+1","Steam+1"],"picked":"Turbo","floor":35.0},{"not_picked":["Beam Cell+1","Sweeping Beam+1","Cold Snap+1","Loop"],"picked":"SKIP","floor":37.0},{"not_picked":["Beam Cell+1","Sweeping Beam+1","Loop"],"picked":"Cold Snap+1","floor":37.0},{"not_picked":["Leap+1","Hello World","Turbo","Ball Lightning+1"],"picked":"SKIP","floor":38},{"not_picked":["Ball Lightning+1","Cold Snap+1","Compile Driver+1"],"picked":"FTL+1","floor":40},{"not_picked":["Echo Form","Barrage+1","Self Repair"],"picked":"White Noise","floor":42},{"not_picked":["Sweeping Beam+1","Beam Cell+1","Glacier+1"],"picked":"Reboot","floor":44},{"not_picked":["Steam","Force Field+1","Go for the Eyes+1"],"picked":"Hello World","floor":46}],"player_experience":748982,"relics_obtained":[{"floor":7.0,"key":"Question Card"},{"floor":9.0,"key":"Juzu Bracelet"},{"floor":10.0,"key":"Whetstone"},{"floor":12.0,"key":"Odd Mushroom"},{"floor":14.0,"key":"MealTicket"},{"floor":23.0,"key":"Strawberry"},{"floor":26.0,"key":"DataDisk"},{"floor":43,"key":"Bag of Marbles"},{"floor":44,"key":"Kunai"},{"floor":46,"key":"Toy Ornithopter"},{"floor":47,"key":"HornCleat"}],"event_choices":[{"damage_healed":0.0,"max_hp_gain":0.0,"max_hp_loss":0.0,"gold_gain":0.0,"cards_transformed":["Strike_B"],"event_name":"Living Wall","player_choice":"Change","floor":3.0,"gold_loss":0.0,"damage_taken":0.0,"cards_obtained":["Capacitor"]},{"damage_healed":0.0,"max_hp_gain":0.0,"max_hp_loss":0.0,"gold_gain":0.0,"cards_transformed":["Strike_B"],"event_name":"Transmorgrifier","player_choice":"Transformed","floor":5.0,"gold_loss":0.0,"damage_taken":0.0,"cards_obtained":["Streamline"]},{"damage_healed":0.0,"max_hp_gain":0.0,"max_hp_loss":0.0,"gold_gain":0.0,"event_name":"Shining Light","player_choice":"Entered Light","floor":11.0,"gold_loss":0.0,"damage_taken":15.0,"cards_upgraded":["Streamline","Glacier"]},{"damage_healed":0.0,"max_hp_gain":0.0,"max_hp_loss":0.0,"gold_gain":0.0,"event_name":"Mushrooms","player_choice":"Fought Mushrooms","floor":12.0,"gold_loss":0.0,"damage_taken":0.0},{"cards_removed":["Zap"],"damage_healed":0.0,"max_hp_gain":0.0,"max_hp_loss":0.0,"gold_gain":0.0,"event_name":"Back to Basics","player_choice":"Elegance","floor":19.0,"gold_loss":0.0,"damage_taken":0.0},{"damage_healed":0.0,"max_hp_gain":0.0,"max_hp_loss":0.0,"gold_gain":0.0,"event_name":"The Mausoleum","player_choice":"Opened","floor":20.0,"gold_loss":0.0,"damage_taken":0.0,"relics_obtained":["PreservedInsect"],"cards_obtained":["Writhe"]},{"damage_healed":0.0,"max_hp_gain":5.0,"max_hp_loss":0.0,"gold_gain":0.0,"event_name":"Forgotten Altar","player_choice":"Shed Blood","floor":21.0,"gold_loss":0.0,"damage_taken":19.0},{"damage_healed":0.0,"max_hp_gain":0.0,"max_hp_loss":0.0,"gold_gain":0.0,"cards_transformed":["Strike_B","Hologram"],"event_name":"Drug Dealer","player_choice":"Became Test Subject","floor":31.0,"gold_loss":0.0,"damage_taken":0.0,"cards_obtained":["Auto Shields","Sweeping Beam"]},{"damage_healed":0.0,"max_hp_gain":0.0,"max_hp_loss":4.0,"gold_gain":0.0,"event_name":"Winding Halls","player_choice":"Max HP","floor":36.0,"gold_loss":0.0,"damage_taken":0.0},{"cards_removed":["Streamline"],"damage_healed":0,"gold_gain":0,"player_choice":"Removed Attack","damage_taken":0,"max_hp_gain":0,"max_hp_loss":0,"event_name":"Falling","floor":48,"gold_loss":0}],"is_beta":false,"boss_relics":[{"not_picked":["Tiny House","Pandora\u0027s Box"],"picked":"Astrolabe"},{"not_picked":["Philosopher\u0027s Stone","Fusion Hammer"],"picked":"Cursed Key"}],"items_purged_floors":[39],"is_endless":false,"potions_floor_spawned":[1,2,7,14,25,29,33,38,40,44],"ascension_level":0}}