{"host":"l5zfpd2l2htson6l","time":1612155507,"event":{"mods":["AchievementEnabler","BaseMod","Colored Map","Colored Powertips","Minty Spire (QoL Compilation)","Permanent Neow","Quick Restart","Rare Cards Sparkle","Relic Stats","SuperFastMode"],"gold_per_floor":[110,130,130,141,159,159,187,203,203,45,70,89,89,99,99,178,178,196,196,206,225,243,243,276,293,293,306,306,306,306,306,306],"floor_reached":31,"language":"ENG","playtime":2547,"items_purged":[],"score":551,"play_id":"0b8ce7ad-a8db-430d-b0e6-c176595a7c81","local_time":"20210131205827","is_ascension_mode":true,"campfire_choices":[{"data":"Headbutt","floor":6.0,"key":"SMITH"},{"floor":13.0,"key":"REST"},{"data":"Shockwave","floor":15.0,"key":"SMITH"},{"floor":23.0,"key":"REST"},{"floor":28,"key":"REST"},{"data":"Bash","floor":30,"key":"SMITH"}],"circlet_count":0,"master_deck":["AscendersBane","Strike_R","Strike_R","Strike_R","Strike_R","Strike_R","Defend_R","Defend_R","Defend_R","Defend_R","Bash+1","Feed","Uppercut+1","Sword Boomerang","Headbutt+1","Infernal Blade","Iron Wave","True Grit","Shockwave+1","Corruption","Shrug It Off","Feel No Pain+1","Metallicize","Feel No Pain+1"],"relics":["Burning Blood","Self Forming Clay","White Beast Statue","Oddly Smooth Stone","Regal Pillow","Philosopher\u0027s Stone","Eternal Feather","Kunai"],"acts_visited":["Exordium","TheCity"],"potions_floor_usage":[24,25,31],"damage_taken":[{"damage":2.0,"enemies":"Cultist","floor":1.0,"turns":4.0},{"damage":12.0,"enemies":"Small Slimes","floor":2.0,"turns":3.0},{"damage":4.0,"enemies":"Jaw Worm","floor":4.0,"turns":3.0},{"damage":24.0,"enemies":"Exordium Thugs","floor":5.0,"turns":7.0},{"damage":40.0,"enemies":"Lagavulin","floor":7.0,"turns":8.0},{"damage":8.0,"enemies":"Looter","floor":8.0,"turns":2.0},{"damage":13.0,"enemies":"Gremlin Nob","floor":11.0,"turns":5.0},{"damage":15.0,"enemies":"Large Slime","floor":12.0,"turns":6.0},{"damage":6.0,"enemies":"Lots of Slimes","floor":14.0,"turns":4.0},{"damage":22.0,"enemies":"Hexaghost","floor":16.0,"turns":10.0},{"damage":14.0,"enemies":"Chosen","floor":18.0,"turns":5.0},{"damage":16.0,"enemies":"2 Thieves","floor":20.0,"turns":3.0},{"damage":44.0,"enemies":"Chosen and Byrds","floor":21.0,"turns":7.0},{"damage":22.0,"enemies":"Snake Plant","floor":22.0,"turns":6.0},{"damage":40,"enemies":"Slavers","floor":24,"turns":9},{"damage":1,"enemies":"Snecko","floor":25,"turns":7},{"damage":35,"enemies":"Sentry and Sphere","floor":27,"turns":10},{"damage":91,"enemies":"Gremlin Leader","floor":31,"turns":7}],"seed_played":"6363536807216010015","potions_obtained":[{"floor":1.0,"key":"SpeedPotion"},{"floor":8.0,"key":"Regen Potion"},{"floor":11.0,"key":"PowerPotion"},{"floor":12.0,"key":"Dexterity Potion"},{"floor":16.0,"key":"EssenceOfSteel"},{"floor":18.0,"key":"Fire Potion"},{"floor":21.0,"key":"Dexterity Potion"},{"floor":22.0,"key":"SkillPotion"},{"floor":24,"key":"Energy Potion"},{"floor":25,"key":"SpeedPotion"}],"is_trial":false,"path_per_floor":["M","M","?","M","M","R","E","M","T","$","E","M","R","M","R","B",null,"M","?","M","M","M","R","E","M","T","M","R","?","R","E"],"character_chosen":"IRONCLAD","items_purchased":["Oddly Smooth Stone"],"campfire_rested":3,"item_purchase_floors":[10],"current_hp_per_floor":[57,54,54,59,44,44,13,11,11,11,18,9,51,54,54,38,79,74,74,67,29,16,61,30,38,38,12,72,72,84,0,0],"gold":306,"neow_bonus":"THREE_RARE_CARDS","is_daily":false,"chose_seed":false,"campfire_upgraded":3,"win_rate":0.0,"timestamp":1612155507,"path_taken":["M","?","?","M","M","R","E","?","T","$","E","M","R","M","R","BOSS","M","?","M","M","M","R","E","M","T","M","R","?","R","E"],"items_purchased_type":["Relic"],"build_version":"2020-12-22","purchased_purges":0,"victory":false,"max_hp_per_floor":[78,81,81,84,87,87,90,90,90,90,90,90,90,93,93,93,93,96,96,99,99,102,102,105,108,108,111,111,111,111,111,111],"relic_stats":{"Regal Pillow":45,"counters":[18,106],"Self Forming Clay":[135],"Eternal Feather":24,"Kunai":[7],"obtain_stats":[{"Regal Pillow":11,"Self Forming Clay":7,"Oddly Smooth Stone":10,"Philosopher\u0027s Stone":17,"Eternal Feather":24,"Kunai":26,"Burning Blood":0,"White Beast Statue":9},{"Regal Pillow":7,"Self Forming Clay":5,"Oddly Smooth Stone":6,"Philosopher\u0027s Stone":10,"Eternal Feather":15,"Kunai":16,"Burning Blood":0,"White Beast Statue":6},{"Regal Pillow":32,"Self Forming Clay":25,"Oddly Smooth Stone":27,"Philosopher\u0027s Stone":52,"Eternal Feather":82,"Kunai":89,"Burning Blood":0,"White Beast Statue":27}],"Burning Blood":102},"card_choices":[{"not_picked":["Berserk","Reaper"],"picked":"Feed","floor":0.0},{"not_picked":["Clothesline","Sword Boomerang"],"picked":"Uppercut","floor":1.0},{"not_picked":["Anger","Wild Strike"],"picked":"Sword Boomerang","floor":2.0},{"not_picked":["Dual Wield","Havoc","Thunderclap"],"picked":"SKIP","floor":4.0},{"not_picked":["Power Through","Heavy Blade"],"picked":"Headbutt","floor":5.0},{"not_picked":["Reckless Charge","Twin Strike"],"picked":"Infernal Blade","floor":7.0},{"not_picked":["Sword Boomerang","Flex"],"picked":"Iron Wave","floor":8.0},{"not_picked":["Juggernaut","Metallicize"],"picked":"True Grit","floor":11.0},{"not_picked":["Reckless Charge","Rampage","Body Slam"],"picked":"SKIP","floor":12.0},{"not_picked":["Entrench","Dark Embrace"],"picked":"Shockwave","floor":14.0},{"not_picked":["Brutality","Feed"],"picked":"Corruption","floor":16.0},{"not_picked":["Body Slam","Cleave","Anger"],"picked":"SKIP","floor":18.0},{"not_picked":["Searing Blow+1","Evolve","Body Slam"],"picked":"SKIP","floor":20.0},{"not_picked":["Iron Wave","Havoc+1"],"picked":"Shrug It Off","floor":21.0},{"not_picked":["Shockwave","Perfected Strike"],"picked":"Feel No Pain+1","floor":22.0},{"not_picked":["Juggernaut","Heavy Blade","Twin Strike"],"picked":"SKIP","floor":24},{"not_picked":["Thunderclap","Armaments"],"picked":"Metallicize","floor":25},{"not_picked":["Twin Strike","Headbutt","Cleave"],"picked":"SKIP","floor":27}],"player_experience":814697,"relics_obtained":[{"floor":7.0,"key":"Self Forming Clay"},{"floor":9.0,"key":"White Beast Statue"},{"floor":11.0,"key":"Regal Pillow"},{"floor":24,"key":"Eternal Feather"},{"floor":26,"key":"Kunai"}],"event_choices":[{"damage_healed":0.0,"max_hp_gain":0.0,"max_hp_loss":0.0,"gold_gain":0.0,"event_name":"Upgrade Shrine","player_choice":"Upgraded","floor":3.0,"gold_loss":0.0,"damage_taken":0.0,"cards_upgraded":["Uppercut"]},{"damage_healed":0.0,"max_hp_gain":0.0,"max_hp_loss":0.0,"gold_gain":0.0,"event_name":"Vampires","player_choice":"Ignored","floor":19.0,"gold_loss":0.0,"damage_taken":0.0},{"damage_healed":0,"gold_gain":0,"player_choice":"Copied","damage_taken":0,"max_hp_gain":0,"max_hp_loss":0,"event_name":"Duplicator","floor":29,"gold_loss":0,"cards_obtained":["Feel No Pain"]}],"is_beta":false,"boss_relics":[{"not_picked":["Black Star","Ectoplasm"],"picked":"Philosopher\u0027s Stone"}],"items_purged_floors":[],"is_endless":false,"potions_floor_spawned":[1,8,11,12,14,16,18,20,21,22,24,25,27],"killed_by":"Gremlin Leader","ascension_level":17}}