{"host":"8is2j71l4wmybkoi","time":1612178295,"event":{"mods":["AchievementEnabler","BaseMod","Colored Map","Minty Spire (QoL Compilation)","Rare Cards Sparkle","StSLib","SuperFastMode"],"gold_per_floor":[110,110,130,130,130,155,165,165,165,165,175,190,190,219,219,295,295,308,389,439,439,457,457,495,505,574,574,590,590,590],"floor_reached":29,"language":"KOR","playtime":925,"items_purged":[],"score":490,"play_id":"d88674c8-ce40-4e03-ae82-0e0dce0a6638","local_time":"20210201201815","is_ascension_mode":true,"campfire_choices":[{"data":"Zap","floor":8,"key":"SMITH"},{"data":"Dualcast","floor":10,"key":"SMITH"},{"data":"Go for the Eyes","floor":13,"key":"SMITH"},{"data":"Thunder Strike","floor":15,"key":"SMITH"},{"floor":23,"key":"REST"}],"circlet_count":0,"master_deck":["AscendersBane","Strike_B","Strike_B","Strike_B","Defend_B","Defend_B","Defend_B","Defend_B","Zap+1","Dualcast+1","Go for the Eyes+1","Conserve Battery","Thunder Strike+1","Hologram+1","Leap+1","White Noise+1","Ball Lightning","Conserve Battery+1","Electrodynamics","Reprogram+1","Glacier+1","Double Energy+1"],"relics":["Cracked Core","NeowsBlessing","Toxic Egg 2","StrikeDummy","Matryoshka","Inserter","Lantern","Pantograph","CeramicFish","Bag of Preparation","HornCleat"],"acts_visited":["Exordium","TheCity"],"potions_floor_usage":[14,16,25,27],"damage_taken":[{"damage":0,"enemies":"2 Louse","floor":1,"turns":1},{"damage":0,"enemies":"Cultist","floor":3,"turns":1},{"damage":0,"enemies":"Lagavulin","floor":6,"turns":1},{"damage":10,"enemies":"Small Slimes","floor":7,"turns":3},{"damage":5,"enemies":"Looter","floor":11,"turns":3},{"damage":0,"enemies":"Exordium Wildlife","floor":12,"turns":3},{"damage":15,"enemies":"Gremlin Nob","floor":14,"turns":3},{"damage":8,"enemies":"The Guardian","floor":16,"turns":7},{"damage":0,"enemies":"Chosen","floor":18,"turns":4},{"damage":7,"enemies":"Shell Parasite","floor":22,"turns":4},{"damage":31,"enemies":"Book of Stabbing","floor":24,"turns":7},{"damage":22,"enemies":"Shelled Parasite and Fungi","floor":25,"turns":3},{"damage":0,"enemies":"Centurion and Healer","floor":27,"turns":4},{"damage":7,"enemies":"Sentry and Sphere","floor":28,"turns":4},{"damage":7,"enemies":"Gremlin Leader","floor":29,"turns":3}],"seed_played":"6562472581576164839","potions_obtained":[{"floor":3,"key":"FocusPotion"},{"floor":5,"key":"CultistPotion"},{"floor":18,"key":"SmokeBomb"},{"floor":24,"key":"Regen Potion"},{"floor":28,"key":"GamblersBrew"}],"is_trial":false,"path_per_floor":["M","?","M","?","?","E","M","R","T","R","M","M","R","E","R","B",null,"M","T","?","?","M","R","E","M","T","M","M","E"],"character_chosen":"DEFECT","items_purchased":[],"campfire_rested":1,"item_purchase_floors":[],"current_hp_per_floor":[64,69,69,69,69,69,59,59,59,59,54,54,54,39,39,31,65,65,65,65,43,36,60,29,12,12,12,5,0,0],"gold":590,"neow_bonus":"THREE_ENEMY_KILL","is_daily":false,"chose_seed":false,"campfire_upgraded":4,"win_rate":0.0,"timestamp":1612178295,"path_taken":["M","?","M","?","?","E","M","R","T","R","M","M","R","E","R","BOSS","M","?","?","?","M","R","E","M","T","M","M","E"],"items_purchased_type":[],"build_version":"2020-12-22","purchased_purges":0,"victory":false,"max_hp_per_floor":[71,76,76,76,76,76,76,76,76,76,76,76,76,76,76,76,76,76,76,76,81,81,81,81,81,81,81,81,81,81],"card_choices":[{"not_picked":["Turbo","Blizzard"],"picked":"Go for the Eyes","floor":1},{"not_picked":["Gash","Steam Power"],"picked":"Conserve Battery","floor":3},{"not_picked":["Sweeping Beam","Barrage"],"picked":"Hologram+1","floor":6},{"not_picked":["Streamline","Doom and Gloom"],"picked":"Leap+1","floor":7},{"not_picked":["Melter","Machine Learning"],"picked":"White Noise+1","floor":11},{"not_picked":["Conserve Battery+1","Beam Cell"],"picked":"Ball Lightning","floor":12},{"not_picked":["Rebound","Sweeping Beam"],"picked":"Conserve Battery+1","floor":14},{"not_picked":["Echo Form","Reboot+1"],"picked":"Electrodynamics","floor":16},{"not_picked":["Hologram+1","Go for the Eyes"],"picked":"Reprogram+1","floor":18},{"not_picked":["Defragment","Recycle+1"],"picked":"Glacier+1","floor":22},{"not_picked":["Auto Shields+1","Blizzard+1"],"picked":"Double Energy+1","floor":24},{"not_picked":["Hologram+1","Streamline","Reprogram+1"],"picked":"SKIP","floor":25},{"not_picked":["Doom and Gloom","Streamline","White Noise+1"],"picked":"SKIP","floor":28}],"player_experience":912405,"relics_obtained":[{"floor":6,"key":"Toxic Egg 2"},{"floor":9,"key":"StrikeDummy"},{"floor":14,"key":"Matryoshka"},{"floor":19,"key":"Lantern"},{"floor":19,"key":"Pantograph"},{"floor":24,"key":"CeramicFish"},{"floor":26,"key":"Bag of Preparation"},{"floor":26,"key":"HornCleat"}],"event_choices":[{"damage_healed":0,"gold_gain":0,"player_choice":"Donut","damage_taken":0,"max_hp_gain":5,"max_hp_loss":0,"event_name":"Big Fish","floor":2,"gold_loss":0},{"damage_healed":0,"gold_gain":0,"cards_transformed":["Strike_B"],"player_choice":"Change","damage_taken":0,"max_hp_gain":0,"max_hp_loss":0,"event_name":"Living Wall","floor":4,"gold_loss":0,"cards_obtained":["Thunder Strike"]},{"damage_healed":0,"gold_gain":0,"player_choice":"Got Potions","damage_taken":0,"max_hp_gain":0,"max_hp_loss":0,"event_name":"Lab","floor":5,"gold_loss":0},{"damage_healed":0,"gold_gain":50,"player_choice":"Stole From Cult","damage_taken":0,"max_hp_gain":0,"max_hp_loss":0,"event_name":"Nest","floor":20,"gold_loss":0},{"damage_healed":0,"gold_gain":0,"player_choice":"Shed Blood","damage_taken":27,"max_hp_gain":5,"max_hp_loss":0,"event_name":"Forgotten Altar","floor":21,"gold_loss":0}],"is_beta":false,"boss_relics":[{"not_picked":["Coffee Dripper","Ectoplasm"],"picked":"Inserter"}],"items_purged_floors":[],"is_endless":false,"potions_floor_spawned":[3,11,12,18,24,28],"killed_by":"Gremlin Leader","ascension_level":15}}