{"host":"yfkezq0m1a8tfmul","time":1612218413,"event":{"mods":["100% Spire Juice","2.2 Compatiblity","AchievementEnabler","Act Like it!","AlwaysNeverKeys","Arknights","Aspiration","Astrologer","BaseMod","Bestiary","Better Altar","Better Match","Better Note","Better Sensory Stone","Better Skull","Better Third Choice","BetterRewards","Block Reminder","Challenge The Spire","Colored Map","Colored Powertips","Conspire","Curses Come First","DeckTracker","Downfall","Duelist Mod","Elementarium","Energized Spire","Fox Events","Gensokyo","GifTheSpireLib","GungeonMod","Halation","Hallownest","Hermit","HololiveMod","Hubris","Infinite Spire","Jedi Mod","Menagerie","Minty Spire (QoL Compilation)","Pale of the Ancients","Permanent Neow","Random Character Button","Relic Stats","Reliquary","Replay The Spire","Robot Space Explorer","Shade Mod","Shop Mod","Spicy Shops","StSLib","Stuff the Spire","SuperFastMode","The Animator","The Blackbeard","The Blue Laboratory","The Bug Knight","The Construct","The Cursed","The Disciple","The Dragon Tamer","The Exalted","The Forsaken","The Gatherer","The Hierophant","The Jungle","The Marked","The Necromancer","The Poker Player","The Runesmith","The Servant 0.9.4","TheFirefly","Treasure Hunter","UnlockEverythingMod","Wandering Minibosses","Weighted Paths"],"gold_per_floor":[126,136,155,85,99,99,128,128,128,145,181,217,142,67,67,167,167,179,379,393,404,420,420,440,441,441],"floor_reached":25,"language":"ENG","playtime":3482,"items_purged":["construct:AttackMode"],"score":290,"play_id":"e52ac934-f029-4d38-99dc-97e66b0cb152","local_time":"20210201172653","is_ascension_mode":false,"campfire_choices":[{"data":"Menagerie:WallOfBlossoms","floor":6,"key":"SMITH"},{"data":"construct:DefenseMode","floor":8,"key":"SMITH"},{"data":"construct:Autoturret","floor":15,"key":"SMITH"},{"data":"construct:Analyze","floor":23,"key":"SMITH"}],"circlet_count":0,"master_deck":["construct:Strike_Gold","construct:Strike_Gold","construct:Strike_Gold","construct:Strike_Gold","construct:Strike_Gold","construct:Defend_Gold","construct:Defend_Gold","construct:Defend_Gold","construct:Defend_Gold","construct:Defend_Gold","construct:DefenseMode+1","construct:Tumble","Menagerie:WallOfBlossoms+1","Menagerie:Languish","construct:Autoturret+1","TH:ElvenBoots","TH:CopperCoins","construct:SuppressiveFire","TH:EnergyPotion","construct:Analyze+1","Panacea+1","TH:ArmorSpikes","construct:Failsafe+1","construct:SuppressiveFire+1","construct:ReactiveShield+1"],"relics":["construct:Cogwheel","Hololive_LightStick","hubris:Potato","DemoMod:PartiallyEatenCheese","halation:WeightlessCrab","Philosopher\u0027s Stone"],"acts_visited":["Menagerie:Menagerie","TheCity"],"potions_floor_usage":[],"damage_taken":[{"damage":1,"enemies":"Menagerie:WhisperingWraith","floor":1,"turns":6},{"damage":1,"enemies":"Menagerie:2_RABBITS","floor":2,"turns":5},{"damage":12,"enemies":"Menagerie:StygianBoar","floor":3,"turns":5},{"damage":2,"enemies":"Menagerie:MENAGERIE_WILDLIFE","floor":5,"turns":4},{"damage":2,"enemies":"Menagerie:Hydra","floor":7,"turns":19},{"damage":0,"enemies":"Menagerie:3_RABBITS","floor":10,"turns":14},{"damage":0,"enemies":"Menagerie:MaskedSummoner","floor":11,"turns":12},{"damage":0,"enemies":"Hallownest:eliteCrystalGuardian","floor":12,"turns":30},{"damage":0,"enemies":"Menagerie:Chimera","floor":16,"turns":30},{"damage":23,"enemies":"conspire:FuzzyDice","floor":18,"turns":20},{"damage":17,"enemies":"Spheric Guardian","floor":20,"turns":22},{"damage":0,"enemies":"Centurion and Healer","floor":21,"turns":20},{"damage":26,"enemies":"Snake Plant","floor":22,"turns":8},{"damage":0,"enemies":"Snecko","floor":24,"turns":7},{"damage":38,"enemies":"3 Cultists","floor":25,"turns":5}],"seed_played":"-8456806769419984286","potions_obtained":[{"floor":2,"key":"Reflective Coating"},{"floor":10,"key":"blueLaboratory:NullPotion"},{"floor":11,"key":"BlessingOfTheForge"},{"floor":24,"key":"blueLaboratory:FruitPunch"}],"is_trial":false,"path_per_floor":["M","M","M","?","M","R","E","R","T","M","E","?","?","$","R","B",null,"M","?","M","M","M","R","M","M"],"character_chosen":"THE_CONSTRUCT_MOD","items_purchased":[],"campfire_rested":0,"item_purchase_floors":[],"current_hp_per_floor":[92,91,79,79,77,77,75,75,75,75,75,75,75,75,75,75,93,70,70,53,53,27,27,27,0,0],"gold":441,"neow_bonus":"TEN_PERCENT_HP_BONUS","is_daily":false,"chose_seed":false,"campfire_upgraded":4,"win_rate":0.0,"timestamp":1612218413,"path_taken":["M","M","M","?","?","R","E","R","T","M","E","?","?","?","R","BOSS","M","?","M","M","?","R","M","?"],"items_purchased_type":[],"build_version":"2020-12-22","purchased_purges":1,"victory":false,"max_hp_per_floor":[93,93,93,93,93,93,93,93,93,93,93,93,93,93,93,93,93,93,93,93,93,93,93,93,93,93],"relic_stats":{"counters":[15,202],"obtain_stats":[{"Hololive_LightStick":7,"construct:Cogwheel":0,"DemoMod:PartiallyEatenCheese":11,"Philosopher\u0027s Stone":17,"DemoMod:GlassGuonStoneRelic":7,"halation:WeightlessCrab":12,"hubris:Potato":9},{"Hololive_LightStick":5,"construct:Cogwheel":0,"DemoMod:PartiallyEatenCheese":7,"Philosopher\u0027s Stone":9,"DemoMod:GlassGuonStoneRelic":5,"halation:WeightlessCrab":8,"hubris:Potato":5},{"Hololive_LightStick":38,"construct:Cogwheel":0,"DemoMod:PartiallyEatenCheese":63,"Philosopher\u0027s Stone":122,"DemoMod:GlassGuonStoneRelic":38,"halation:WeightlessCrab":93,"hubris:Potato":38}]},"card_choices":[{"not_picked":["construct:FierceBash","construct:Forcefield","construct:Reinforce"],"picked":"SKIP","floor":1},{"not_picked":["construct:ShiftStrike","construct:VentSteam"],"picked":"construct:Tumble","floor":2},{"not_picked":["construct:Versatility","construct:ScrapCannon","construct:SweepLaser"],"picked":"SKIP","floor":3},{"not_picked":["Menagerie:MirarisWake","Menagerie:DarkRitual"],"picked":"Menagerie:WallOfBlossoms","floor":4},{"not_picked":["Menagerie:Dismember","Menagerie:LightningBolt"],"picked":"Menagerie:Languish","floor":4},{"not_picked":["construct:Overcharge","construct:OneWayMirror"],"picked":"construct:Autoturret","floor":5},{"not_picked":["TH:Mimic"],"picked":"TH:ElvenBoots","floor":7},{"not_picked":["construct:MemoryTap","construct:HyperBeam","construct:ClusterMines"],"picked":"SKIP","floor":7},{"not_picked":["TH:TreasureMap"],"picked":"TH:CopperCoins","floor":9},{"not_picked":["construct:Hazardproof","construct:VentSteam"],"picked":"construct:SuppressiveFire","floor":10},{"not_picked":["TH:TreasureMap"],"picked":"TH:EnergyPotion","floor":11},{"not_picked":["construct:ShiftGuard","construct:ShiftStrike"],"picked":"construct:Analyze","floor":11},{"not_picked":["Forethought+1","Replay:Sssssssssshield+1"],"picked":"Panacea+1","floor":13},{"not_picked":["TH:TreasureMap"],"picked":"TH:ArmorSpikes","floor":16},{"not_picked":["construct:HeavyBolt","construct:FierceBash+1","construct:Versatility+1"],"picked":"SKIP","floor":18},{"not_picked":["construct:Analyze+1","construct:HeavyBolt"],"picked":"construct:Failsafe+1","floor":20},{"not_picked":["construct:Analyze","construct:FlameCore"],"picked":"construct:SuppressiveFire+1","floor":21},{"not_picked":["construct:FierceBash","construct:BatteryCore"],"picked":"construct:ReactiveShield+1","floor":22},{"not_picked":["construct:FierceBash","construct:SweepLaser+1","construct:ScrapCannon"],"picked":"SKIP","floor":24}],"player_experience":8048,"relics_obtained":[{"floor":7,"key":"Hololive_LightStick"},{"floor":9,"key":"hubris:Potato"},{"floor":11,"key":"DemoMod:PartiallyEatenCheese"},{"floor":12,"key":"halation:WeightlessCrab"}],"event_choices":[{"damage_healed":0,"gold_gain":0,"player_choice":"Spells","damage_taken":0,"max_hp_gain":0,"max_hp_loss":0,"event_name":"Menagerie:MagicPeddler","floor":4,"gold_loss":70},{"damage_healed":0,"gold_gain":0,"player_choice":"Release","damage_taken":0,"max_hp_gain":0,"max_hp_loss":0,"event_name":"Menagerie:StasisChamber","floor":12,"gold_loss":0},{"damage_healed":0,"gold_gain":0,"player_choice":"2","damage_taken":0,"max_hp_gain":0,"max_hp_loss":0,"event_name":"betterMatch:BetterMatch","floor":13,"gold_loss":0,"cards_obtained":["betterMatch:ColorlessUncommonCard"]},{"damage_healed":0,"gold_gain":200,"player_choice":"Gold","damage_taken":0,"max_hp_gain":0,"max_hp_loss":0,"event_name":"Wheel of Change","floor":19,"gold_loss":0}],"is_beta":false,"boss_relics":[{"not_picked":["reliquary:Craggleroot","halation:LoveArrow"],"picked":"Philosopher\u0027s Stone"}],"items_purged_floors":[14],"is_endless":false,"potions_floor_spawned":[2,10,11,12,20,21,24],"killed_by":"3 Cultists","ascension_level":0}}