{"host":"no5ppfu40f7oq4vr","time":1612206564,"event":{"mods":["BaseMod","Colored Map","Colored Powertips","Downfall","Duelist Mod","GifTheSpireLib","Minty Spire (QoL Compilation)","Quick Restart","StSLib","The Cursed","The Disciple","The Necromancer","The Servant 0.9.4"],"gold_per_floor":[99,114,99,113,124,135,159,259,285,285,32,32,58,72,87,189,189,189,199,219,152,152,183,183,194,278,295,295,307,307,407,419,524,524,524,541,591,53,99,99,99,8,23,35,35,52,52,62,80,80],"floor_reached":51,"language":"ENG","playtime":4570,"items_purged":[],"score":781,"play_id":"1efc0753-7980-4e26-a991-77af84799990","local_time":"20210201140924","is_ascension_mode":false,"campfire_choices":[{"data":"Slimebound:Split","floor":1.0,"key":"SMITH"},{"floor":10.0,"key":"REST"},{"data":"Slimebound:SlimeBarrage","floor":12.0,"key":"SMITH"},{"data":"Slimebound:MassRepurpose","floor":18.0,"key":"SMITH"},{"floor":28.0,"key":"REST"},{"data":"Slimebound:GoopSpray","floor":30.0,"key":"SMITH"},{"data":"Slimebound:Teamwork","floor":35,"key":"SMITH"},{"data":"Mayhem","floor":40,"key":"SMITH"},{"floor":47,"key":"REST"}],"circlet_count":0,"master_deck":["Slimebound:Strike_Slimebound","Slimebound:Strike_Slimebound","Slimebound:Strike_Slimebound","Slimebound:Tackle","Slimebound:Defend_Slimebound","Slimebound:Defend_Slimebound","Slimebound:Defend_Slimebound","Slimebound:Defend_Slimebound","Slimebound:Split+1","Slimebound:CorrosiveSpit","Slimebound:Schlurp","Slimebound:MassFeed","Slimebound:SplitMire","Slimebound:GoopSpray+1","Slimebound:PressTheAttack","Slimebound:ComboTackle","Slimebound:LeadByExample","Slimebound:HauntingLick","Slimebound:SlimeBarrage+1","Slimebound:Gluttony","Slimebound:SplitMire","Slimebound:MassRepurpose+1","Slimebound:FinishingTackle","Slimebound:SlimeBarrage+1","Slimebound:LeechingTouch","Slimebound:LeechEnergy+1","Slimebound:RollThrough+1","Slimebound:SpikyOuterGoop+1","Slimebound:SplitBruiser","Slimebound:Teamwork+1","Slimebound:SlimeSpikes","Slimebound:OozeBath","Mayhem+1","Deep Breath","Parasite","Slimebound:GoopSpray+1"],"relics":["Slimebound:AbsorbEndCombat","Bag of Marbles","Potion Belt","Strawberry","Slimebound:AggressiveSlimeRelic","Regal Pillow","Black Star","Ancient Tea Set","StoneCalendar","Vajra","Bottled Lightning","Velvet Choker","Mango","Pen Nib","Incense Burner","Darkstone Periapt"],"acts_visited":["Exordium","TheCity","TheBeyond"],"potions_floor_usage":[44,50,50,50,50],"damage_taken":[{"damage":0.0,"enemies":"Small Slimes","floor":2.0,"turns":3.0},{"damage":0.0,"enemies":"downfall:FleeingMerchant","floor":3.0,"turns":4.0},{"damage":3.0,"enemies":"Cultist","floor":4.0,"turns":3.0},{"damage":6.0,"enemies":"2 Louse","floor":5.0,"turns":3.0},{"damage":3.0,"enemies":"Blue Slaver","floor":6.0,"turns":4.0},{"damage":31.0,"enemies":"downfall:LadyInBlue","floor":8.0,"turns":9.0},{"damage":34.0,"enemies":"Gremlin Nob","floor":9.0,"turns":4.0},{"damage":21.0,"enemies":"downfall:FleeingMerchant","floor":11.0,"turns":4.0},{"damage":6.0,"enemies":"Lagavulin","floor":13.0,"turns":3.0},{"damage":6.0,"enemies":"Exordium Wildlife","floor":14.0,"turns":3.0},{"damage":0.0,"enemies":"Gremlin Gang","floor":15.0,"turns":1.0},{"damage":17.0,"enemies":"DF_ARCHETYPE_STREAMLINE","floor":16.0,"turns":7.0},{"damage":23.0,"enemies":"3 Byrds","floor":19.0,"turns":4.0},{"damage":10.0,"enemies":"3 Cultists","floor":20.0,"turns":3.0},{"damage":29.0,"enemies":"downfall:FleeingMerchant","floor":21.0,"turns":4.0},{"damage":23.0,"enemies":"theDuelist:KaibaA2","floor":23.0,"turns":4.0},{"damage":10.0,"enemies":"Centurion and Healer","floor":25.0,"turns":4.0},{"damage":8.0,"enemies":"downfall:FleeingMerchant","floor":26.0,"turns":4.0},{"damage":14.0,"enemies":"Snake Plant","floor":27.0,"turns":3.0},{"damage":0.0,"enemies":"3 Cultists","floor":29.0,"turns":3.0},{"damage":3.0,"enemies":"Snecko","floor":32.0,"turns":3.0},{"damage":26.0,"enemies":"IC_MUSHROOM_ARCHETYPE","floor":33.0,"turns":6.0},{"damage":0,"enemies":"3 Shapes","floor":36,"turns":3},{"damage":9,"enemies":"3 Shapes","floor":37,"turns":4},{"damage":45,"enemies":"2 Orb Walkers","floor":39,"turns":4},{"damage":1,"enemies":"Orb Walker","floor":43,"turns":2},{"damage":21,"enemies":"Writhing Mass","floor":44,"turns":5},{"damage":23,"enemies":"4 Shapes","floor":46,"turns":3},{"damage":15,"enemies":"Sphere and 2 Shapes","floor":48,"turns":4},{"damage":3,"enemies":"Transient","floor":49,"turns":5},{"damage":65,"enemies":"SI_POISON_ARCHETYPE","floor":50,"turns":6}],"seed_played":"-2738304066500830921","potions_obtained":[{"floor":2.0,"key":"sneckomod:MuddlingPotion"},{"floor":4.0,"key":"Slimebound:SpawnSlimePotion"},{"floor":5.0,"key":"sneckomod:MuddlingPotion"},{"floor":8.0,"key":"Fruit Juice"},{"floor":8.0,"key":"FearPotion"},{"floor":8.0,"key":"SneckoOil"},{"floor":9.0,"key":"Slimebound:SlimedPotion"},{"floor":13.0,"key":"Energy Potion"},{"floor":16.0,"key":"SpeedPotion"},{"floor":19.0,"key":"AttackPotion"},{"floor":23.0,"key":"EntropicBrew"},{"floor":27.0,"key":"Fruit Juice"},{"floor":32.0,"key":"Weak Potion"},{"floor":44,"key":"bronze:BurnAndBuffPotion"},{"floor":48,"key":"LiquidMemories"}],"is_trial":false,"path_per_floor":["R","M","$","M","M","M","T","?","E","R","$","R","E","M","M","B",null,"R","M","M","$","?","E","T","M","$","M","R","M","R","?","M","B",null,"R","M","?","$","?","R","T","$","M","M","$","M","R","M","M","B",null],"character_chosen":"SLIMEBOUND","items_purchased":["Slimebound:AggressiveSlimeRelic","Slimebound:SlimeBarrage","Slimebound:LeechingTouch","Bottled Lightning","Pen Nib","Slimebound:OozeBath","Slimebound:SlimyTonguePotion","Mayhem","Deep Breath"],"campfire_rested":3,"item_purchase_floors":[11,11,21,26,38,38,38,38,42],"current_hp_per_floor":[71,71,71,74,73,74,74,56,37,63,50,50,50,51,65,56,104,104,90,93,72,72,58,58,55,55,53,107,109,109,109,110,92,130,130,130,144,144,106,106,106,106,109,102,102,81,141,135,140,83],"gold":80,"neow_bonus":"TEN_PERCENT_HP_BONUS","is_daily":false,"chose_seed":false,"campfire_upgraded":6,"win_rate":0.0,"timestamp":1612206564,"path_taken":["R","M","$","M","M","M","T","?","E","R","$","R","E","?","M","BOSS","R","M","M","$","?","E","T","M","$","M","R","M","R","?","M","BOSS","R","M","?","$","?","R","T","$","M","M","?","?","R","M","M","BOSS"],"items_purchased_type":["Relic","Card","Card","Relic","Relic","Card","Potion","Card","Card"],"build_version":"2020-12-22","purchased_purges":0,"victory":true,"max_hp_per_floor":[71,71,71,74,77,77,77,82,89,89,89,89,89,92,104,104,104,104,107,116,116,116,119,119,122,122,130,130,130,130,130,130,130,130,130,130,147,147,147,147,147,147,147,153,153,153,153,156,156,156],"card_choices":[{"not_picked":["Slimebound:AcidTongue","Slimebound:LivingWall"],"picked":"Slimebound:Schlurp","floor":2.0},{"not_picked":["Slimebound:PressTheAttack","Slimebound:LeechingTouch"],"picked":"Slimebound:MassFeed","floor":3.0},{"not_picked":["Slimebound:LeechingTouch","Slimebound:SlimeTap"],"picked":"Slimebound:SplitMire","floor":4.0},{"not_picked":["Slimebound:SplitBruiser","Slimebound:HauntingLick"],"picked":"Slimebound:GoopSpray","floor":5.0},{"not_picked":["Slimebound:Schlurp","Slimebound:GoopSpray"],"picked":"Slimebound:PressTheAttack","floor":6.0},{"not_picked":["Slimebound:LivingWall","Slimebound:SplitLeeching"],"picked":"Slimebound:ComboTackle","floor":8.0},{"not_picked":["Slimebound:Repurpose","Slimebound:Replication"],"picked":"Slimebound:LeadByExample","floor":9.0},{"not_picked":["Slimebound:PrepareCrush","Slimebound:RainOfGoop"],"picked":"Slimebound:HauntingLick","floor":11.0},{"not_picked":["Slimebound:SplitAcid","Slimebound:SamplingLick"],"picked":"Slimebound:Gluttony","floor":13.0},{"not_picked":["Slimebound:Schlurp","Slimebound:Grow"],"picked":"Slimebound:SplitMire","floor":14.0},{"not_picked":["Slimebound:TongueLash","Slimebound:FinishingTackle","Slimebound:Prepare"],"picked":"SKIP","floor":15.0},{"not_picked":["Slimebound:OozeBath","Slimebound:DouseInSlime"],"picked":"Slimebound:MassRepurpose","floor":16.0},{"not_picked":["Slimebound:FormOfPuddle","Slimebound:HauntingLick"],"picked":"Slimebound:FinishingTackle","floor":19.0},{"not_picked":["Slimebound:SplitBruiser","Slimebound:HauntingLick"],"picked":"Slimebound:SlimeBarrage+1","floor":20.0},{"not_picked":["Slimebound:RejuvenatingLick","Slimebound:FormOfPuddle","Slimebound:DisruptingSlam"],"picked":"SKIP","floor":21.0},{"not_picked":["Slimebound:Equalize","Slimebound:OneTwoCombo"],"picked":"Slimebound:LeechEnergy+1","floor":23.0},{"not_picked":["Slimebound:LeadByExample","Slimebound:TongueLash"],"picked":"Slimebound:RollThrough+1","floor":25.0},{"not_picked":["Slimebound:Repurpose+1","Slimebound:SplitLeeching"],"picked":"Slimebound:SpikyOuterGoop+1","floor":26.0},{"not_picked":["Slimebound:HauntingLick","Slimebound:BestDefense","Slimebound:GoopTackle"],"picked":"SKIP","floor":27.0},{"not_picked":["Slimebound:Prepare","Slimebound:HauntingLick"],"picked":"Slimebound:SplitBruiser","floor":29.0},{"not_picked":["Slimebound:GoopSpray","Slimebound:Equalize","Slimebound:PressTheAttack+1"],"picked":"SKIP","floor":32.0},{"not_picked":["Slimebound:PrepareCrush","Slimebound:FirmFortitude"],"picked":"Slimebound:Teamwork","floor":33.0},{"not_picked":["Slimebound:Prepare","Slimebound:ComboTackle","Slimebound:SplitLeeching"],"picked":"SKIP","floor":36},{"not_picked":["Slimebound:SplitBruiser+1","Slimebound:LivingWall"],"picked":"Slimebound:SlimeSpikes","floor":37},{"not_picked":["Slimebound:Gluttony","Slimebound:Grow","Slimebound:GoopSpray"],"picked":"SKIP","floor":43},{"not_picked":["Slimebound:SplitBruiser+1","Slimebound:SelfFormingGoo","Slimebound:TongueLash"],"picked":"SKIP","floor":44},{"not_picked":["Slimebound:FinishingTackle","Slimebound:RainOfGoop+1"],"picked":"Slimebound:GoopSpray+1","floor":46},{"not_picked":["Slimebound:PressTheAttack","Slimebound:SlimeSpikes","Slimebound:DisruptingSlam"],"picked":"SKIP","floor":48},{"not_picked":["Slimebound:ComboTackle","Slimebound:SplitLeeching","Slimebound:Replication"],"picked":"SKIP","floor":49}],"player_experience":185692,"relics_obtained":[{"floor":7.0,"key":"Bag of Marbles"},{"floor":8.0,"key":"Potion Belt"},{"floor":9.0,"key":"Strawberry"},{"floor":13.0,"key":"Regal Pillow"},{"floor":23.0,"key":"Ancient Tea Set"},{"floor":23.0,"key":"StoneCalendar"},{"floor":24.0,"key":"Vajra"},{"floor":37,"key":"Mango"},{"floor":39,"key":"Incense Burner"},{"floor":41,"key":"Darkstone Periapt"}],"event_choices":[{"damage_healed":0,"gold_gain":0,"player_choice":"Fight","damage_taken":0,"max_hp_gain":0,"max_hp_loss":0,"event_name":"Mysterious Sphere","floor":39,"gold_loss":0}],"is_beta":false,"boss_relics":[{"not_picked":["Coffee Dripper","Snecko Eye"],"picked":"Black Star"},{"not_picked":["SacredBark","Slimebound:AbsorbEndCombatUpgraded"],"picked":"Velvet Choker"}],"items_purged_floors":[],"is_endless":false,"potions_floor_spawned":[2,4,5,9,13,16,19,23,27,32,33,36,39,44,48],"ascension_level":0}}