{"host":"c97twqu0op5dg8i4","time":1612205094,"event":{"mods":["AchievementEnabler","BaseMod","Colored Map","Minty Spire (QoL Compilation)","Permanent Neow"],"gold_per_floor":[113,288,288,288,306,306,18,33,33,47,57,77,93,3,3,102,102,118,118,131,131,131,131,131],"floor_reached":23,"language":"ENG","playtime":805,"items_purged":[],"score":300,"play_id":"05c35b59-00f8-4907-8743-52be49f96d5e","local_time":"20210201134454","is_ascension_mode":true,"campfire_choices":[{"data":"Echo Form","floor":6.0,"key":"SMITH"},{"floor":15.0,"key":"REST"}],"circlet_count":0,"master_deck":["AscendersBane","Strike_B","Strike_B","Strike_B","Defend_B","Defend_B","Defend_B","Defend_B","Zap","Dualcast","Echo Form+1","Redo","Tempest","Hologram+1","Coolheaded+1","Double Energy+1","Turbo+1","Self Repair","Chaos+1","Leap+1","Seek+1","Ball Lightning+1","Cold Snap","Ghostly+1","Ghostly+1","Ghostly+1","Ghostly+1","Ghostly+1","Writhe"],"relics":["FrozenCore","Toxic Egg 2","Eternal Feather","Smiling Mask"],"acts_visited":["Exordium","TheCity"],"potions_floor_usage":[20,20],"damage_taken":[{"damage":8.0,"enemies":"Jaw Worm","floor":1.0,"turns":4.0},{"damage":4.0,"enemies":"2 Louse","floor":5.0,"turns":2.0},{"damage":1.0,"enemies":"Cultist","floor":8.0,"turns":3.0},{"damage":21.0,"enemies":"Red Slaver","floor":10.0,"turns":4.0},{"damage":13.0,"enemies":"Large Slime","floor":11.0,"turns":5.0},{"damage":6.0,"enemies":"Blue Slaver","floor":12.0,"turns":3.0},{"damage":6.0,"enemies":"2 Fungi Beasts","floor":13.0,"turns":4.0},{"damage":28.0,"enemies":"Hexaghost","floor":16.0,"turns":11.0},{"damage":14.0,"enemies":"Shell Parasite","floor":18.0,"turns":4.0},{"damage":54,"enemies":"3 Byrds","floor":20,"turns":5},{"damage":0,"enemies":"Slavers","floor":23,"turns":5}],"seed_played":"1139615962069330296","potions_obtained":[{"floor":5.0,"key":"Block Potion"},{"floor":8.0,"key":"Swift Potion"},{"floor":13.0,"key":"SteroidPotion"},{"floor":16.0,"key":"SkillPotion"}],"is_trial":false,"path_per_floor":["M","?","?","?","M","R","$","M","T","M","M","M","M","$","R","B",null,"M","?","M","?","?","E"],"character_chosen":"DEFECT","items_purchased":["Toxic Egg 2","Hologram+1","Chaos+1","Leap+1"],"campfire_rested":1,"item_purchase_floors":[7,7,14,14],"current_hp_per_floor":[60,60,60,60,56,56,56,55,55,34,21,15,9,9,41,20,56,56,56,9,9,9,9,9],"gold":131,"neow_bonus":"THREE_RARE_CARDS","is_daily":false,"chose_seed":false,"campfire_upgraded":1,"win_rate":0.0,"timestamp":1612205094,"path_taken":["M","?","?","?","M","R","$","M","T","?","M","M","M","?","R","BOSS","M","?","M","?","?","E"],"items_purchased_type":["Relic","Card","Card","Card"],"build_version":"2020-12-22","purchased_purges":0,"victory":false,"max_hp_per_floor":[68,68,68,68,68,68,68,68,68,68,68,68,68,68,68,68,68,68,68,68,34,34,34,34],"card_choices":[{"not_picked":["Fission","Meteor Strike"],"picked":"Echo Form","floor":0.0},{"not_picked":["Beam Cell","Stack"],"picked":"Redo","floor":1.0},{"not_picked":["Leap","Blizzard"],"picked":"Tempest","floor":5.0},{"not_picked":["Hologram+1","Go for the Eyes","BootSequence+1"],"picked":"SKIP","floor":8.0},{"not_picked":["Stack+1","Compile Driver"],"picked":"Coolheaded+1","floor":10.0},{"not_picked":["Hologram+1","Reprogram+1"],"picked":"Double Energy+1","floor":11.0},{"not_picked":["Seek+1","Static Discharge"],"picked":"Turbo+1","floor":12.0},{"not_picked":["Cold Snap","Force Field+1"],"picked":"Self Repair","floor":13.0},{"not_picked":["Amplify+1","Machine Learning"],"picked":"Seek+1","floor":16.0},{"not_picked":["Hello World","Beam Cell"],"picked":"Ball Lightning+1","floor":18.0},{"not_picked":["Streamline","Barrage+1"],"picked":"Cold Snap","floor":20}],"player_experience":335422,"relics_obtained":[{"floor":9.0,"key":"Eternal Feather"}],"event_choices":[{"damage_healed":0.0,"max_hp_gain":0.0,"max_hp_loss":0.0,"gold_gain":175.0,"event_name":"Liars Game","player_choice":"AGREE","floor":2.0,"gold_loss":0.0,"damage_taken":0.0,"cards_obtained":["Doubt"]},{"cards_removed":["Doubt"],"damage_healed":0.0,"max_hp_gain":0.0,"max_hp_loss":0.0,"gold_gain":0.0,"event_name":"Living Wall","player_choice":"Forget","floor":3.0,"gold_loss":0.0,"damage_taken":0.0},{"cards_removed":["Strike_B"],"damage_healed":0.0,"max_hp_gain":0.0,"max_hp_loss":0.0,"gold_gain":0.0,"event_name":"Bonfire Elementals","player_choice":"Offered Basic","floor":4.0,"gold_loss":0.0,"damage_taken":0.0},{"damage_healed":0.0,"max_hp_gain":0.0,"max_hp_loss":0.0,"gold_gain":0.0,"event_name":"Vampires","player_choice":"Ignored","floor":19.0,"gold_loss":0.0,"damage_taken":0.0},{"damage_healed":0,"gold_gain":0,"player_choice":"Became a Ghost","damage_taken":0,"max_hp_gain":0,"max_hp_loss":34,"event_name":"Ghosts","floor":21,"gold_loss":0,"cards_obtained":["Ghostly","Ghostly","Ghostly","Ghostly","Ghostly"]},{"damage_healed":0,"gold_gain":0,"player_choice":"Opened","damage_taken":0,"relics_obtained":["Smiling Mask"],"max_hp_gain":0,"max_hp_loss":0,"event_name":"The Mausoleum","floor":22,"gold_loss":0,"cards_obtained":["Writhe"]}],"is_beta":false,"boss_relics":[{"not_picked":["Ectoplasm","Busted Crown"],"picked":"FrozenCore"}],"items_purged_floors":[],"is_endless":false,"potions_floor_spawned":[5,8,13,16],"killed_by":"Slavers","ascension_level":10}}