{"host":"dpbezu80jg8zk7un","time":1612191882,"event":{"mods":["BaseMod","Colored Map","Colored Powertips","Custom Start","DeckTracker","Minty Spire (QoL Compilation)","Quick Restart","StSLib","SuperFastMode"],"gold_per_floor":[114,39,39,39,39,72,72,108,108,131,174,174,249,262,262,352,352,367,367,267,283,299,299,330,346,346,221,239,239,282,301,301,400,400,415,415,415,415,438,438,438],"floor_reached":40,"language":"KOR","playtime":972,"items_purged":["Defend_P","Strike_P","Defend_P"],"score":1030,"play_id":"925910fc-8076-4c14-bd59-45a556c9c411","local_time":"20210202000442","is_ascension_mode":true,"campfire_choices":[{"data":"Eruption","floor":7.0,"key":"SMITH"},{"data":"Conclude","floor":12.0,"key":"SMITH"},{"data":"FlurryOfBlows","floor":15.0,"key":"SMITH"},{"floor":23.0,"key":"REST"},{"floor":29.0,"key":"REST"},{"data":"MentalFortress","floor":32.0,"key":"SMITH"}],"circlet_count":0,"master_deck":["AscendersBane","Strike_P","Strike_P","Strike_P","Defend_P+1","Defend_P","Eruption+1","Vigilance+1","FlurryOfBlows+1","Conclude+1","EmptyFist","TalkToTheHand","DeusExMachina","MentalFortress+1","Vault","Scrawl","InnerPeace","Madness","Madness"],"relics":["PureWater","NeowsBlessing","Golden Idol","Bronze Scales","Pen Nib","Letter Opener","War Paint","Regal Pillow","Cursed Key","PreservedInsect","Mummified Hand","SacredBark"],"acts_visited":["Exordium","TheCity","TheBeyond"],"potions_floor_usage":[],"damage_taken":[{"damage":0.0,"enemies":"Small Slimes","floor":1.0,"turns":1.0},{"damage":0.0,"enemies":"3 Sentries","floor":6.0,"turns":1.0},{"damage":0.0,"enemies":"Lagavulin","floor":8.0,"turns":1.0},{"damage":2.0,"enemies":"3 Sentries","floor":11.0,"turns":2.0},{"damage":0.0,"enemies":"2 Louse","floor":14.0,"turns":2.0},{"damage":20.0,"enemies":"Slime Boss","floor":16.0,"turns":8.0},{"damage":17.0,"enemies":"Chosen","floor":18.0,"turns":5.0},{"damage":4.0,"enemies":"Shell Parasite","floor":21.0,"turns":3.0},{"damage":37.0,"enemies":"Shelled Parasite and Fungi","floor":22.0,"turns":5.0},{"damage":0.0,"enemies":"Slavers","floor":24.0,"turns":1.0},{"damage":8.0,"enemies":"3 Cultists","floor":25.0,"turns":3.0},{"damage":0.0,"enemies":"Snake Plant","floor":28.0,"turns":3.0},{"damage":3.0,"enemies":"Book of Stabbing","floor":30.0,"turns":2.0},{"damage":15.0,"enemies":"Centurion and Healer","floor":31.0,"turns":4.0},{"damage":44.0,"enemies":"Automaton","floor":33.0,"turns":10.0},{"damage":0.0,"enemies":"3 Darklings","floor":35.0,"turns":2.0},{"damage":22,"enemies":"3 Shapes","floor":39,"turns":3},{"damage":18,"enemies":"Reptomancer","floor":40,"turns":3}],"seed_played":"-7808694264710084032","potions_obtained":[{"floor":1.0,"key":"SteroidPotion"},{"floor":6.0,"key":"Block Potion"},{"floor":18.0,"key":"Weak Potion"},{"floor":19.0,"key":"Ambrosia"},{"floor":19.0,"key":"SteroidPotion"},{"floor":24.0,"key":"SpeedPotion"},{"floor":25.0,"key":"Swift Potion"},{"floor":30.0,"key":"Strength Potion"},{"floor":33.0,"key":"BlessingOfTheForge"},{"floor":35.0,"key":"BottledMiracle"}],"is_trial":false,"path_per_floor":["M","$","?","?","?","E","R","E","T","T","E","R","?","M","R","B",null,"M","?","$","M","M","R","E","M","T","$","M","R","E","M","R","B",null,"M","?","?","?","M","E"],"character_chosen":"WATCHER","items_purchased":[],"campfire_rested":2,"item_purchase_floors":[],"current_hp_per_floor":[61,61,61,66,66,66,66,66,66,66,64,64,53,53,53,33,59,42,42,42,38,1,36,36,28,28,28,28,63,60,45,45,1,51,51,39,39,39,17,0,0],"gold":438,"neow_bonus":"THREE_ENEMY_KILL","is_daily":false,"chose_seed":false,"campfire_upgraded":4,"win_rate":0.0,"timestamp":1612191882,"path_taken":["M","$","?","?","?","E","R","E","T","?","E","R","?","?","R","BOSS","M","?","$","M","M","R","E","?","T","$","M","R","E","M","R","BOSS","M","?","?","?","?","E"],"items_purchased_type":[],"build_version":"2020-12-22","purchased_purges":3,"victory":false,"max_hp_per_floor":[68,68,62,67,67,67,67,67,67,67,67,67,67,67,67,67,67,67,67,67,67,67,67,67,67,67,67,67,67,67,67,67,67,67,67,67,67,67,67,67,67],"card_choices":[{"not_picked":["BowlingBash","EmptyBody"],"picked":"FlurryOfBlows","floor":1.0},{"not_picked":["ForeignInfluence","FollowUp"],"picked":"Conclude","floor":6.0},{"not_picked":["Evaluate","ReachHeaven"],"picked":"EmptyFist","floor":8.0},{"not_picked":["FlyingSleeves","FollowUp"],"picked":"TalkToTheHand","floor":11.0},{"not_picked":["Halt","ThirdEye","Crescendo"],"picked":"SKIP","floor":14.0},{"not_picked":["Vault","Alpha"],"picked":"DeusExMachina","floor":16.0},{"not_picked":["CrushJoints","LikeWater"],"picked":"MentalFortress","floor":18.0},{"not_picked":["LikeWater+1","EmptyFist","Collect"],"picked":"SKIP","floor":21.0},{"not_picked":["FollowUp","ReachHeaven","Wallop"],"picked":"SKIP","floor":22.0},{"not_picked":["Crescendo","Weave","Protect"],"picked":"SKIP","floor":24.0},{"not_picked":["Evaluate","Vengeance","Crescendo"],"picked":"SKIP","floor":25.0},{"not_picked":["EmptyBody","FollowUp","Halt"],"picked":"SKIP","floor":28.0},{"not_picked":["Protect","Prostrate"],"picked":"Vault","floor":30.0},{"not_picked":["Worship","ClearTheMind","CrushJoints"],"picked":"SKIP","floor":31.0},{"not_picked":["Wish","ConjureBlade"],"picked":"Scrawl","floor":33.0},{"not_picked":["Pray+1","Study+1"],"picked":"InnerPeace","floor":35.0},{"not_picked":["Conclude+1","Protect","EmptyFist"],"picked":"SKIP","floor":39}],"player_experience":2939037,"relics_obtained":[{"floor":6.0,"key":"Bronze Scales"},{"floor":8.0,"key":"Pen Nib"},{"floor":9.0,"key":"Letter Opener"},{"floor":10.0,"key":"War Paint"},{"floor":11.0,"key":"Regal Pillow"},{"floor":24.0,"key":"PreservedInsect"},{"floor":30.0,"key":"Mummified Hand"}],"event_choices":[{"damage_healed":0.0,"max_hp_gain":0.0,"max_hp_loss":6.0,"gold_gain":0.0,"event_name":"Golden Idol","player_choice":"Lose Max HP","floor":3.0,"gold_loss":0.0,"damage_taken":0.0,"relics_obtained":["Golden Idol"]},{"damage_healed":0.0,"max_hp_gain":5.0,"max_hp_loss":0.0,"gold_gain":0.0,"event_name":"Big Fish","player_choice":"Donut","floor":4.0,"gold_loss":0.0,"damage_taken":0.0},{"damage_healed":0.0,"max_hp_gain":0.0,"max_hp_loss":0.0,"gold_gain":0.0,"event_name":"Liars Game","player_choice":"Ignored","floor":5.0,"gold_loss":0.0,"damage_taken":0.0},{"damage_healed":0.0,"max_hp_gain":0.0,"max_hp_loss":0.0,"gold_gain":75.0,"event_name":"World of Goop","player_choice":"Gather Gold","floor":13.0,"gold_loss":0.0,"damage_taken":11.0},{"damage_healed":0.0,"max_hp_gain":0.0,"max_hp_loss":0.0,"gold_gain":0.0,"event_name":"Lab","player_choice":"Got Potions","floor":19.0,"gold_loss":0.0,"damage_taken":0.0},{"damage_healed":0.0,"max_hp_gain":0.0,"max_hp_loss":0.0,"gold_gain":0.0,"event_name":"Winding Halls","player_choice":"Embrace Madness","floor":36.0,"gold_loss":0.0,"damage_taken":12.0,"cards_obtained":["Madness","Madness"]},{"damage_healed":0,"gold_gain":0,"player_choice":"Ignored","damage_taken":0,"max_hp_gain":0,"max_hp_loss":0,"event_name":"Mysterious Sphere","floor":37,"gold_loss":0},{"damage_healed":0,"gold_gain":0,"player_choice":"Ignored","damage_taken":0,"max_hp_gain":0,"max_hp_loss":0,"event_name":"SecretPortal","floor":38,"gold_loss":0}],"is_beta":false,"boss_relics":[{"not_picked":["Calling Bell","Runic Dome"],"picked":"Cursed Key"},{"not_picked":["Philosopher\u0027s Stone","Velvet Choker"],"picked":"SacredBark"}],"items_purged_floors":[2,20,27],"is_endless":false,"potions_floor_spawned":[1,6,8,18,24,25,28,30,33,35],"killed_by":"Reptomancer","ascension_level":20}}