{"host":"a3wpq7kyokchzawk","time":1612215184,"event":{"mods":["BaseMod","Colored Map","Highlight Path","Minty Spire (QoL Compilation)","Permanent Neow","Potion Indicator Mod","Relic Stats","Weighted Paths"],"gold_per_floor":[119,394,410,44,60,60,78,78,78],"floor_reached":8,"language":"ENG","playtime":1664,"items_purged":["Regret"],"score":94,"play_id":"f1b3d4ed-0a4c-4d38-ba53-27a137c6a38b","local_time":"20210201193304","is_ascension_mode":true,"campfire_choices":[{"data":"Stack","floor":6.0,"key":"SMITH"}],"circlet_count":0,"master_deck":["AscendersBane","Strike_B","Strike_B","Strike_B","Strike_B","Defend_B","Defend_B","Defend_B","Defend_B","Zap","Dualcast","Compile Driver","Stack+1","Self Repair","Undo","Steam"],"relics":["Coffee Dripper","Anchor"],"acts_visited":["Exordium"],"potions_floor_usage":[],"damage_taken":[{"damage":8.0,"enemies":"Small Slimes","floor":1.0,"turns":3.0},{"damage":8.0,"enemies":"Cultist","floor":3.0,"turns":4.0},{"damage":0.0,"enemies":"Jaw Worm","floor":5.0,"turns":5.0},{"damage":22.0,"enemies":"Exordium Thugs","floor":7.0,"turns":7.0},{"damage":59,"enemies":"Gremlin Nob","floor":8,"turns":4}],"seed_played":"-5382967196729872363","potions_obtained":[],"is_trial":false,"path_per_floor":["M","?","M","$","M","R","M","E"],"character_chosen":"DEFECT","items_purchased":["Anchor","Self Repair","Undo"],"campfire_rested":0,"item_purchase_floors":[4,4,4],"current_hp_per_floor":[56,56,48,48,55,55,40,0,0],"gold":78,"neow_bonus":"BOSS_RELIC","is_daily":false,"chose_seed":false,"campfire_upgraded":1,"win_rate":0.0,"timestamp":1612215184,"path_taken":["M","?","M","?","M","R","M","E"],"items_purchased_type":["Relic","Card","Card"],"build_version":"2020-12-22","purchased_purges":1,"victory":false,"max_hp_per_floor":[71,71,71,71,71,71,71,71,71],"relic_stats":{"counters":[5,23],"obtain_stats":[{"Anchor":4,"Coffee Dripper":0,"Cracked Core":0},{"Anchor":2,"Coffee Dripper":0,"Cracked Core":0},{"Anchor":7,"Coffee Dripper":0,"Cracked Core":0}]},"card_choices":[{"not_picked":["Turbo","Barrage"],"picked":"Compile Driver","floor":1.0},{"not_picked":["Double Energy","Sweeping Beam"],"picked":"Stack","floor":3.0},{"not_picked":["Steam Power","Scrape","Hello World"],"picked":"SKIP","floor":5.0},{"not_picked":["Steam Power","Scrape","Hello World"],"picked":"SKIP","floor":5.0},{"not_picked":["Hologram","Barrage"],"picked":"Steam","floor":7.0}],"player_experience":2530212,"relics_obtained":[],"event_choices":[{"damage_healed":0.0,"max_hp_gain":0.0,"max_hp_loss":0.0,"gold_gain":275.0,"event_name":"Golden Shrine","player_choice":"Desecrate","floor":2.0,"gold_loss":0.0,"damage_taken":0.0,"cards_obtained":["Regret"]}],"is_beta":false,"boss_relics":[],"items_purged_floors":[4],"is_endless":false,"potions_floor_spawned":[],"killed_by":"Gremlin Nob","ascension_level":19}}