{"host":"4c7m9tuvqombcnjj","time":1612183403,"event":{"mods":["Act Like it!","Aspiration","Astrologer","BaseMod","Conspire","Dota2Spire","Gensokyo","GungeonMod","Hallownest","HololiveMod","Jedi Mod","Jorbs\u0027s Wanderer Trilogy","Koishi","KomeijiMod","Lobotomy","LobotomyExtend","Minty Spire (QoL Compilation)","MostiFishMod","Prisma Mod","Reimu（博丽灵梦）","Reliquary","Remilia（蕾米莉亚）","Replay The Spire","RumiaBox-露米娅的神秘盒子","Smile Girya","StSLib","TestMod","The Alterego","The Animator","The Bug Knight","The Construct","The Cursed","The Hierophant","The Jungle","The Runesmith","WarShipGirlsR/战舰少女R mod","Yuyuko","[IsaacMod]以撒尖塔","【功能Mod】混沌之环修复补丁","【遗物卡牌】REMEMod"],"gold_per_floor":[113,0,15,15,15,15,28,55,55,70,148,148,161,178,197,207,207,306,306,318,318,118,118,135,135,146,174,198,228,228,153,164,164,164,264,264,275,275,294,294,310,310,50,50,50,14,28,78,89,100,100,100,100,100,100,0,34,34],"floor_reached":59,"language":"ZHS","playtime":2810,"items_purged":[],"score":1506,"play_id":"ad80b866-0f0c-4daa-925a-ef2f0f19b8e8","local_time":"20210201204323","is_ascension_mode":false,"campfire_choices":[{"floor":9,"key":"RECALL"},{"data":"MostiFishMod:OrdinaryWorld","floor":17,"key":"SMITH"},{"data":"Eclipse","floor":25,"key":"SMITH"},{"data":"jedi:MakeshiftSword","floor":30,"key":"SMITH"},{"data":"REME_FearOfPain","floor":34,"key":"SMITH"},{"floor":42,"key":"REST"},{"data":"Demon Form","floor":44,"key":"SMITH"},{"data":"jedi:MakeshiftSword","floor":51,"key":"SMITH"},{"data":"MostiFishMod:FlyOverUtopia","floor":55,"key":"SMITH"}],"circlet_count":0,"master_deck":["Strike_R+1","Strike_R+1","Strike_R+1","Strike_R+1","Strike_R+1","Defend_R+1","Defend_R+1","Defend_R+1","Defend_R+1","Bash","Clash","jedi:fear+1","REME_Cut","Fire Breathing","jedi:MakeshiftSword+1","Entrench+1","Clothesline","conspire:Charge","REME_FearOfPain+1","Clash","Bloodletting","Shrug It Off","MostiFishMod:OrdinaryWorld+1","MostiFishMod:#F4004","Seeing Red","Eclipse+1","REME_TheLastStrike","Replay:Undeath\u0027s Touch","Burning Pact","Burning Pact","Demon Form+1","Sever Soul","Sword Boomerang","Seeing Red","jedi:controlledanger+1","Confused","MostiFishMod:FlyOverUtopia+1","jedi:MakeshiftSword+1","Pommel Strike","Normality","Power Through+1","Double Tap","Dark Embrace+1","Twin Strike","Twin Strike","jedi:fear+1","Armaments","Burning Pact","Thunderclap+1","Shockwave","MostiFishMod:CullingBlade"],"relics":["HushsDoor","REME_ComplimentaryCards","DaveBox","testmod-TestBox","testmod-D_4","RhineCircuit","MaYiHuaBei","ChewingGum","SynthV:TestCard","Orrery","Self Forming Clay","JellyFishMachine","Dota2Spire:HeartOfTarrasque","Replay:Mystery Machine","construct:FoamFinger","reliquary:PartyBalloon","testmod-BatchProcessingSystem","Ring of Hypnosis","Ring of Searing","conspire:DeflatedDodgeball","Toy Ornithopter","DemoMod:Metronome","HollowMod:LifeEnderRelic","DemoMod:BigBoy"],"acts_visited":["Exordium","TheCity","TheBeyond","TheEnding"],"potions_floor_usage":[58,58,58],"damage_taken":[{"damage":0,"enemies":"Cultist","floor":1,"turns":1},{"damage":0,"enemies":"Small Slimes","floor":3,"turns":2},{"damage":0,"enemies":"2 Louse","floor":7,"turns":2},{"damage":12,"enemies":"Gremlin Nob","floor":8,"turns":3},{"damage":0,"enemies":"Looter","floor":10,"turns":2},{"damage":0,"enemies":"Large Slime","floor":13,"turns":2},{"damage":0,"enemies":"Red Slaver","floor":14,"turns":2},{"damage":0,"enemies":"2 Fungi Beasts","floor":15,"turns":2},{"damage":5,"enemies":"Blue Slaver","floor":16,"turns":2},{"damage":0,"enemies":"Slime Boss","floor":18,"turns":3},{"damage":1,"enemies":"2 Thieves","floor":20,"turns":2},{"damage":0,"enemies":"3 Byrds","floor":24,"turns":4},{"damage":0,"enemies":"conspire:HollyBat","floor":26,"turns":5},{"damage":0,"enemies":"conspire:SneckoGhost","floor":27,"turns":2},{"damage":0,"enemies":"conspire:Head Lice","floor":29,"turns":3},{"damage":0,"enemies":"3 Cultists","floor":32,"turns":1},{"damage":0,"enemies":"Champ","floor":35,"turns":3},{"damage":25,"enemies":"3 Shapes","floor":37,"turns":2},{"damage":12,"enemies":"Orb Walker","floor":39,"turns":2},{"damage":16,"enemies":"4 Shapes","floor":41,"turns":2},{"damage":0,"enemies":"Transient","floor":47,"turns":5},{"damage":0,"enemies":"Hiden Room Battle","floor":48,"turns":3},{"damage":11,"enemies":"3 Darklings","floor":49,"turns":2},{"damage":0,"enemies":"Jaw Worm Horde","floor":50,"turns":2},{"damage":0,"enemies":"Donu and Deca","floor":52,"turns":5},{"damage":35,"enemies":"Shield and Spear","floor":57,"turns":2},{"damage":53,"enemies":"The Heart","floor":58,"turns":4}],"seed_played":"7885148561355161403","potions_obtained":[{"floor":1,"key":"SkillPotion"},{"floor":13,"key":"BlessingOfTheForge"},{"floor":16,"key":"PowerPotion"}],"is_trial":false,"path_per_floor":["M","$","M","PTL","PTL","?","M","E","R","M","T","?","M","M","M","M","R","B",null,"M","?","$","?","M","R","M","E","T","E","R","?","M","?","R","B",null,"M","?","M","?","M","R","$","R","T","$","M","?","M","M","R","B",null,null,"R","$","E","B",null],"character_chosen":"IRONCLAD","items_purchased":["jedi:fear+1","REME_Cut","Orrery","REME_TheLastStrike","Burning Pact","Demon Form","jedi:MakeshiftSword","conspire:DeflatedDodgeball","Twin Strike","Shockwave","HollowMod:LifeEnderRelic"],"campfire_rested":1,"item_purchase_floors":[2,2,2,19,22,22,36,43,46,56,56],"current_hp_per_floor":[80,80,80,80,80,80,80,68,68,68,68,68,68,68,68,63,63,63,76,75,75,75,68,68,68,68,76,76,76,76,76,76,76,76,76,82,57,57,45,45,29,53,53,53,53,53,61,61,50,50,50,58,58,82,82,82,47,9],"gold":34,"neow_bonus":"BOSS_RELIC","is_daily":false,"chose_seed":false,"campfire_upgraded":7,"win_rate":0.0,"timestamp":1612183403,"path_taken":["M","$","M","PTL","PTL","?","?","E","R","M","T","?","M","M","M","M","R","BOSS","M","?","$","?","M","R","M","E","T","E","R","?","?","?","R","BOSS","M","?","M","?","M","R","$","R","T","$","M","?","M","?","R","BOSS","R","$","E","BOSS"],"items_purchased_type":["Card","Card","Relic","Card","Card","Card","Card","Relic","Card","Card","Relic"],"build_version":"2020-12-22","purchased_purges":0,"victory":true,"max_hp_per_floor":[80,80,80,80,80,80,80,80,80,80,80,80,80,80,80,80,80,80,76,76,76,76,76,76,76,76,84,84,84,84,84,84,84,84,84,82,82,82,82,82,82,82,82,82,82,82,82,82,82,82,82,82,82,82,82,82,82,82],"card_choices":[{"not_picked":[],"picked":"ChaosCard","floor":0},{"not_picked":["Clothesline","Pommel Strike"],"picked":"Clash","floor":1},{"not_picked":["Thunderclap","Clothesline","Searing Blow","ReplayTheSpireMod:Stacked"],"picked":"Fire Breathing","floor":2},{"not_picked":["Clothesline","Rupture","Body Slam","Armaments"],"picked":"jedi:MakeshiftSword","floor":2},{"not_picked":["MostiFishMod:TemporaryOutbreak","jedi:controlledanger","Bomb","REME_SingleHolding"],"picked":"Entrench","floor":2},{"not_picked":["True Grit","Warcry","Rage","Second Wind"],"picked":"Clothesline","floor":2},{"not_picked":["Shrug It Off","jedi:controlledanger","Fiend Fire","Flame Barrier"],"picked":"conspire:Charge","floor":2},{"not_picked":["Defy Death","Warcry","jedi:fear","Cleave"],"picked":"REME_FearOfPain","floor":3},{"not_picked":["Shockwave","Twin Strike","Run Through","Body Slam"],"picked":"Clash","floor":7},{"not_picked":["Power Through","Pommel Strike","Shrug It Off","Run Through"],"picked":"Bloodletting","floor":8},{"not_picked":["jedi:fear","Twin Strike","Iron Wave","Body Slam"],"picked":"Shrug It Off","floor":10},{"not_picked":["Twin Strike","Body Slam","Sword Boomerang","Warcry"],"picked":"MostiFishMod:OrdinaryWorld","floor":13},{"not_picked":["Clothesline","Carnage","MostiFishMod:OrdinaryWorld","DemoMod:BlackBlade"],"picked":"MostiFishMod:#F4004","floor":14},{"not_picked":["Headbutt","Fire Breathing","REME_SingleHolding","jedi:fear"],"picked":"Seeing Red","floor":15},{"not_picked":["jedi:fear","Clothesline","Twin Strike","MostiFishMod:PerfectStrikeMKII"],"picked":"Bomb","floor":16},{"not_picked":["MostiFishMod:WingOfPhoenix","Feed","MostiFishMod:TemporaryOutbreak","Replay:Many Hands"],"picked":"Eclipse","floor":18},{"not_picked":["ReplayTheSpireMod:Strike From Hell","Flame Barrier+1","Cleave","Perfected Strike"],"picked":"Replay:Undeath\u0027s Touch","floor":20},{"not_picked":["jedi:collectorstrike","Abandon","Carnage","Clothesline"],"picked":"Sever Soul","floor":24},{"not_picked":["Iron Wave","Perfected Strike","Run Through","Hemokinesis"],"picked":"Sword Boomerang","floor":26},{"not_picked":["Clothesline","Cleave","Clash","Headbutt"],"picked":"Seeing Red","floor":27},{"not_picked":["MostiFishMod:Mania","Life Link+1","Perfected Strike","Twin Strike"],"picked":"jedi:controlledanger+1","floor":29},{"not_picked":["Abandon","Body Slam","Clothesline+1","True Grit","conspire:Purge"],"picked":"SKIP","floor":32},{"not_picked":["Brutality","MostiFishMod:UltimateDefense","Feed","MostiFishMod:PerfectStrikeMKII"],"picked":"MostiFishMod:FlyOverUtopia","floor":35},{"not_picked":["Rage+1","Anger","jedi:suffering","Body Slam"],"picked":"Pommel Strike","floor":37},{"not_picked":["ReplayTheSpireMod:Strike From Hell","Armaments","Berserk","Replay:Undeath\u0027s Touch+1"],"picked":"Power Through+1","floor":39},{"not_picked":[],"picked":"Double Tap","floor":40},{"not_picked":["jedi:fear+1","Armaments","Sword Boomerang+1","Cleave"],"picked":"Dark Embrace+1","floor":41},{"not_picked":["conspire:HitWhereItHurts","Perfected Strike","Anger+1","Reckless Charge"],"picked":"jedi:fear+1","floor":47},{"not_picked":["Warcry","jedi:controlledanger","conspire:ExplosiveBarrier","Perfected Strike"],"picked":"Armaments","floor":48},{"not_picked":["jedi:hate+1","Twin Strike","DemoMod:BlackBlade+1","Armaments"],"picked":"Burning Pact","floor":49},{"not_picked":["Disarm+1","Twin Strike+1","Dark Embrace+1","ReplayTheSpireMod:Strike From Hell+1"],"picked":"Thunderclap+1","floor":50},{"not_picked":["DemoMod:BlackBlade+1","Dark Embrace+1","Shockwave+1","Anger"],"picked":"MostiFishMod:CullingBlade","floor":57}],"player_experience":78278,"relics_obtained":[{"floor":1,"key":"SynthV:TestCard"},{"floor":8,"key":"Self Forming Clay"},{"floor":27,"key":"Dota2Spire:HeartOfTarrasque"},{"floor":28,"key":"Replay:Mystery Machine"},{"floor":29,"key":"construct:FoamFinger"},{"floor":38,"key":"Ring of Hypnosis"},{"floor":38,"key":"Ring of Searing"},{"floor":45,"key":"Toy Ornithopter"},{"floor":48,"key":"DemoMod:Metronome"},{"floor":57,"key":"DemoMod:BigBoy"}],"event_choices":[{"damage_healed":0,"gold_gain":0,"player_choice":"Upgraded","damage_taken":0,"max_hp_gain":0,"max_hp_loss":0,"event_name":"Upgrade Shrine","floor":12,"gold_loss":0,"cards_upgraded":["Entrench"]},{"damage_healed":0,"gold_gain":0,"player_choice":"Simplicity","damage_taken":0,"max_hp_gain":0,"max_hp_loss":0,"event_name":"Back to Basics","floor":21,"gold_loss":0,"cards_upgraded":["Strike_R","Strike_R","Strike_R","Strike_R","Strike_R","Defend_R","Defend_R","Defend_R","Defend_R"]},{"damage_healed":0,"gold_gain":0,"player_choice":"Ignored","damage_taken":7,"max_hp_gain":0,"max_hp_loss":0,"event_name":"恩洛斯的盘子","floor":23,"gold_loss":0},{"cards_removed":["stsjorbsmod:Rebuttal"],"damage_healed":0,"gold_gain":0,"player_choice":"Gave Gold","damage_taken":0,"max_hp_gain":0,"max_hp_loss":0,"event_name":"Beggar","floor":31,"gold_loss":75},{"damage_healed":0,"gold_gain":0,"player_choice":"Fight","damage_taken":0,"max_hp_gain":0,"max_hp_loss":0,"event_name":"HidenRoomEvent","floor":48,"gold_loss":0}],"is_beta":false,"boss_relics":[{"not_picked":["Mark of Pain","conspire:RoyalGoblet"],"picked":"JellyFishMachine"},{"not_picked":[]},{"not_picked":["REME_ChargedStone","aspiration:FutureDiary"],"picked":"testmod-BatchProcessingSystem"},{"not_picked":[]}],"items_purged_floors":[],"is_endless":false,"potions_floor_spawned":[1,13,16,18,24,27,29,35,37,39,47],"ascension_level":0}}