{"host":"kqe6w2igxc79vo14","time":1612176652,"event":{"mods":["AchievementEnabler","BaseMod","Downfall","Minty Spire (QoL Compilation)","Quick Restart","StSLib"],"gold_per_floor":[99,114,289,289,302,302,325,325,354,379,279,379,379,391,402,402,402,402],"floor_reached":16,"language":"ENG","playtime":980,"items_purged":[],"score":108,"play_id":"b6f94cb9-dab9-498d-a4fb-ecb099f215b9","local_time":"20210201125052","is_ascension_mode":false,"campfire_choices":[{"data":"bronze:Goto","floor":1,"key":"SMITH"},{"data":"bronze:WhirlingStrike","floor":6,"key":"SMITH"},{"data":"bronze:Virus","floor":11,"key":"SMITH"},{"data":"bronze:HardenedForm","floor":13,"key":"SMITH"}],"circlet_count":0,"master_deck":["bronze:Strike","bronze:Strike","bronze:Strike+1","bronze:Strike+1","bronze:Defend","bronze:Defend","bronze:Defend","bronze:Defend","bronze:Replicate","bronze:Goto+1","bronze:FineTuning","CurseOfTheBell","CurseOfTheBell","Decay","bronze:HardenedForm+1","bronze:WhirlingStrike+1","bronze:Invalidate","bronze:Virus+1","bronze:FineTuning"],"relics":["bronze:BronzeCore","downfall:ExtraCursedBell","Oddly Smooth Stone","The Courier","WingedGreaves","Whetstone","TungstenRod","Bronze Scales","downfall:HeartBlessingGreen"],"acts_visited":["Exordium"],"potions_floor_usage":[9],"damage_taken":[{"damage":1,"enemies":"Cultist","floor":2,"turns":3},{"damage":1,"enemies":"2 Louse","floor":5,"turns":7},{"damage":25,"enemies":"3 Sentries","floor":9,"turns":9},{"damage":6,"enemies":"Gremlin Nob","floor":10,"turns":4},{"damage":9,"enemies":"Small Slimes","floor":14,"turns":4},{"damage":10,"enemies":"2 Fungi Beasts","floor":15,"turns":2},{"damage":28,"enemies":"SI_SHIV_ARCHETYPE","floor":16,"turns":5}],"seed_played":"-7259716122990374927","potions_obtained":[{"floor":5,"key":"Fire Potion"},{"floor":14,"key":"BlessingOfTheForge"},{"floor":15,"key":"PowerPotion"}],"is_trial":false,"path_per_floor":["R","M","?","?","M","R","T","?","E","E","R","?","R","M","M","B"],"character_chosen":"THE_AUTOMATON","items_purchased":[],"campfire_rested":0,"item_purchase_floors":[],"current_hp_per_floor":[77,76,76,76,75,75,75,75,50,44,44,44,44,35,25,0,0,0],"gold":402,"neow_bonus":"TEN_PERCENT_HP_BONUS","is_daily":false,"chose_seed":false,"campfire_upgraded":4,"win_rate":0.0,"timestamp":1612176652,"path_taken":["R","M","?","?","M","R","T","?","E","E","R","?","R","?","M","BOSS"],"items_purchased_type":[],"build_version":"2020-12-22","purchased_purges":0,"victory":false,"max_hp_per_floor":[77,77,77,77,77,77,77,77,77,77,77,77,77,77,77,77,77,77],"card_choices":[{"not_picked":["bronze:Deprecate","bronze:Invalidate"],"picked":"bronze:FineTuning","floor":2},{"not_picked":["bronze:BronzeArmor","bronze:Allocate"],"picked":"bronze:WhirlingStrike","floor":5},{"not_picked":["bronze:FineTuning","bronze:Branch"],"picked":"bronze:Virus","floor":9},{"not_picked":["bronze:FollowUp","bronze:ShipIt"],"picked":"bronze:FineTuning","floor":10},{"not_picked":["bronze:WildBeam","bronze:ItsAFeature","bronze:OilSpill"],"picked":"SKIP","floor":14},{"not_picked":["bronze:FineTuning","bronze:Turbo","bronze:Frontload"],"picked":"SKIP","floor":15}],"player_experience":918725,"relics_obtained":[{"floor":4,"key":"Oddly Smooth Stone"},{"floor":4,"key":"The Courier"},{"floor":4,"key":"WingedGreaves"},{"floor":7,"key":"Whetstone"},{"floor":9,"key":"TungstenRod"},{"floor":10,"key":"Bronze Scales"}],"event_choices":[],"is_beta":false,"boss_relics":[],"items_purged_floors":[],"is_endless":false,"potions_floor_spawned":[5,14,15],"killed_by":"SI_SHIV_ARCHETYPE","ascension_level":0}}