{"host":"71m6b5pyuze2esq2","time":1612205931,"event":{"mods":["2.2 Compatiblity","A Penny For Your Troubles","AchievementEnabler","Act Like it!","Aspiration","Astrologer","BaseMod","Beaked The Cultist","Better Debug","Better Note","Better Sensory Stone","Better Third Choice","CapriCore","Chat Monstrosity","Colored Powertips","Conjunction","Conspire","Defective Defect","Dota2Spire","Downfall","Duelist Mod","EXCEPTION","Ekko","Elementarium","Energized Spire","Friendly Minions","Gensokyo","GifTheSpireLib","Googly Eyes","GungeonMod","Halation","Hallownest","Hermit","HexUI Lib","HololiveMod","Hubris","Infinite Spire","Ironclad Rager","Jedi Mod","Jess\u0027s Bottle","Mad Scientist","Marisa（霧雨　魔理沙）","Melee Mod","Menagerie","Mimic Mod","Minty Spire (QoL Compilation)","Morshu Shopkeeper","Morshu Shopkeeper - ENHANCED","Permanent Neow","Poor People Problems","Quarter Circle Forward PUNCH!","Random Character Button","Rare Cards Sparkle","RatMod","Reliquary","Replay The Spire","Robot Space Explorer","Ryuuou龙王","Shade Mod","Shedinja","Shop Mod","Small Relic Pack","Somnambulant","Spicy Shops","Spikes Relics","Spire Arcade","StS++","StSLib","The Animator","The Blackbeard","The Bladedancer","The Blue Laboratory","The Bug Knight","The Construct","The Cursed","The Dragon Tamer","The Edgeheg","The Elementalist","The Gatherer","The Hayseed","The Hierophant","The Immortal","The Mystic","The Necromancer","The Poker Player","The Runesmith","The Servant 0.9.4","The Valiant","The Wild Card","TheFirefly","Trackpad","Uncapped","Useless Jewels Mod","Virulent Crown","Waifu the Spire","Wandering Minibosses","WarShipGirlsR/战舰少女R mod","Wide Potions","egg","everything is the same but u backflip on backflip","slay the spire mod where everything is the same but ironclad has a cowboy hat"],"gold_per_floor":[10,23,40,40,40,70,83,103,126,51,62,75,75,89,89,193,193,208,226,226,237,257,286,313,91,114,114,130,130,130,145,145,240,240,250,266,266,41,61,61,79,79,110,120,181,201,201,201,201,201,201,201,201,201,74,105,105],"floor_reached":58,"language":"ENG","playtime":5744,"items_purged":["Rebound"],"score":1410,"play_id":"bc4e6e60-aeb9-46af-b409-0c4970f25ad6","local_time":"20210201125851","is_ascension_mode":false,"campfire_choices":[{"floor":15,"key":"REST"},{"floor":32,"key":"RECALL"},{"data":"hubris:InfiniteBlow+12","floor":40,"key":"SMITH"},{"data":"hubris:InfiniteBlow+13","floor":42,"key":"SMITH"},{"floor":49,"key":"REST"},{"data":"hubris:InfiniteBlow+14","floor":51,"key":"SMITH"},{"data":"hubris:InfiniteBlow+15","floor":51,"key":"SMITH"},{"data":"hubris:InfiniteBlow+16","floor":54,"key":"SMITH"},{"data":"Echo Form","floor":54,"key":"SMITH"}],"circlet_count":0,"master_deck":["Zap","Dualcast","relicPack:TruthCard","Ball Lightning","Cold Snap","Ball Lightning","Cold Snap","Leap","Leap","Leap","Leap","Hologram","Gash","Chaos","Go for the Eyes","Hello World","White Noise","jedi:blockon","Clumsy","Coolheaded","Mirror Shield","Hologram","Electrodynamics","Cold Snap+1","Genetic Algorithm","jedi:hex","Conserve Battery+1","Gensokyo:AllTheWorldsEvil","CommonCold","infinitespire:Execution","BasicCrystalCard+1","Echo Form+1","downfall:Icky","MokouMod:HeatSpark","Amplify","Degenerate","infinitespire:FinalStrike","Barrage","Stack","hubris:InfiniteBlow+17","wanderingMiniBosses:FinaleOfPromise","Redo","Capacitor+1","Fusion+1","Sweeping Beam","ReplayTheSpireMod:Splinters","Hologram+1","Glacier+1","hubris:PowerSurge","StSpp:Channeliser"],"relics":["Cracked Core","halation:EternalFortune","Nunchaku","Orichalcum","Potion Belt","Gensokyo:NagashiBinaDoll","AncientExoskeleton","halation:Thesaurus","qcfpunch:Not_Strongest_Fighting_Style_Guidebook","reliquary:RosewoodLute","RoseTintedShades","Sandwich","ReplayTheSpireMod:SealedPack","jedi:gremlinknob","halation:Jellyphish","DemoMod:GlassGuonStoneRelic","wanderingMiniBosses:Blackblade","Replay:Arrowhead","halation:KoshaPiece","hubris:Towel","InkBottle","uselessJewelsMod:UselessJewelsRelic"],"acts_visited":["Gensokyo:Gensokyo","Gensokyo:Gensokyoer","Hallownest:KingdomsEdge","TheEnding"],"potions_floor_usage":[6,11,16,23,33,33,36,39,44,44,46,57],"damage_taken":[{"damage":1,"enemies":"Gensokyo:2_Kodama","floor":1,"turns":2},{"damage":1,"enemies":"Gensokyo:3_Fairies","floor":2,"turns":3},{"damage":4,"enemies":"Gensokyo:Gryphon","floor":3,"turns":3},{"damage":2,"enemies":"Gensokyo:Aya","floor":6,"turns":4},{"damage":4,"enemies":"Gensokyo:5_Fairies","floor":7,"turns":5},{"damage":3,"enemies":"Gensokyo:Kitsune","floor":8,"turns":4},{"damage":3,"enemies":"Gensokyo:VengefulSpirit","floor":11,"turns":8},{"damage":9,"enemies":"Gensokyo:Gryphon_and_Rabbit","floor":12,"turns":5},{"damage":7,"enemies":"Gensokyo:Python_and_Kodama","floor":14,"turns":4},{"damage":3,"enemies":"Gensokyo:Kokoro","floor":16,"turns":10},{"damage":1,"enemies":"Gensokyo:AngelMirror","floor":18,"turns":6},{"damage":6,"enemies":"Gensokyo:CosmicMonolith","floor":19,"turns":6},{"damage":0,"enemies":"Gensokyo:Swordslinger","floor":21,"turns":4},{"damage":1,"enemies":"Gensokyo:Wraith","floor":22,"turns":5},{"damage":21,"enemies":"Gensokyo:Tenshi","floor":23,"turns":5},{"damage":6,"enemies":"Gensokyo:Mirror_and_Dog","floor":28,"turns":4},{"damage":1,"enemies":"Gensokyo:Monolith_and_Dog","floor":31,"turns":2},{"damage":2,"enemies":"Gensokyo:Kaguya","floor":33,"turns":11},{"damage":17,"enemies":"Hallownest:Shield_Heavy","floor":35,"turns":5},{"damage":14,"enemies":"Hallownest:2_Littles","floor":36,"turns":5},{"damage":1,"enemies":"Hallownest:2_Soldiers_and_1_Guardian","floor":39,"turns":7},{"damage":1,"enemies":"Hallownest:2_Wing_and_1_Kings","floor":41,"turns":6},{"damage":0,"enemies":"Hallownest:monsterPrimalAspid","floor":43,"turns":3},{"damage":0,"enemies":"Hallownest:monsterPrimalAspid","floor":44,"turns":2},{"damage":1,"enemies":"Hallownest:Xero_Hu_Marmu","floor":46,"turns":6},{"damage":1,"enemies":"Hallownest:Radiance","floor":52,"turns":5},{"damage":0,"enemies":"Shield and Spear","floor":56,"turns":1},{"damage":7,"enemies":"The Heart","floor":57,"turns":6}],"seed_played":"7121500247969666752","potions_obtained":[{"floor":2,"key":"EssenceOfSteel"},{"floor":3,"key":"jedi:tentaclejuice"},{"floor":6,"key":"blueLaboratory:BottledHope"},{"floor":11,"key":"SteroidPotion"},{"floor":18,"key":"champ:CounterPotion"},{"floor":19,"key":"Elixir"},{"floor":22,"key":"jedi:wingpotion"},{"floor":23,"key":"blueLaboratory:HummingbirdPotion"},{"floor":31,"key":"blueLaboratory:LouseDecoction"},{"floor":35,"key":"blueLaboratory:HummingbirdPotion"},{"floor":39,"key":"FearPotion"},{"floor":41,"key":"jedi:coolantleak"},{"floor":44,"key":"Weak Potion"},{"floor":45,"key":"jedi:holywater"}],"is_trial":false,"path_per_floor":["M","M","M","?","?","E","M","M","T","$","M","M","?","M","R","B",null,"M","M","?","M","M","E","T","COS","T","AVR","M","?","?","M","R","B",null,"M","M","AVR","$","M","R","M","R","MIM","M","?","M","PTL","PTL","R","?","R","B",null,"R","$","E","B",null],"character_chosen":"DEFECT","items_purchased":["Potion Belt","halation:Jellyphish","InkBottle"],"campfire_rested":2,"item_purchase_floors":[10,38,55],"current_hp_per_floor":[49,48,44,47,54,52,48,45,45,45,45,39,39,32,55,52,77,76,73,80,80,79,58,58,58,58,58,52,52,52,51,51,52,63,46,32,32,32,31,31,35,35,35,35,35,34,34,34,54,54,54,53,68,68,68,68,61],"gold":105,"neow_bonus":"DEFECT_STORMLORD","is_daily":false,"chose_seed":false,"campfire_upgraded":6,"win_rate":0.0,"timestamp":1612205931,"path_taken":["M","?","M","?","?","E","?","?","T","?","M","M","?","M","R","BOSS","M","M","?","M","?","E","?","COS","T","AVR","?","?","?","?","R","BOSS","M","M","AVR","$","?","R","M","R","MIM","M","?","M","PTL","PTL","R","?","R","BOSS","R","$","E","BOSS"],"items_purchased_type":["Relic","Relic","Relic"],"build_version":"2020-12-22","purchased_purges":1,"victory":true,"max_hp_per_floor":[68,68,68,71,71,71,71,71,71,71,74,77,77,77,77,77,77,77,80,80,80,80,80,80,80,80,80,80,80,60,60,60,63,63,63,63,63,63,63,63,68,68,68,68,68,68,68,68,68,68,68,68,68,68,68,68,68],"card_choices":[{"not_picked":["ReplayTheSpireMod:GoodbyeWorld","Cold Snap"],"picked":"Hologram","floor":1},{"not_picked":["Hologram","ReplayTheSpireMod:GoodbyeWorld"],"picked":"Gash","floor":2},{"not_picked":["Hologram","Steam"],"picked":"Chaos","floor":3},{"not_picked":["ReplayTheSpireMod:Omega Cannon","jedi:sharpshooter"],"picked":"Go for the Eyes","floor":6},{"not_picked":["Redo","jedi:BurstFrost"],"picked":"Rebound","floor":7},{"not_picked":["Streamline","BasicCrystalCard"],"picked":"Hello World","floor":8},{"not_picked":["Beam Cell","Go for the Eyes"],"picked":"White Noise","floor":11},{"not_picked":["Ball Lightning","Rebound"],"picked":"jedi:blockon","floor":12},{"not_picked":["Reprogram","Panic Button"],"picked":"Coolheaded","floor":14},{"not_picked":["ReplayRNGCard","Biased Cognition"],"picked":"Mirror Shield","floor":16},{"not_picked":["Steam","Recycle"],"picked":"Hologram","floor":18},{"not_picked":["Stack","Beam Cell"],"picked":"Electrodynamics","floor":19},{"not_picked":["Steam+1","Beam Cell+1"],"picked":"Cold Snap+1","floor":21},{"not_picked":["Coolheaded","Gash"],"picked":"Genetic Algorithm","floor":22},{"not_picked":["Steam","ReplayGash"],"picked":"jedi:hex","floor":23},{"not_picked":["Cold Snap","Streamline"],"picked":"Conserve Battery+1","floor":28},{"not_picked":["ReplayTheSpireMod:Echoes of Time","infinitespire:TheBestDefense"],"picked":"infinitespire:Execution","floor":29},{"not_picked":["ICR:ChainLightning+1","Leap+1"],"picked":"BasicCrystalCard+1","floor":31},{"not_picked":["jedi:BurstDark","Multi-Cast"],"picked":"Echo Form","floor":33},{"not_picked":["thefirefly:StealthMode","Dualcast"],"picked":"MokouMod:HeatSpark","floor":34},{"not_picked":["Reboot","ICR:Cyclone"],"picked":"Amplify","floor":34},{"not_picked":["Forethought","theEdgeheg:TurboChaos"],"picked":"Degenerate","floor":34},{"not_picked":["infinitespire:Execution","ReplayTheSpireMod:Black Plague"],"picked":"infinitespire:FinalStrike","floor":34},{"not_picked":["Tempest+1","hubris:Ukulele"],"picked":"Barrage","floor":35},{"not_picked":["jedi:hex","Redo"],"picked":"Stack","floor":36},{"not_picked":[],"picked":"wanderingMiniBosses:FinaleOfPromise","floor":39},{"not_picked":["Turbo","Core Surge"],"picked":"Redo","floor":39},{"not_picked":["Double Energy+1","hubris:PowerSurge+1"],"picked":"Capacitor+1","floor":41},{"not_picked":["Blizzard","Stack"],"picked":"Fusion+1","floor":43},{"not_picked":["Cold Snap","BasicCrystalCard+1"],"picked":"Sweeping Beam","floor":44},{"not_picked":["Turbo+1","Redo"],"picked":"Hologram+1","floor":45},{"not_picked":["jedi:meditation","Leap+1"],"picked":"Glacier+1","floor":45},{"not_picked":["Auto Shields","Stack"],"picked":"hubris:PowerSurge","floor":46},{"not_picked":["ICR:FrostFall","Time Bomb"],"picked":"StSpp:Channeliser","floor":56}],"player_experience":542710,"relics_obtained":[{"floor":6,"key":"Nunchaku"},{"floor":9,"key":"Orichalcum"},{"floor":11,"key":"halation:EternalFortune"},{"floor":12,"key":"halation:EternalFortune"},{"floor":19,"key":"halation:EternalFortune"},{"floor":23,"key":"reliquary:RoseTintedGlasses"},{"floor":26,"key":"reliquary:RosewoodLute"},{"floor":33,"key":"halation:EternalFortune"},{"floor":39,"key":"wanderingMiniBosses:Blackblade"},{"floor":43,"key":"Replay:Arrowhead"},{"floor":45,"key":"halation:KoshaPiece"},{"floor":56,"key":"uselessJewelsMod:UselessJewelsRelic"}],"event_choices":[],"is_beta":false,"boss_relics":[{"not_picked":["hubris:HollowSoul","qcfpunch:Killian_Engine_Alpha"],"picked":"AncientExoskeleton"},{"not_picked":["construct:ClawGrip","energizedSpire:HugeHouse"],"picked":"ReplayTheSpireMod:SealedPack"}],"items_purged_floors":[38],"is_endless":false,"potions_floor_spawned":[2,3,6,11,18,19,22,23,31,35,39,41,44],"ascension_level":0}}