{"host":"x5w9zppki4gdwvc7","time":1612194932,"event":{"mods":["AchievementEnabler","BaseMod","Colored Powertips","DeckTracker","Minty Spire (QoL Compilation)","Relic Sorter"],"gold_per_floor":[110,38,38,38,53,53,78,78,78,88,88,101,101,26,26,126,126,145,145,164,164,176,176,191,191,191,191,201,58,23,39,39,139,139,154,154,154,174,174,174,207,207,207,207,241,241,241,259,259,259,259,259,32,63,63,63],"floor_reached":55,"language":"DEU","playtime":9128,"items_purged":["Decay","Amplify"],"score":821,"play_id":"17d83fa1-c2f3-45a4-bae2-7a9bf78fd0f4","local_time":"20210201165532","is_ascension_mode":true,"campfire_choices":[{"data":"Leap","floor":6.0,"key":"SMITH"},{"data":"Hologram","floor":8.0,"key":"SMITH"},{"data":"Zap","floor":11.0,"key":"SMITH"},{"floor":15.0,"key":"REST"},{"data":"Glacier","floor":23.0,"key":"SMITH"},{"data":"Defend_B","floor":25.0,"key":"SMITH"},{"data":"Defend_B","floor":27.0,"key":"SMITH"},{"data":"Defragment","floor":32.0,"key":"SMITH"},{"data":"Seek","floor":40.0,"key":"SMITH"},{"floor":44.0,"key":"RECALL"},{"data":"Echo Form","floor":47,"key":"SMITH"},{"floor":49,"key":"REST"},{"data":"Metamorphosis","floor":52,"key":"SMITH"}],"circlet_count":0,"master_deck":["Strike_B","Strike_B","Defend_B+1","Defend_B+1","Defend_B+1","Defend_B","Zap+1","Dualcast","Cold Snap+1","Echo Form+1","Hologram+1","Leap+1","Gash","Glacier+1","Seek+1","Beam Cell+1","Go for the Eyes+1","Self Repair","Defragment+1","Loop","Melter+1","Madness","Madness","Chill+1","Metamorphosis+1","Secret Technique","Blind","White Noise","Gash"],"relics":["Sozu","Toy Ornithopter","Kunai","Inserter","Anchor","Runic Pyramid","Bottled Lightning","Bag of Marbles","Bottled Tornado"],"acts_visited":["Exordium","TheCity","TheBeyond","TheEnding"],"potions_floor_usage":[],"damage_taken":[{"damage":0.0,"enemies":"Small Slimes","floor":1.0,"turns":3.0},{"damage":10.0,"enemies":"Jaw Worm","floor":5.0,"turns":3.0},{"damage":4.0,"enemies":"Lagavulin","floor":7.0,"turns":10.0},{"damage":1.0,"enemies":"2 Louse","floor":10.0,"turns":2.0},{"damage":9.0,"enemies":"Red Slaver","floor":12.0,"turns":5.0},{"damage":18.0,"enemies":"The Guardian","floor":16.0,"turns":16.0},{"damage":0.0,"enemies":"Shell Parasite","floor":18.0,"turns":7.0},{"damage":9.0,"enemies":"3 Byrds","floor":20.0,"turns":7.0},{"damage":1.0,"enemies":"Snecko","floor":22.0,"turns":7.0},{"damage":10.0,"enemies":"3 Cultists","floor":24.0,"turns":10.0},{"damage":17.0,"enemies":"Snake Plant","floor":28.0,"turns":7.0},{"damage":12.0,"enemies":"Centurion and Healer","floor":31.0,"turns":12.0},{"damage":0.0,"enemies":"Champ","floor":33.0,"turns":16.0},{"damage":13.0,"enemies":"Orb Walker","floor":35.0,"turns":8.0},{"damage":37.0,"enemies":"3 Darklings","floor":38.0,"turns":10.0},{"damage":0.0,"enemies":"Giant Head","floor":41.0,"turns":10.0},{"damage":12,"enemies":"Nemesis","floor":45,"turns":9},{"damage":51,"enemies":"Sphere and 2 Shapes","floor":48,"turns":6},{"damage":20,"enemies":"Donu and Deca","floor":50,"turns":15},{"damage":34,"enemies":"Shield and Spear","floor":54,"turns":13},{"damage":65,"enemies":"The Heart","floor":55,"turns":5}],"seed_played":"-5366285245344284281","potions_obtained":[],"is_trial":false,"path_per_floor":["M","$","?","?","M","R","E","R","T","M","R","M","?","$","R","B",null,"M","?","M","?","M","R","M","R","T","R","M","$","$","M","R","B",null,"M","?","?","M","?","R","E","?","T","R","E","?","R","M","R","B",null,"R","$","E","B"],"character_chosen":"DEFECT","items_purchased":["Echo Form","Glacier","Defragment","Loop","Blind","White Noise"],"campfire_rested":2,"item_purchase_floors":[2,14,29,30,53,53],"current_hp_per_floor":[75,75,75,60,50,50,46,46,46,45,45,36,29,29,51,33,75,75,75,66,66,65,65,55,55,55,55,38,38,38,33,33,47,75,75,75,66,43,43,43,57,57,57,57,59,54,54,10,32,19,75,75,75,48,0,0],"gold":63,"neow_bonus":"BOSS_RELIC","is_daily":false,"chose_seed":false,"campfire_upgraded":10,"win_rate":0.0,"timestamp":1612194932,"path_taken":["M","$","?","?","M","R","E","R","T","?","R","M","?","?","R","BOSS","M","?","M","?","M","R","M","R","T","R","?","?","$","M","R","BOSS","M","?","?","M","?","R","E","?","T","R","E","?","R","M","R","BOSS","R","$","E","BOSS"],"items_purchased_type":["Card","Card","Card","Card","Card","Card"],"build_version":"2020-12-22","purchased_purges":2,"victory":false,"max_hp_per_floor":[75,75,75,75,75,75,75,75,75,75,75,75,75,75,75,75,75,75,75,75,75,75,75,75,75,75,75,75,75,75,75,75,75,75,75,75,75,75,75,75,75,75,75,75,75,75,75,75,75,75,75,75,75,75,75,75],"card_choices":[{"not_picked":["Doom and Gloom","Compile Driver"],"picked":"Cold Snap","floor":1.0},{"not_picked":["Steam Power","Ball Lightning"],"picked":"Leap","floor":5.0},{"not_picked":["Rebound","Steam","Ball Lightning"],"picked":"SKIP","floor":7.0},{"not_picked":["Leap","Turbo"],"picked":"Gash","floor":10.0},{"not_picked":["Leap","Consume","Electrodynamics"],"picked":"SKIP","floor":12.0},{"not_picked":["Biased Cognition","Meteor Strike"],"picked":"Seek","floor":16.0},{"not_picked":["Conserve Battery+1","Hologram+1"],"picked":"Beam Cell+1","floor":18.0},{"not_picked":["BootSequence","Aggregate","Sweeping Beam"],"picked":"SKIP","floor":20.0},{"not_picked":["Sweeping Beam","Leap"],"picked":"Go for the Eyes+1","floor":22.0},{"not_picked":["Doom and Gloom","Go for the Eyes","Coolheaded+1"],"picked":"SKIP","floor":24.0},{"not_picked":["Leap+1","Steam"],"picked":"Self Repair","floor":28.0},{"not_picked":["Electrodynamics","Conserve Battery+1"],"picked":"Melter+1","floor":31.0},{"not_picked":["Echo Form","Seek"],"picked":"Amplify","floor":33.0},{"not_picked":["Stack+1","Loop+1","Go for the Eyes+1"],"picked":"SKIP","floor":35.0},{"not_picked":["Compile Driver+1","Glacier"],"picked":"Heatsinks+1","floor":38.0},{"not_picked":["Stack","Melter+1"],"picked":"Chill+1","floor":41.0},{"not_picked":["Reprogram+1","Meteor Strike","Ball Lightning+1"],"picked":"SKIP","floor":45},{"not_picked":["Secret Weapon","Thinking Ahead"],"picked":"Metamorphosis","floor":46},{"not_picked":["Forethought","Secret Weapon"],"picked":"Secret Technique","floor":46},{"not_picked":["Rebound","Sweeping Beam+1","Loop+1"],"picked":"SKIP","floor":48},{"not_picked":["Coolheaded+1","Hologram"],"picked":"Gash","floor":54}],"player_experience":376748,"relics_obtained":[{"floor":7.0,"key":"Toy Ornithopter"},{"floor":9.0,"key":"Kunai"},{"floor":26.0,"key":"Anchor"},{"floor":41.0,"key":"Bottled Lightning"},{"floor":45,"key":"Bag of Marbles"},{"floor":54,"key":"Bottled Tornado"}],"event_choices":[{"damage_healed":0.0,"max_hp_gain":0.0,"max_hp_loss":0.0,"gold_gain":0.0,"cards_transformed":["Strike_B"],"event_name":"Living Wall","player_choice":"Change","floor":3.0,"gold_loss":0.0,"damage_taken":0.0,"cards_obtained":["Hologram"]},{"damage_healed":0.0,"max_hp_gain":0.0,"max_hp_loss":0.0,"gold_gain":0.0,"event_name":"Shining Light","player_choice":"Entered Light","floor":4.0,"gold_loss":0.0,"damage_taken":15.0,"cards_upgraded":["Cold Snap","Defend_B"]},{"cards_removed":["Strike_B"],"damage_healed":0.0,"max_hp_gain":0.0,"max_hp_loss":0.0,"gold_gain":0.0,"event_name":"Golden Wing","player_choice":"Card Removal","floor":13.0,"gold_loss":0.0,"damage_taken":7.0},{"damage_healed":0.0,"max_hp_gain":0.0,"max_hp_loss":0.0,"gold_gain":0.0,"event_name":"Forgotten Altar","player_choice":"Smashed Altar","floor":19.0,"gold_loss":0.0,"damage_taken":0.0,"cards_obtained":["Decay"]},{"damage_healed":0.0,"max_hp_gain":0.0,"max_hp_loss":0.0,"gold_gain":0.0,"event_name":"Lab","player_choice":"Got Potions","floor":21.0,"gold_loss":0.0,"damage_taken":0.0},{"damage_healed":0.0,"max_hp_gain":0.0,"max_hp_loss":0.0,"gold_gain":0.0,"event_name":"Mysterious Sphere","player_choice":"Ignored","floor":36.0,"gold_loss":0.0,"damage_taken":0.0},{"damage_healed":0.0,"max_hp_gain":0.0,"max_hp_loss":0.0,"gold_gain":0.0,"event_name":"Winding Halls","player_choice":"Embrace Madness","floor":37.0,"gold_loss":0.0,"damage_taken":9.0,"cards_obtained":["Madness","Madness"]},{"damage_healed":0.0,"max_hp_gain":0.0,"max_hp_loss":0.0,"gold_gain":0.0,"event_name":"Tomb of Lord Red Mask","player_choice":"Ignored","floor":39.0,"gold_loss":0.0,"damage_taken":0.0},{"cards_removed":["Heatsinks"],"damage_healed":0.0,"max_hp_gain":0.0,"max_hp_loss":0.0,"gold_gain":0.0,"event_name":"Falling","player_choice":"Removed Power","floor":42.0,"gold_loss":0.0,"damage_taken":0.0},{"damage_healed":0,"gold_gain":0,"player_choice":"Memory 2","damage_taken":5,"max_hp_gain":0,"max_hp_loss":0,"event_name":"SensoryStone","floor":46,"gold_loss":0}],"is_beta":false,"boss_relics":[{"not_picked":["Empty Cage","Nuclear Battery"],"picked":"Inserter"},{"not_picked":["Fusion Hammer","Coffee Dripper"],"picked":"Runic Pyramid"}],"items_purged_floors":[29,53],"is_endless":false,"potions_floor_spawned":[12,16,20,22,28,38,48,54],"killed_by":"The Heart","ascension_level":2}}