{"host":"p7cjtxxrilhp4dw7","time":1612141994,"event":{"mods":["BaseMod","Block Reminder","Colored Map","Curses Come First","Highlight Path","Minty Spire (QoL Compilation)","Replay The Spire","StSLib","The Hierophant"],"gold_per_floor":[111,111,122,122,166,166,200,219,219,237,237,272,272,289,289,389,389,405,405,405,425,436,436,461,461,461],"floor_reached":25,"language":"ENG","playtime":2159,"items_purged":[],"score":347,"play_id":"2b4df2c6-ff91-4c41-acf0-7caa2e225535","local_time":"20210131181314","is_ascension_mode":true,"campfire_choices":[{"floor":6,"key":"REST"},{"floor":11,"key":"REST"},{"floor":13,"key":"REST"},{"data":"White Noise","floor":15,"key":"SMITH"},{"floor":23,"key":"REST"}],"circlet_count":0,"master_deck":["AscendersBane","Strike_B","Strike_B+1","Strike_B","Defend_B","Defend_B","Defend_B+1","Defend_B","Zap","Dualcast","Go for the Eyes","Biased Cognition+1","Loop","Doom and Gloom","White Noise+1","Amplify","Conserve Battery","CurseOfTheBell","Redo+1","ReplayTheSpireMod:Calculation Training+1","Creative AI","Redo+1"],"relics":["Cracked Core","Pantograph","Gremlin Food","Orichalcum","Replay:Antivirus Software","Calling Bell","Oddly Smooth Stone","The Courier","Replay:Arrowhead","Ring of Peace","MutagenicStrength","HornCleat"],"acts_visited":["Exordium","TheCity"],"potions_floor_usage":[7,12,16,22,24,25],"damage_taken":[{"damage":6,"enemies":"2 Louse","floor":1,"turns":3},{"damage":1,"enemies":"Cultist","floor":3,"turns":3},{"damage":27,"enemies":"3 Sentries","floor":7,"turns":8},{"damage":7,"enemies":"Small Slimes","floor":8,"turns":3},{"damage":1,"enemies":"Looter","floor":10,"turns":3},{"damage":13,"enemies":"Gremlin Nob","floor":12,"turns":4},{"damage":20,"enemies":"Exordium Wildlife","floor":14,"turns":4},{"damage":21,"enemies":"The Guardian","floor":16,"turns":8},{"damage":3,"enemies":"Chosen","floor":18,"turns":5},{"damage":2,"enemies":"Shell Parasite","floor":21,"turns":4},{"damage":6,"enemies":"Snake Plant","floor":22,"turns":4},{"damage":65,"enemies":"Book of Stabbing","floor":24,"turns":7},{"damage":21,"enemies":"Cultist and Chosen","floor":25,"turns":4}],"seed_played":"-8637511813977849933","potions_obtained":[{"floor":3,"key":"Weak Potion"},{"floor":5,"key":"Venom Potion"},{"floor":8,"key":"FocusPotion"},{"floor":12,"key":"Swift Potion"},{"floor":14,"key":"LiquidBronze"},{"floor":21,"key":"EssenceOfDarkness"},{"floor":22,"key":"Explosive Potion"}],"is_trial":false,"path_per_floor":["M","?","M","?","?","R","E","M","T","M","R","E","R","M","R","B",null,"M","?","?","M","M","R","E","M"],"character_chosen":"DEFECT","items_purchased":[],"campfire_rested":4,"item_purchase_floors":[],"current_hp_per_floor":[69,69,68,68,48,72,45,38,38,37,61,48,72,52,52,56,76,73,73,73,71,65,82,17,0,0],"gold":461,"neow_bonus":"TEN_PERCENT_HP_BONUS","is_daily":false,"chose_seed":false,"campfire_upgraded":1,"win_rate":0.0,"timestamp":1612141994,"path_taken":["M","?","?","?","?","R","E","M","T","M","R","E","R","M","R","BOSS","M","?","?","M","M","R","E","M"],"items_purchased_type":[],"build_version":"2020-12-22","purchased_purges":0,"victory":false,"max_hp_per_floor":[82,82,82,82,82,82,82,82,82,82,82,82,82,82,82,82,82,82,82,82,82,82,82,82,82,82],"card_choices":[{"not_picked":["Beam Cell","Skim"],"picked":"Genetic Algorithm","floor":1},{"not_picked":["Panic Button","Heatsinks"],"picked":"Go for the Eyes","floor":3},{"not_picked":["Recycle","Force Field"],"picked":"Loop","floor":5},{"not_picked":["Echo Form","Stack"],"picked":"Doom and Gloom","floor":7},{"not_picked":["Hologram","Steam","Compile Driver"],"picked":"SKIP","floor":8},{"not_picked":["Aggregate","Tempest"],"picked":"White Noise","floor":10},{"not_picked":["Hologram","Streamline"],"picked":"Amplify","floor":12},{"not_picked":["Hologram","Steam"],"picked":"Conserve Battery","floor":14},{"not_picked":["Turbo+1","Barrage+1"],"picked":"Redo+1","floor":18},{"not_picked":["Rebound","Stack+1"],"picked":"ReplayTheSpireMod:Calculation Training","floor":21},{"not_picked":["Rebound","Compile Driver"],"picked":"Creative AI","floor":22},{"not_picked":["Barrage","Defragment"],"picked":"Redo+1","floor":24}],"player_experience":598544,"relics_obtained":[{"floor":7,"key":"Gremlin Food"},{"floor":9,"key":"Orichalcum"},{"floor":12,"key":"Replay:Antivirus Software"},{"floor":17,"key":"Oddly Smooth Stone"},{"floor":17,"key":"The Courier"},{"floor":17,"key":"Replay:Arrowhead"},{"floor":19,"key":"Ring of Peace"},{"floor":24,"key":"HornCleat"}],"event_choices":[{"cards_removed":["Genetic Algorithm"],"damage_healed":0,"gold_gain":0,"player_choice":"Gave Card","damage_taken":0,"relics_obtained":["Pantograph"],"max_hp_gain":0,"max_hp_loss":0,"event_name":"WeMeetAgain","floor":2,"gold_loss":0},{"damage_healed":0,"gold_gain":0,"player_choice":"Inject Mutagens","damage_taken":0,"relics_obtained":["MutagenicStrength"],"max_hp_gain":0,"max_hp_loss":0,"event_name":"Drug Dealer","floor":20,"gold_loss":0}],"is_beta":false,"boss_relics":[{"not_picked":["Runic Pyramid","Philosopher\u0027s Stone"],"picked":"Calling Bell"}],"items_purged_floors":[],"is_endless":false,"potions_floor_spawned":[3,8,12,14,21,22],"killed_by":"Cultist and Chosen","ascension_level":10}}