{"host":"bxn2em57qlx5u4i0","time":1612154337,"event":{"mods":["BaseMod","Colored Map","Colored Powertips","Highlight Path","Minty Spire (QoL Compilation)","Random Character Button","Relic Sorter","Relic Stats","StSLib","SuperFastMode"],"gold_per_floor":[112,126,201,351,351,385,385,385,416,442,442,442],"floor_reached":11,"language":"ENG","playtime":106,"items_purged":[],"score":208,"play_id":"e8d2f972-71b5-4127-80c6-e030f73bd5b6","local_time":"20210131233857","is_ascension_mode":true,"campfire_choices":[{"data":"Neutralize","floor":7,"key":"SMITH"},{"data":"Survivor","floor":8,"key":"SMITH"}],"circlet_count":0,"master_deck":["AscendersBane","Strike_G","Strike_G","Strike_G","Strike_G","Strike_G","Defend_G","Defend_G","Defend_G","Defend_G","Defend_G","Survivor+1","Neutralize+1","Escape Plan","Poisoned Stab+1","Doubt","Backflip","Blade Dance"],"relics":["Ring of the Snake","NeowsBlessing","Potion Belt","Bag of Preparation","Ancient Tea Set"],"acts_visited":["Exordium"],"potions_floor_usage":[9],"damage_taken":[{"damage":0,"enemies":"2 Louse","floor":1,"turns":1},{"damage":0,"enemies":"Small Slimes","floor":2,"turns":1},{"damage":0,"enemies":"3 Sentries","floor":6,"turns":1},{"damage":45,"enemies":"Gremlin Nob","floor":9,"turns":5},{"damage":0,"enemies":"Lagavulin","floor":11,"turns":1}],"seed_played":"6490578477588607555","potions_obtained":[{"floor":1,"key":"CunningPotion"}],"is_trial":false,"path_per_floor":["M","M","?","?","?","E","R","R","E","T","E"],"character_chosen":"THE_SILENT","items_purchased":[],"campfire_rested":0,"item_purchase_floors":[],"current_hp_per_floor":[59,59,48,48,48,48,48,48,3,3,3,3],"gold":442,"neow_bonus":"THREE_ENEMY_KILL","is_daily":false,"chose_seed":false,"campfire_upgraded":2,"win_rate":0.0,"timestamp":1612154337,"path_taken":["M","M","?","?","?","E","R","R","E","T","E"],"items_purchased_type":[],"build_version":"2020-12-22","purchased_purges":0,"victory":false,"max_hp_per_floor":[66,66,66,66,66,66,66,66,66,66,66,66],"relic_stats":{"counters":[5,9],"Bag of Preparation":[2],"obtain_stats":[{"Potion Belt":6,"NeowsBlessing":0,"Bag of Preparation":9,"Ancient Tea Set":10,"Ring of the Snake":0},{"Potion Belt":3,"NeowsBlessing":0,"Bag of Preparation":4,"Ancient Tea Set":4,"Ring of the Snake":0},{"Potion Belt":3,"NeowsBlessing":0,"Bag of Preparation":8,"Ancient Tea Set":8,"Ring of the Snake":0}],"Ring of the Snake":[10]},"card_choices":[{"not_picked":["Expertise","Sucker Punch"],"picked":"Escape Plan","floor":1},{"not_picked":["Sucker Punch","Bane"],"picked":"Poisoned Stab","floor":2},{"not_picked":["Slice","Distraction"],"picked":"Backflip","floor":6},{"not_picked":["Setup","Cloak And Dagger"],"picked":"Blade Dance","floor":9}],"player_experience":2983506,"relics_obtained":[{"floor":6,"key":"Potion Belt"},{"floor":9,"key":"Bag of Preparation"},{"floor":10,"key":"Ancient Tea Set"}],"event_choices":[{"damage_healed":0,"gold_gain":75,"player_choice":"Gather Gold","damage_taken":11,"max_hp_gain":0,"max_hp_loss":0,"event_name":"World of Goop","floor":3,"gold_loss":0},{"damage_healed":0,"gold_gain":150,"player_choice":"AGREE","damage_taken":0,"max_hp_gain":0,"max_hp_loss":0,"event_name":"Liars Game","floor":4,"gold_loss":0,"cards_obtained":["Doubt"]},{"damage_healed":0,"gold_gain":0,"player_choice":"Grow","damage_taken":0,"max_hp_gain":0,"max_hp_loss":0,"event_name":"Living Wall","floor":5,"gold_loss":0,"cards_upgraded":["Poisoned Stab"]}],"is_beta":false,"boss_relics":[],"items_purged_floors":[],"is_endless":false,"potions_floor_spawned":[1],"killed_by":"Lagavulin","ascension_level":20}}