{"host":"ktoxvvst1mwxww91","time":1612192996,"event":{"mods":["BaseMod","Minty Spire (QoL Compilation)","StSLib"],"gold_per_floor":[109,124,144,156,156,9,38,38,38,73,88,88,10,10,10,134,134,147,161,49,63,63,103,124,124,176,176,195,245,245,284,284,414,414,437,40,55,55,68,68,112,112,112,148,148,189,189,205,205,205,205],"floor_reached":50,"language":"ENG","playtime":1837,"items_purged":["Strike_P","Writhe"],"score":907,"play_id":"e98c78f4-e89b-459d-97da-7be8db6b6227","local_time":"20210201162316","is_ascension_mode":true,"campfire_choices":[{"data":"Fasting2","floor":15.0,"key":"SMITH"},{"floor":27.0,"key":"REST"},{"data":"Fasting2","floor":30.0,"key":"SMITH"},{"data":"ConjureBlade","floor":32.0,"key":"SMITH"},{"data":"LikeWater","floor":40.0,"key":"SMITH"},{"floor":45.0,"key":"REST"},{"data":"Vigilance","floor":47.0,"key":"SMITH"},{"data":"Protect","floor":49.0,"key":"SMITH"}],"circlet_count":0,"master_deck":["Strike_P","Strike_P","Strike_P","Defend_P","Defend_P","Defend_P","Eruption","Vigilance+1","Fasting2+1","FlyingSleeves","Protect+1","EmptyBody","InnerPeace","Fasting2+1","ConjureBlade+1","EmptyFist","FlyingSleeves","Injury","ThirdEye","Conclude+1","LikeWater+1","EmptyBody+1","Parasite","Evaluate","Normality"],"relics":["Busted Crown","Membership Card","MealTicket","Mango","HornCleat","Happy Flower","Golden Idol","DollysMirror","Art of War","Cursed Key","Lee\u0027s Waffle","Enchiridion","Gremlin Horn","Bag of Preparation","Pen Nib","Bottled Flame","Philosopher\u0027s Stone","OrangePellets","PreservedInsect","CaptainsWheel","Bottled Lightning","Sundial","Toxic Egg 2","Blue Candle"],"acts_visited":["Exordium","TheCity","TheBeyond"],"potions_floor_usage":[50],"damage_taken":[{"damage":0.0,"enemies":"Cultist","floor":1.0,"turns":2.0},{"damage":2.0,"enemies":"Jaw Worm","floor":2.0,"turns":3.0},{"damage":2.0,"enemies":"Small Slimes","floor":3.0,"turns":2.0},{"damage":0.0,"enemies":"Looter","floor":4.0,"turns":5.0},{"damage":1.0,"enemies":"Lagavulin","floor":7.0,"turns":5.0},{"damage":34.0,"enemies":"Gremlin Nob","floor":10.0,"turns":5.0},{"damage":5.0,"enemies":"Lots of Slimes","floor":11.0,"turns":6.0},{"damage":5.0,"enemies":"The Guardian","floor":16.0,"turns":13.0},{"damage":15.0,"enemies":"2 Thieves","floor":18.0,"turns":4.0},{"damage":0.0,"enemies":"Chosen","floor":19.0,"turns":4.0},{"damage":33.0,"enemies":"Shelled Parasite and Fungi","floor":21.0,"turns":8.0},{"damage":9.0,"enemies":"Book of Stabbing","floor":23.0,"turns":4.0},{"damage":6.0,"enemies":"Cultist and Chosen","floor":24.0,"turns":5.0},{"damage":0.0,"enemies":"Snecko","floor":28.0,"turns":4.0},{"damage":0.0,"enemies":"Slavers","floor":31.0,"turns":5.0},{"damage":31.0,"enemies":"Automaton","floor":33.0,"turns":11.0},{"damage":2.0,"enemies":"3 Darklings","floor":35.0,"turns":5.0},{"damage":1.0,"enemies":"Orb Walker","floor":37.0,"turns":3.0},{"damage":30.0,"enemies":"Writhing Mass","floor":39.0,"turns":4.0},{"damage":0.0,"enemies":"Nemesis","floor":41.0,"turns":5.0},{"damage":15.0,"enemies":"Giant Head","floor":44.0,"turns":7.0},{"damage":0.0,"enemies":"Nemesis","floor":46.0,"turns":3.0},{"damage":16.0,"enemies":"Sphere and 2 Shapes","floor":48.0,"turns":3.0},{"damage":72,"enemies":"Donu and Deca","floor":50,"turns":6}],"seed_played":"238374621686027734","potions_obtained":[{"floor":1.0,"key":"Energy Potion"},{"floor":3.0,"key":"Swift Potion"},{"floor":16.0,"key":"Swift Potion"},{"floor":18.0,"key":"Dexterity Potion"},{"floor":21.0,"key":"EntropicBrew"},{"floor":23.0,"key":"DistilledChaos"},{"floor":39.0,"key":"SpeedPotion"},{"floor":41.0,"key":"GamblersBrew"},{"floor":42.0,"key":"Fruit Juice"},{"floor":42.0,"key":"SpeedPotion"},{"floor":46.0,"key":"DistilledChaos"},{"floor":48.0,"key":"DistilledChaos"}],"is_trial":false,"path_per_floor":["M","M","M","M","?","$","E","?","T","E","M","?","$","T","R","B",null,"M","M","$","M","?","E","M","?","T","R","M","?","R","E","R","B",null,"M","$","M","$","M","R","E","?","T","E","R","E","R","M","R","B"],"character_chosen":"WATCHER","items_purchased":["Membership Card","DollysMirror","Lee\u0027s Waffle","OrangePellets","PreservedInsect","CaptainsWheel","LikeWater"],"campfire_rested":2,"item_purchase_floors":[6,13,20,36,36,36,36],"current_hp_per_floor":[65,63,61,61,61,61,60,67,67,33,28,28,43,43,43,38,70,55,55,87,54,38,29,23,23,23,49,49,49,49,49,49,18,70,68,83,82,87,57,57,57,62,62,47,74,74,74,58,58,0,0],"gold":205,"neow_bonus":"BOSS_RELIC","is_daily":false,"chose_seed":false,"campfire_upgraded":6,"win_rate":0.0,"timestamp":1612192996,"path_taken":["M","M","?","M","?","?","E","?","T","E","M","?","$","?","R","BOSS","M","M","$","?","?","E","M","?","T","R","M","?","R","E","R","BOSS","M","$","?","?","M","R","E","?","T","E","R","E","R","?","R","BOSS"],"items_purchased_type":["Relic","Relic","Relic","Relic","Relic","Relic","Card"],"build_version":"2020-12-22","purchased_purges":2,"victory":false,"max_hp_per_floor":[72,72,72,72,72,72,72,86,86,86,86,80,80,80,80,80,80,80,80,87,87,87,87,87,87,87,87,87,87,87,87,87,87,87,87,87,87,87,87,87,87,92,92,92,92,92,92,92,92,92,92],"card_choices":[{"not_picked":[],"picked":"Fasting2","floor":1.0},{"not_picked":[],"picked":"FlyingSleeves","floor":2.0},{"not_picked":[],"picked":"Protect","floor":3.0},{"not_picked":["WaveOfTheHand"],"picked":"SKIP","floor":4.0},{"not_picked":["MasterReality"],"picked":"SKIP","floor":7.0},{"not_picked":[],"picked":"EmptyBody","floor":10.0},{"not_picked":[],"picked":"InnerPeace","floor":11.0},{"not_picked":[],"picked":"ConjureBlade","floor":16.0},{"not_picked":[],"picked":"EmptyFist","floor":18.0},{"not_picked":["JustLucky"],"picked":"SKIP","floor":19.0},{"not_picked":["Weave"],"picked":"SKIP","floor":21.0},{"not_picked":[],"picked":"FlyingSleeves","floor":23.0},{"not_picked":["FollowUp"],"picked":"SKIP","floor":24.0},{"not_picked":[],"picked":"ThirdEye","floor":28.0},{"not_picked":[],"picked":"Conclude+1","floor":31.0},{"not_picked":["FollowUp"],"picked":"SKIP","floor":35.0},{"not_picked":[],"picked":"EmptyBody+1","floor":37.0},{"not_picked":[],"picked":"Evaluate","floor":39.0},{"not_picked":["BowlingBash"],"picked":"SKIP","floor":41.0},{"not_picked":["Devotion"],"picked":"SKIP","floor":44.0},{"not_picked":["Worship+1"],"picked":"SKIP","floor":46.0},{"not_picked":["Halt+1"],"picked":"SKIP","floor":48.0}],"player_experience":694522,"relics_obtained":[{"floor":7.0,"key":"MealTicket"},{"floor":9.0,"key":"HornCleat"},{"floor":10.0,"key":"Happy Flower"},{"floor":14.0,"key":"Art of War"},{"floor":22.0,"key":"Enchiridion"},{"floor":23.0,"key":"Gremlin Horn"},{"floor":26.0,"key":"Pen Nib"},{"floor":31.0,"key":"Bottled Flame"},{"floor":41.0,"key":"Bottled Lightning"},{"floor":43.0,"key":"Sundial"},{"floor":44.0,"key":"Toxic Egg 2"},{"floor":46.0,"key":"Blue Candle"}],"event_choices":[{"cards_removed":["Defend_P"],"damage_healed":0.0,"max_hp_gain":0.0,"max_hp_loss":0.0,"gold_gain":0.0,"event_name":"Living Wall","player_choice":"Forget","floor":5.0,"gold_loss":0.0,"damage_taken":0.0},{"damage_healed":0.0,"max_hp_gain":0.0,"max_hp_loss":0.0,"gold_gain":0.0,"event_name":"Scrap Ooze","player_choice":"Success","floor":8.0,"gold_loss":0.0,"damage_taken":7.0,"relics_obtained":["Mango"]},{"damage_healed":0.0,"max_hp_gain":0.0,"max_hp_loss":6.0,"gold_gain":0.0,"event_name":"Golden Idol","player_choice":"Lose Max HP","floor":12.0,"gold_loss":0.0,"damage_taken":0.0,"relics_obtained":["Golden Idol"]},{"damage_healed":0.0,"max_hp_gain":0.0,"max_hp_loss":0.0,"gold_gain":0.0,"event_name":"Cursed Tome","player_choice":"Obtained Book","floor":22.0,"gold_loss":0.0,"damage_taken":16.0},{"damage_healed":0.0,"max_hp_gain":0.0,"max_hp_loss":0.0,"gold_gain":0.0,"event_name":"The Mausoleum","player_choice":"Opened","floor":25.0,"gold_loss":0.0,"damage_taken":0.0,"relics_obtained":["Bag of Preparation"],"cards_obtained":["Writhe"]},{"damage_healed":0.0,"max_hp_gain":0.0,"max_hp_loss":0.0,"gold_gain":100.0,"event_name":"The Joust","player_choice":"Bet on Murderer","floor":29.0,"gold_loss":50.0,"damage_taken":0.0},{"damage_healed":0.0,"max_hp_gain":0.0,"max_hp_loss":0.0,"gold_gain":0.0,"event_name":"Lab","player_choice":"Got Potions","floor":42.0,"gold_loss":0.0,"damage_taken":0.0}],"is_beta":false,"boss_relics":[{"not_picked":["Velvet Choker","Sozu"],"picked":"Cursed Key"},{"not_picked":["Fusion Hammer","VioletLotus"],"picked":"Philosopher\u0027s Stone"}],"items_purged_floors":[20,36],"is_endless":false,"potions_floor_spawned":[1,3,16,18,21,23,24,39,41,46,48],"killed_by":"Donu and Deca","ascension_level":7}}