{"host":"p7j7o00jacnw7qzt","time":1612158185,"event":{"mods":["BaseMod","Colored Map","Colored Powertips","DeckTracker","Highlight Path","Minty Spire (QoL Compilation)","Relic Stats"],"gold_per_floor":[360,360,371,371,123,123,138,138,138,138,170,170,170,195,195,268,268,278,278,278,296,308,308,342,242,242,242,260,273,300,320,320,392,392,411,128,148,148,423,423,440,440,490,525,525,558,146,157,157,157,157,157,157,74,99,99],"floor_reached":57,"language":"ZHS","playtime":2877,"items_purged":["Strike_G","Strike_G","Defend_G","Dagger Spray+1"],"score":2912,"play_id":"f5d80498-0484-4a0c-a786-cccd78b7d7f7","local_time":"20210201004305","is_ascension_mode":true,"campfire_choices":[{"data":"Dagger Spray","floor":6.0,"key":"SMITH"},{"floor":10.0,"key":"REST"},{"floor":12.0,"key":"RECALL"},{"data":"Expertise","floor":15.0,"key":"SMITH"},{"floor":23.0,"key":"REST"},{"data":"Strike_G","floor":27.0,"key":"PURGE"},{"data":"Strike_G","floor":32.0,"key":"PURGE"},{"data":"Regret","floor":40.0,"key":"PURGE"},{"data":"Defend_G","floor":42.0,"key":"PURGE"},{"data":"Reflex","floor":45.0,"key":"SMITH"},{"data":"Defend_G","floor":49.0,"key":"PURGE"},{"data":"Prepared","floor":53.0,"key":"SMITH"}],"circlet_count":0,"master_deck":["AscendersBane","Survivor","Neutralize+1","Escape Plan","Terror","Grand Finale","Calculated Gamble","Backflip","Prepared+1","Well Laid Plans","Reflex+1","After Image","Night Terror+1","Envenom+1","Terror+1","Purity","Finesse"],"relics":["Ring of the Snake","Omamori","PreservedInsect","Regal Pillow","Pen Nib","Pantograph","Strawberry","Toy Ornithopter","Philosopher\u0027s Stone","Boot","HornCleat","Peace Pipe","Molten Egg 2","Astrolabe","PrismaticShard","Nunchaku","InkBottle","Kunai","Thread and Needle"],"acts_visited":["Exordium","TheCity","TheBeyond","TheEnding"],"potions_floor_usage":[56,56],"damage_taken":[{"damage":0.0,"enemies":"Cultist","floor":1.0,"turns":4.0},{"damage":4.0,"enemies":"Small Slimes","floor":3.0,"turns":5.0},{"damage":0.0,"enemies":"2 Louse","floor":7.0,"turns":2.0},{"damage":4.0,"enemies":"Gremlin Nob","floor":11.0,"turns":3.0},{"damage":2.0,"enemies":"3 Sentries","floor":14.0,"turns":2.0},{"damage":34.0,"enemies":"Slime Boss","floor":16.0,"turns":8.0},{"damage":3.0,"enemies":"2 Thieves","floor":18.0,"turns":2.0},{"damage":18.0,"enemies":"Spheric Guardian","floor":21.0,"turns":4.0},{"damage":13.0,"enemies":"Snecko","floor":22.0,"turns":4.0},{"damage":8.0,"enemies":"Gremlin Leader","floor":24.0,"turns":2.0},{"damage":0.0,"enemies":"Centurion and Healer","floor":28.0,"turns":2.0},{"damage":0.0,"enemies":"Snake Plant","floor":29.0,"turns":3.0},{"damage":3.0,"enemies":"Book of Stabbing","floor":30.0,"turns":2.0},{"damage":0.0,"enemies":"3 Cultists","floor":31.0,"turns":2.0},{"damage":0.0,"enemies":"Collector","floor":33.0,"turns":4.0},{"damage":0.0,"enemies":"3 Darklings","floor":35.0,"turns":3.0},{"damage":10.0,"enemies":"3 Shapes","floor":37.0,"turns":2.0},{"damage":7.0,"enemies":"Sphere and 2 Shapes","floor":41.0,"turns":3.0},{"damage":9.0,"enemies":"Giant Head","floor":44.0,"turns":3.0},{"damage":3.0,"enemies":"Reptomancer","floor":46.0,"turns":2.0},{"damage":7.0,"enemies":"Transient","floor":48.0,"turns":3.0},{"damage":19.0,"enemies":"Time Eater","floor":50.0,"turns":7.0},{"damage":6.0,"enemies":"Awakened One","floor":51.0,"turns":3.0},{"damage":0.0,"enemies":"Shield and Spear","floor":55.0,"turns":2.0},{"damage":26,"enemies":"The Heart","floor":56,"turns":6}],"seed_played":"-2293038885857425657","potions_obtained":[{"floor":1.0,"key":"Strength Potion"},{"floor":14.0,"key":"LiquidBronze"},{"floor":16.0,"key":"Poison Potion"},{"floor":21.0,"key":"SteroidPotion"},{"floor":29.0,"key":"SkillPotion"},{"floor":30.0,"key":"SteroidPotion"},{"floor":31.0,"key":"DistilledChaos"},{"floor":46.0,"key":"Strength Potion"}],"is_trial":false,"path_per_floor":["M","T","M","?","$","R","M","?","T","R","E","R","?","E","R","B",null,"M","?","?","M","M","R","E","$","T","R","M","M","E","M","R","B",null,"M","$","M","?","?","R","M","R","T","E","R","E","$","M","R","B","B",null,"R","$","E","B",null],"character_chosen":"THE_SILENT","items_purchased":["PreservedInsect","PrismaticShard","Kunai","DuplicationPotion"],"campfire_rested":2,"item_purchase_floors":[5,36,47,54],"current_hp_per_floor":[59,59,55,55,55,55,55,20,20,53,49,49,56,54,54,33,59,56,56,56,38,30,65,57,57,57,57,57,57,54,54,54,67,67,67,67,57,47,47,47,40,40,40,31,31,33,33,26,26,32,51,63,63,63,63,50],"gold":99,"neow_bonus":"TWO_FIFTY_GOLD","is_daily":false,"chose_seed":false,"campfire_upgraded":4,"win_rate":0.0,"timestamp":1612158185,"path_taken":["M","?","M","?","$","R","?","?","T","R","E","R","?","E","R","BOSS","M","?","?","?","M","R","E","$","T","R","M","M","E","M","R","BOSS","M","$","M","?","?","R","?","R","T","E","R","E","$","M","R","BOSS","BOSS","R","$","E","BOSS"],"items_purchased_type":["Relic","Relic","Relic","Potion"],"build_version":"2020-12-22","purchased_purges":4,"victory":true,"max_hp_per_floor":[60,60,60,60,60,60,60,60,60,60,60,60,67,67,67,67,67,67,67,67,67,67,67,67,67,67,67,67,67,67,67,67,67,67,67,67,67,67,67,67,67,67,67,67,67,67,67,67,67,67,67,67,67,67,67,67],"relic_stats":{"Regal Pillow":30,"counters":[25,83],"Astrolabe":["Night Terror","Envenom","Terror"],"PreservedInsect":410,"Pen Nib":[13],"Boot":[16],"Peace Pipe":7,"Nunchaku":[5],"Pantograph":80,"Kunai":[13],"obtain_stats":[{"Regal Pillow":8,"Astrolabe":34,"Thread and Needle":55,"PreservedInsect":5,"Pen Nib":9,"Omamori":2,"Boot":20,"PrismaticShard":36,"Peace Pipe":26,"Nunchaku":44,"HornCleat":24,"Pantograph":11,"Strawberry":13,"Philosopher\u0027s Stone":17,"Molten Egg 2":30,"Kunai":47,"Toy Ornithopter":14,"InkBottle":46,"Ring of the Snake":0},{"Regal Pillow":3,"Astrolabe":15,"Thread and Needle":24,"PreservedInsect":2,"Pen Nib":3,"Omamori":1,"Boot":7,"PrismaticShard":16,"Peace Pipe":10,"Nunchaku":19,"HornCleat":10,"Pantograph":4,"Strawberry":4,"Philosopher\u0027s Stone":6,"Molten Egg 2":13,"Kunai":20,"Toy Ornithopter":5,"InkBottle":20,"Ring of the Snake":0},{"Regal Pillow":11,"Astrolabe":49,"Thread and Needle":77,"PreservedInsect":9,"Pen Nib":11,"Omamori":4,"Boot":26,"PrismaticShard":52,"Peace Pipe":36,"Nunchaku":60,"HornCleat":36,"Pantograph":14,"Strawberry":14,"Philosopher\u0027s Stone":24,"Molten Egg 2":43,"Kunai":62,"Toy Ornithopter":16,"InkBottle":62,"Ring of the Snake":0}],"Toy Ornithopter":19,"InkBottle":[17],"Ring of the Snake":[50]},"card_choices":[{"not_picked":["Deadly Poison","Sucker Punch"],"picked":"Escape Plan","floor":1.0},{"not_picked":["Underhanded Strike","Sucker Punch"],"picked":"Dagger Spray","floor":3.0},{"not_picked":["Underhanded Strike","Bane"],"picked":"Terror","floor":7.0},{"not_picked":["Bane","Choke","Sucker Punch"],"picked":"SKIP","floor":11.0},{"not_picked":["Poisoned Stab","Terror"],"picked":"Expertise","floor":14.0},{"not_picked":["Doppelganger","After Image"],"picked":"Grand Finale","floor":16.0},{"not_picked":["Flechettes","Outmaneuver"],"picked":"Calculated Gamble","floor":18.0},{"not_picked":["PiercingWail","Terror"],"picked":"Backflip","floor":21.0},{"not_picked":["PiercingWail","Corpse Explosion"],"picked":"Prepared","floor":22.0},{"not_picked":["Accuracy","Flechettes"],"picked":"Well Laid Plans","floor":24.0},{"not_picked":["Deadly Poison","All Out Attack","Dagger Throw"],"picked":"SKIP","floor":28.0},{"not_picked":["Deadly Poison","Catalyst","Deflect+1"],"picked":"SKIP","floor":29.0},{"not_picked":["Corpse Explosion","Poisoned Stab+1","Outmaneuver+1"],"picked":"SKIP","floor":30.0},{"not_picked":["Acrobatics","Blade Dance"],"picked":"Reflex","floor":31.0},{"not_picked":["Grand Finale+1","Night Terror"],"picked":"After Image","floor":33.0},{"not_picked":["Cloak And Dagger","Caltrops","Choke+1"],"picked":"SKIP","floor":35.0},{"not_picked":["Dramatic Entrance+1","All Out Attack+1","Cold Snap+1"],"picked":"SKIP","floor":37.0},{"not_picked":["Finesse","Bandage Up"],"picked":"Purity","floor":38.0},{"not_picked":["Enlightenment","Bandage Up"],"picked":"Finesse","floor":38.0},{"not_picked":["Dual Wield","Quick Slash+1","BowlingBash+1"],"picked":"SKIP","floor":41.0},{"not_picked":["Establishment","Hologram","EmptyBody"],"picked":"SKIP","floor":44.0},{"not_picked":["Tactician","EmptyFist+1","Evaluate+1"],"picked":"SKIP","floor":46.0},{"not_picked":["Limit Break","Deflect","Consume"],"picked":"SKIP","floor":48.0},{"not_picked":["Consecrate+1","Coolheaded","JustLucky+1"],"picked":"SKIP","floor":55.0}],"player_experience":1066941,"relics_obtained":[{"floor":2.0,"key":"Omamori"},{"floor":9.0,"key":"Pen Nib"},{"floor":11.0,"key":"Pantograph"},{"floor":14.0,"key":"Toy Ornithopter"},{"floor":24.0,"key":"HornCleat"},{"floor":26.0,"key":"Peace Pipe"},{"floor":30.0,"key":"Molten Egg 2"},{"floor":44.0,"key":"Nunchaku"},{"floor":46.0,"key":"InkBottle"},{"floor":55.0,"key":"Thread and Needle"}],"event_choices":[{"damage_healed":0.0,"max_hp_gain":0.0,"max_hp_loss":0.0,"gold_gain":0.0,"event_name":"Upgrade Shrine","player_choice":"Upgraded","floor":4.0,"gold_loss":0.0,"damage_taken":0.0,"cards_upgraded":["Neutralize"]},{"damage_healed":0.0,"max_hp_gain":0.0,"max_hp_loss":0.0,"gold_gain":0.0,"event_name":"Scrap Ooze","player_choice":"Success","floor":8.0,"gold_loss":0.0,"damage_taken":35.0,"relics_obtained":["Regal Pillow"]},{"damage_healed":0.0,"max_hp_gain":0.0,"max_hp_loss":0.0,"gold_gain":0.0,"event_name":"Big Fish","player_choice":"Box","floor":13.0,"gold_loss":0.0,"damage_taken":0.0,"relics_obtained":["Strawberry"],"cards_obtained":["Regret"]},{"cards_removed":["Strike_G"],"damage_healed":0.0,"max_hp_gain":0.0,"max_hp_loss":0.0,"gold_gain":0.0,"event_name":"Back to Basics","player_choice":"Elegance","floor":19.0,"gold_loss":0.0,"damage_taken":0.0},{"damage_healed":0.0,"max_hp_gain":0.0,"max_hp_loss":0.0,"gold_gain":0.0,"event_name":"Addict","player_choice":"Stole Relic","floor":20.0,"gold_loss":0.0,"damage_taken":0.0,"relics_obtained":["Boot"],"cards_obtained":["Shame"]},{"damage_healed":0.0,"max_hp_gain":0.0,"max_hp_loss":0.0,"gold_gain":0.0,"event_name":"SensoryStone","player_choice":"Memory 3","floor":38.0,"gold_loss":0.0,"damage_taken":10.0},{"damage_healed":0.0,"max_hp_gain":0.0,"max_hp_loss":0.0,"gold_gain":275.0,"event_name":"Golden Shrine","player_choice":"Desecrate","floor":39.0,"gold_loss":0.0,"damage_taken":0.0,"cards_obtained":["Regret"]}],"is_beta":false,"boss_relics":[{"not_picked":["Ectoplasm","Black Star"],"picked":"Philosopher\u0027s Stone"},{"not_picked":["Runic Dome","Sozu"],"picked":"Astrolabe"}],"items_purged_floors":[5,25,36,47],"is_endless":false,"potions_floor_spawned":[1,14,16,21,29,30,31,46],"ascension_level":20}}