{"host":"m4qpn8a4h7jhbw2f","time":1612139108,"event":{"mods":["BaseMod","Colored Map","Colored Powertips","Highlight Path","Minty Spire (QoL Compilation)","Rare Cards Sparkle","Relic Stats"],"gold_per_floor":[116,129,149,164,181,181,33,133,180,180,199,52,52,70,70,172,172,185,110,121,21,41,41,41,73,73,73,73,105,10,10,10],"floor_reached":31,"language":"ENG","playtime":2597,"items_purged":["Parasite","Strike_R","Strike_R"],"score":334,"play_id":"0b127d97-2f79-453b-ab9c-d757df1cda4e","local_time":"20210131192508","is_ascension_mode":true,"campfire_choices":[{"data":"Carnage","floor":6,"key":"SMITH"},{"data":"Spot Weakness","floor":10,"key":"SMITH"},{"data":"Fire Breathing","floor":13,"key":"SMITH"},{"data":"Evolve","floor":15,"key":"SMITH"},{"data":"Infernal Blade","floor":23,"key":"SMITH"},{"data":"Exhume","floor":28,"key":"SMITH"}],"circlet_count":0,"master_deck":["Strike_R","Strike_R","Defend_R","Defend_R","Defend_R","Defend_R","Bash","Carnage+1","Spot Weakness+1","Bloodletting","Flex","Fire Breathing+1","Exhume+1","Evolve+1","Reckless Charge","Twin Strike","Offering","Infernal Blade+1","Headbutt+1","RitualDagger","Dual Wield+1","Wild Strike"],"relics":["Burning Blood","Bird Faced Urn","Strawberry","Mark of Pain","MutagenicStrength","Darkstone Periapt","Matryoshka","Smiling Mask"],"acts_visited":["Exordium","TheCity"],"potions_floor_usage":[16,16,29,29],"damage_taken":[{"damage":1,"enemies":"Cultist","floor":1,"turns":3},{"damage":0,"enemies":"Small Slimes","floor":2,"turns":3},{"damage":7,"enemies":"2 Louse","floor":3,"turns":3},{"damage":30,"enemies":"Exordium Wildlife","floor":4,"turns":4},{"damage":14,"enemies":"Blue Slaver","floor":5,"turns":3},{"damage":0,"enemies":"Large Slime","floor":11,"turns":2},{"damage":10,"enemies":"Exordium Thugs","floor":14,"turns":4},{"damage":30,"enemies":"Hexaghost","floor":16,"turns":8},{"damage":24,"enemies":"Chosen","floor":18,"turns":3},{"damage":47,"enemies":"3 Byrds","floor":20,"turns":5},{"damage":24,"enemies":"Centurion and Healer","floor":22,"turns":3},{"damage":44,"enemies":"Book of Stabbing","floor":25,"turns":4},{"damage":6,"enemies":"Gremlin Leader","floor":29,"turns":5},{"damage":12,"enemies":"Cultist and Chosen","floor":31,"turns":1}],"seed_played":"7675366652031274290","potions_obtained":[{"floor":1,"key":"Weak Potion"},{"floor":2,"key":"SpeedPotion"},{"floor":3,"key":"FairyPotion"},{"floor":5,"key":"BlessingOfTheForge"},{"floor":22,"key":"FearPotion"},{"floor":25,"key":"HeartOfIron"}],"is_trial":false,"path_per_floor":["M","M","M","M","M","R","$","?","T","R","M","$","R","M","R","B",null,"M","?","M","$","M","R","?","E","T","?","R","E","$","M"],"character_chosen":"IRONCLAD","items_purchased":["Fire Breathing","Evolve","Reckless Charge","Wild Strike"],"campfire_rested":0,"item_purchase_floors":[7,12,12,30],"current_hp_per_floor":[80,80,79,55,47,47,47,47,54,54,60,60,60,58,58,38,84,70,70,33,33,19,19,19,11,11,5,5,9,9,0,0],"gold":10,"neow_bonus":"ONE_RARE_RELIC","is_daily":false,"chose_seed":false,"campfire_upgraded":6,"win_rate":0.0,"timestamp":1612139108,"path_taken":["M","M","M","M","?","R","$","?","T","R","M","?","R","M","R","BOSS","M","?","M","$","M","R","?","E","T","?","R","E","$","M"],"items_purchased_type":["Card","Card","Card","Card"],"build_version":"2020-12-22","purchased_purges":3,"victory":false,"max_hp_per_floor":[80,80,80,80,80,80,77,77,84,84,84,84,84,84,84,84,84,84,84,84,84,84,84,84,84,84,84,84,84,84,84,84],"relic_stats":{"Darkstone Periapt":0,"counters":[14,51],"Bird Faced Urn":[26],"Smiling Mask":75,"obtain_stats":[{"Darkstone Periapt":25,"Matryoshka":26,"Bird Faced Urn":0,"Strawberry":9,"MutagenicStrength":24,"Mark of Pain":17,"Smiling Mask":29,"Burning Blood":0},{"Darkstone Periapt":12,"Matryoshka":12,"Bird Faced Urn":0,"Strawberry":5,"MutagenicStrength":11,"Mark of Pain":8,"Smiling Mask":13,"Burning Blood":0},{"Darkstone Periapt":45,"Matryoshka":45,"Bird Faced Urn":0,"Strawberry":16,"MutagenicStrength":41,"Mark of Pain":30,"Smiling Mask":50,"Burning Blood":0}],"Burning Blood":67},"card_choices":[{"not_picked":["Pummel","Shrug It Off"],"picked":"Carnage","floor":1},{"not_picked":["Anger","Second Wind","Armaments"],"picked":"SKIP","floor":2},{"not_picked":["Flex","Clash"],"picked":"Spot Weakness","floor":3},{"not_picked":["True Grit","Perfected Strike"],"picked":"Bloodletting","floor":4},{"not_picked":["Pommel Strike","Spot Weakness"],"picked":"Flex","floor":5},{"not_picked":["Combust","Heavy Blade"],"picked":"Exhume","floor":11},{"not_picked":["Shrug It Off","Body Slam"],"picked":"Twin Strike","floor":14},{"not_picked":["Exhume","Fiend Fire"],"picked":"Offering","floor":16},{"not_picked":["Body Slam","Anger"],"picked":"Infernal Blade","floor":18},{"not_picked":["Thunderclap","Perfected Strike","Flex"],"picked":"SKIP","floor":20},{"not_picked":["Sever Soul+1","Rampage"],"picked":"Headbutt+1","floor":22},{"not_picked":["Headbutt","Sword Boomerang+1","Dual Wield+1"],"picked":"SKIP","floor":25},{"not_picked":["Fiend Fire","Havoc+1"],"picked":"Dual Wield+1","floor":29}],"player_experience":209809,"relics_obtained":[{"floor":9,"key":"Strawberry"},{"floor":25,"key":"Darkstone Periapt"},{"floor":26,"key":"Matryoshka"},{"floor":29,"key":"Smiling Mask"}],"event_choices":[{"damage_healed":0,"gold_gain":100,"player_choice":"Gold","damage_taken":0,"max_hp_gain":0,"max_hp_loss":0,"event_name":"Wheel of Change","floor":8,"gold_loss":0},{"cards_removed":["Strike_R"],"damage_healed":0,"gold_gain":0,"player_choice":"Gave Gold","damage_taken":0,"max_hp_gain":0,"max_hp_loss":0,"event_name":"Beggar","floor":19,"gold_loss":75},{"damage_healed":0,"gold_gain":0,"player_choice":"Inject Mutagens","damage_taken":0,"relics_obtained":["MutagenicStrength"],"max_hp_gain":0,"max_hp_loss":0,"event_name":"Drug Dealer","floor":24,"gold_loss":0},{"damage_healed":0,"gold_gain":0,"player_choice":"Joined the Cult","damage_taken":6,"max_hp_gain":0,"max_hp_loss":0,"event_name":"Nest","floor":27,"gold_loss":0,"cards_obtained":["RitualDagger"]}],"is_beta":false,"boss_relics":[{"not_picked":["SlaversCollar","SacredBark"],"picked":"Mark of Pain"}],"items_purged_floors":[7,21,30],"is_endless":false,"potions_floor_spawned":[1,2,3,5,22,25],"killed_by":"Cultist and Chosen","ascension_level":3}}