{"host":"nwd160me4iqdtr8u","time":1612160014,"event":{"mods":["AchievementEnabler","Act Like it!","BaseMod","Colored Map","DeckTracker","Keyboard Shortcuts","Minty Spire (QoL Compilation)","Quick Restart","Rare Cards Sparkle","StSLib","SuperFastMode","everything is the same but u backflip on backflip"],"gold_per_floor":[109,109,122,133,151,151,165,165,165,181,181,181,191,208,208,283,283,301,320,15,32,32,32,32,32,32,50,50,70,80,100,100,174,174,193,193,203,213,238,238,273,293,316,52,52,72,72,72,72,72,72],"floor_reached":50,"language":"KOR","playtime":2373,"items_purged":["Strike_G"],"score":965,"play_id":"7a828939-c0b0-4a18-8194-fc5eee9b8f60","local_time":"20210201151334","is_ascension_mode":true,"campfire_choices":[{"data":"Adrenaline","floor":6.0,"key":"SMITH"},{"data":"Tactician","floor":12.0,"key":"SMITH"},{"floor":15.0,"key":"REST"},{"floor":23.0,"key":"REST"},{"data":"Blade Dance","floor":25.0,"key":"SMITH"},{"data":"Well Laid Plans","floor":32.0,"key":"SMITH"},{"floor":40.0,"key":"REST"},{"data":"A Thousand Cuts","floor":45.0,"key":"SMITH"},{"data":"Acrobatics","floor":47.0,"key":"SMITH"},{"data":"After Image","floor":49.0,"key":"SMITH"}],"circlet_count":0,"master_deck":["AscendersBane","Strike_G","Strike_G","Defend_G","Defend_G","Defend_G","Defend_G","Defend_G","Survivor","Neutralize","Dagger Spray","Acrobatics+1","Adrenaline+1","Tactician+1","Backstab","Underhanded Strike","Blade Dance+1","Corpse Explosion","After Image+1","Endless Agony","Backflip+1","Blur+1","Infinite Blades","Prepared+1","Ghostly+1","Ghostly+1","Ghostly+1","Sucker Punch+1","Blade Dance+1","Well Laid Plans+1","A Thousand Cuts+1","Heel Hook+1","PiercingWail+1","Thinking Ahead+1"],"relics":["Ring of the Snake","Toy Ornithopter","Shuriken","Sozu","Toxic Egg 2","Paper Crane","Busted Crown","Torii","White Beast Statue","Bronze Scales"],"acts_visited":["Exordium","TheCity","TheBeyond"],"potions_floor_usage":[],"damage_taken":[{"damage":6.0,"enemies":"Small Slimes","floor":1.0,"turns":5.0},{"damage":1.0,"enemies":"Cultist","floor":3.0,"turns":5.0},{"damage":2.0,"enemies":"Jaw Worm","floor":4.0,"turns":5.0},{"damage":14.0,"enemies":"Large Slime","floor":5.0,"turns":10.0},{"damage":0.0,"enemies":"3 Louse","floor":7.0,"turns":4.0},{"damage":0.0,"enemies":"Blue Slaver","floor":10.0,"turns":3.0},{"damage":3.0,"enemies":"Exordium Wildlife","floor":13.0,"turns":4.0},{"damage":0.0,"enemies":"Looter","floor":14.0,"turns":2.0},{"damage":30.0,"enemies":"The Guardian","floor":16.0,"turns":12.0},{"damage":13.0,"enemies":"Spheric Guardian","floor":18.0,"turns":4.0},{"damage":28.0,"enemies":"Chosen","floor":19.0,"turns":5.0},{"damage":3.0,"enemies":"Sentry and Sphere","floor":21.0,"turns":5.0},{"damage":0.0,"enemies":"3 Cultists","floor":27.0,"turns":3.0},{"damage":5.0,"enemies":"Shelled Parasite and Fungi","floor":29.0,"turns":5.0},{"damage":3.0,"enemies":"Snake Plant","floor":30.0,"turns":5.0},{"damage":0.0,"enemies":"3 Cultists","floor":31.0,"turns":2.0},{"damage":14.0,"enemies":"Champ","floor":33.0,"turns":10.0},{"damage":0.0,"enemies":"3 Darklings","floor":35.0,"turns":2.0},{"damage":9.0,"enemies":"Orb Walker","floor":37.0,"turns":3.0},{"damage":7.0,"enemies":"Transient","floor":38.0,"turns":6.0},{"damage":0.0,"enemies":"Mind Bloom Boss Battle","floor":39.0,"turns":7.0},{"damage":0.0,"enemies":"Giant Head","floor":41.0,"turns":7.0},{"damage":0.0,"enemies":"3 Darklings","floor":42.0,"turns":4.0},{"damage":0.0,"enemies":"Maw","floor":46.0,"turns":7.0},{"damage":30,"enemies":"Donu and Deca","floor":50,"turns":6}],"seed_played":"1361311428486531738","potions_obtained":[{"floor":3.0,"key":"Dexterity Potion"},{"floor":7.0,"key":"Fire Potion"},{"floor":10.0,"key":"Fire Potion"},{"floor":16.0,"key":"SmokeBomb"}],"is_trial":false,"path_per_floor":["M","?","M","M","M","R","M","?","T","M","?","R","M","M","R","B",null,"M","M","$","M","$","R","?","R","T","M","?","M","M","M","R","B",null,"M","?","M","M","?","R","E","M","T","$","R","M","R","$","R","B"],"character_chosen":"THE_SILENT","items_purchased":["Toxic Egg 2","Blur+1","Thinking Ahead+1"],"campfire_rested":3,"item_purchase_floors":[20,20,44],"current_hp_per_floor":[53,53,52,50,36,36,36,29,29,29,29,29,26,26,45,25,56,43,15,15,12,12,31,31,31,31,31,31,26,23,23,23,9,27,27,27,18,11,11,20,20,20,20,20,20,20,20,20,20,0,0],"gold":72,"neow_bonus":"RANDOM_COMMON_RELIC","is_daily":false,"chose_seed":false,"campfire_upgraded":7,"win_rate":0.0,"timestamp":1612160014,"path_taken":["M","?","?","M","M","R","M","?","T","M","?","R","M","M","R","BOSS","M","M","$","M","$","R","?","R","T","M","?","M","M","M","R","BOSS","M","?","M","M","?","R","E","M","T","$","R","M","R","?","R","BOSS"],"items_purchased_type":["Relic","Card","Card"],"build_version":"2020-12-22","purchased_purges":1,"victory":false,"max_hp_per_floor":[66,66,66,66,66,66,66,66,66,66,66,66,66,66,66,66,66,66,66,66,66,66,66,66,66,66,66,33,33,33,33,33,33,33,33,31,31,31,31,31,31,31,31,31,31,31,31,31,31,31,31],"card_choices":[{"not_picked":["Deflect","Sucker Punch"],"picked":"Dagger Spray","floor":1.0},{"not_picked":["Underhanded Strike","PiercingWail"],"picked":"Acrobatics","floor":3.0},{"not_picked":["Blade Dance","Outmaneuver"],"picked":"Adrenaline","floor":4.0},{"not_picked":["Prepared","Underhanded Strike"],"picked":"Tactician","floor":5.0},{"not_picked":["Acrobatics","Poisoned Stab"],"picked":"Backstab","floor":7.0},{"not_picked":["Prepared","Expertise"],"picked":"Underhanded Strike","floor":10.0},{"not_picked":["Dagger Spray","Deflect"],"picked":"Blade Dance","floor":13.0},{"not_picked":["Backflip","Quick Slash"],"picked":"Corpse Explosion","floor":14.0},{"not_picked":["Venomology","Storm of Steel"],"picked":"After Image","floor":16.0},{"not_picked":["Catalyst","Deflect+1"],"picked":"Endless Agony","floor":18.0},{"not_picked":["Catalyst+1","Cloak And Dagger"],"picked":"Backflip+1","floor":19.0},{"not_picked":["Backstab","Dodge and Roll+1"],"picked":"Infinite Blades","floor":21.0},{"not_picked":["Dodge and Roll+1","Outmaneuver+1"],"picked":"Prepared+1","floor":27.0},{"not_picked":["Prepared+1","Outmaneuver+1"],"picked":"Sucker Punch+1","floor":29.0},{"not_picked":["Flying Knee","Terror+1"],"picked":"Blade Dance+1","floor":30.0},{"not_picked":["Cloak And Dagger+1","Underhanded Strike"],"picked":"Well Laid Plans","floor":31.0},{"not_picked":["Die Die Die","After Image"],"picked":"A Thousand Cuts","floor":33.0},{"not_picked":["Endless Agony"],"picked":"SKIP","floor":35.0},{"not_picked":[],"picked":"Heel Hook+1","floor":37.0},{"not_picked":["Flying Knee"],"picked":"SKIP","floor":38.0},{"not_picked":["Slice"],"picked":"SKIP","floor":41.0},{"not_picked":[],"picked":"PiercingWail+1","floor":42.0},{"not_picked":["All Out Attack"],"picked":"SKIP","floor":46.0}],"player_experience":352551,"relics_obtained":[{"floor":9.0,"key":"Shuriken"},{"floor":26.0,"key":"Paper Crane"},{"floor":39.0,"key":"Torii"},{"floor":41.0,"key":"White Beast Statue"},{"floor":43.0,"key":"Bronze Scales"}],"event_choices":[{"cards_removed":["Strike_G"],"damage_healed":0.0,"max_hp_gain":0.0,"max_hp_loss":0.0,"gold_gain":0.0,"event_name":"Purifier","player_choice":"Purged","floor":2.0,"gold_loss":0.0,"damage_taken":0.0},{"cards_removed":["Strike_G"],"damage_healed":0.0,"max_hp_gain":0.0,"max_hp_loss":0.0,"gold_gain":0.0,"event_name":"Golden Wing","player_choice":"Card Removal","floor":8.0,"gold_loss":0.0,"damage_taken":7.0},{"damage_healed":0.0,"max_hp_gain":0.0,"max_hp_loss":0.0,"gold_gain":0.0,"event_name":"Liars Game","player_choice":"Ignored","floor":11.0,"gold_loss":0.0,"damage_taken":0.0},{"damage_healed":0.0,"max_hp_gain":0.0,"max_hp_loss":0.0,"gold_gain":0.0,"event_name":"The Mausoleum","player_choice":"Ignored","floor":24.0,"gold_loss":0.0,"damage_taken":0.0},{"damage_healed":0.0,"max_hp_gain":0.0,"max_hp_loss":33.0,"gold_gain":0.0,"event_name":"Ghosts","player_choice":"Became a Ghost","floor":28.0,"gold_loss":0.0,"damage_taken":0.0,"cards_obtained":["Ghostly","Ghostly","Ghostly"]},{"damage_healed":0.0,"max_hp_gain":0.0,"max_hp_loss":2.0,"gold_gain":0.0,"event_name":"Winding Halls","player_choice":"Max HP","floor":36.0,"gold_loss":0.0,"damage_taken":0.0},{"damage_healed":0.0,"max_hp_gain":0.0,"max_hp_loss":0.0,"gold_gain":0.0,"event_name":"MindBloom","player_choice":"Fight","floor":39.0,"gold_loss":0.0,"damage_taken":0.0}],"is_beta":false,"boss_relics":[{"not_picked":["Runic Dome","Tiny House"],"picked":"Sozu"},{"not_picked":["Ring of the Serpent","Philosopher\u0027s Stone"],"picked":"Busted Crown"}],"items_purged_floors":[44],"is_endless":false,"potions_floor_spawned":[3,7,10,16,18,27,29,31,35,38,39,42,46],"killed_by":"Donu and Deca","ascension_level":19}}