{"host":"uv5ws9rdk87e8i5k","time":1612146288,"event":{"mods":["AchievementEnabler","BaseMod","Colored Map","Minty Spire (QoL Compilation)","Permanent Neow","Quick Restart","StSLib","SuperFastMode","The Necromancer"],"gold_per_floor":[17,17,34,34,34,66,84,100,100,125,139,139,150,175,175,247,247,263,275,289,214,230,265,265,298,298,317,367,384,384,384],"floor_reached":30,"language":"ENG","playtime":795,"items_purged":[],"score":574,"play_id":"57e55fb8-d45c-4153-849b-c7c766caa462","local_time":"20210131202448","is_ascension_mode":true,"campfire_choices":[{"data":"Spectral_Walk","floor":12.0,"key":"SMITH"},{"floor":15.0,"key":"RECALL"},{"data":"Summon_Death_Knight","floor":24.0,"key":"SMITH"}],"circlet_count":0,"master_deck":["AscendersBane","Strike_W","Strike_W","Strike_W","Defend_W","Defend_W","Defend_W+1","Defend_W","Negative_Energy_Arrows","Bone_Wall","Summon_Death_Knight+1","Siphon_Strength+1","Stop_Heart","Spectral_Walk+1","Bone_Prison","Hellfire","Summon_Death_Knight+1","Summon_Undead","Life_Drain","Summon_Lich","Necrotic_Claws","Hellfire"],"relics":["Vampire_Amulet","Oddly Smooth Stone","Toy Ornithopter","Pear","Potion Belt","Philosopher\u0027s Stone","Gambling Chip","MealTicket","Lizard Tail"],"acts_visited":["Exordium","TheCity"],"potions_floor_usage":[],"damage_taken":[{"damage":0.0,"enemies":"Cultist","floor":1.0,"turns":4.0},{"damage":13.0,"enemies":"Small Slimes","floor":3.0,"turns":4.0},{"damage":11.0,"enemies":"Gremlin Nob","floor":6.0,"turns":4.0},{"damage":0.0,"enemies":"2 Louse","floor":7.0,"turns":2.0},{"damage":0.0,"enemies":"Red Slaver","floor":8.0,"turns":4.0},{"damage":0.0,"enemies":"Lagavulin","floor":10.0,"turns":7.0},{"damage":0.0,"enemies":"3 Louse","floor":11.0,"turns":6.0},{"damage":0.0,"enemies":"Looter","floor":13.0,"turns":4.0},{"damage":12.0,"enemies":"3 Sentries","floor":14.0,"turns":4.0},{"damage":6.0,"enemies":"The Guardian","floor":16.0,"turns":8.0},{"damage":9.0,"enemies":"2 Thieves","floor":18.0,"turns":5.0},{"damage":8.0,"enemies":"Shell Parasite","floor":19.0,"turns":3.0},{"damage":24.0,"enemies":"Shelled Parasite and Fungi","floor":20.0,"turns":5.0},{"damage":14.0,"enemies":"Centurion and Healer","floor":22.0,"turns":7.0},{"damage":38.0,"enemies":"Gremlin Leader","floor":23.0,"turns":7.0},{"damage":23.0,"enemies":"Slavers","floor":25.0,"turns":4.0},{"damage":25.0,"enemies":"Chosen and Byrds","floor":27.0,"turns":5.0},{"damage":0.0,"enemies":"Snake Plant","floor":29.0,"turns":4.0},{"damage":0,"enemies":"Gremlin Leader","floor":30,"turns":1}],"seed_played":"7051495215149310834","potions_obtained":[{"floor":1.0,"key":"PowerPotion"},{"floor":6.0,"key":"DistilledChaos"},{"floor":18.0,"key":"DistilledChaos"},{"floor":23.0,"key":"DuplicationPotion"},{"floor":25.0,"key":"Ancient Potion"}],"is_trial":false,"path_per_floor":["M","$","M","?","?","E","M","M","T","E","M","R","M","E","R","B",null,"M","M","M","?","M","E","R","E","T","M","?","M","E"],"character_chosen":"NECROMANCER","items_purchased":[],"campfire_rested":0,"item_purchase_floors":[],"current_hp_per_floor":[66,66,57,36,36,27,31,33,33,45,51,51,53,52,52,53,74,69,63,43,43,43,33,33,32,32,17,17,19,19,19],"gold":384,"neow_bonus":"THREE_RARE_CARDS","is_daily":false,"chose_seed":false,"campfire_upgraded":2,"win_rate":0.0,"timestamp":1612146288,"path_taken":["M","?","M","?","?","E","?","M","T","E","M","R","M","E","R","BOSS","M","M","M","?","M","E","R","E","T","M","?","M","E"],"items_purchased_type":[],"build_version":"2020-12-22","purchased_purges":0,"victory":false,"max_hp_per_floor":[71,71,71,71,71,71,71,71,71,81,81,81,81,81,81,81,81,81,81,81,81,81,81,81,81,81,81,81,81,81,81],"card_choices":[{"not_picked":["Negative_Energy_Bomb","Skeleton_Dragon"],"picked":"Summon_Death_Knight","floor":0.0},{"not_picked":["Bone_Bullets","Blood_Whip"],"picked":"Siphon_Strength","floor":1.0},{"not_picked":["Consume_Illness","Thousand_Bone_Knives"],"picked":"Stop_Heart","floor":3.0},{"not_picked":["Stop_Heart","Bone_Armory","Bone_Bullets"],"picked":"SKIP","floor":6.0},{"not_picked":["Negative_Energy_Javelin","Vampiric_Strike"],"picked":"Spectral_Walk","floor":7.0},{"not_picked":["Negative_Energy_Javelin","Bone_Armory"],"picked":"Bone_Prison","floor":8.0},{"not_picked":["Shackles_Of_Pain","Whirlwind_of_Bones","Blood_Curse"],"picked":"SKIP","floor":10.0},{"not_picked":["Deaths_Shadow","Death_Coil","Detonate_Bones"],"picked":"SKIP","floor":11.0},{"not_picked":["Deaths_Shadow","Uncharnel","Vampiric_Strike"],"picked":"SKIP","floor":13.0},{"not_picked":["Uncharnel","Corrupt"],"picked":"Hellfire","floor":14.0},{"not_picked":["Reap_The_Weak","Cloudkill"],"picked":"Summon_Death_Knight","floor":16.0},{"not_picked":["Negative_Energy_Shield","Acid_Javelin"],"picked":"Summon_Undead","floor":18.0},{"not_picked":["Plague_Bolt","Finger_Of_Death+1","Consume_Illness+1"],"picked":"SKIP","floor":19.0},{"not_picked":["Death_Coil","Consume_Illness"],"picked":"Life_Drain","floor":20.0},{"not_picked":["Life_Tap","Scare","Strike_from_Beyond"],"picked":"SKIP","floor":22.0},{"not_picked":["Bone_Bullets","Flesh_Made_Foul"],"picked":"Summon_Lich","floor":23.0},{"not_picked":["Bone_Armor","Blood_Whip"],"picked":"Necrotic_Claws","floor":25.0},{"not_picked":["Bone_Spikes","Death_March_Dance","Scare"],"picked":"SKIP","floor":27.0},{"not_picked":["Blood_Whip","Bones_to_Steel"],"picked":"Hellfire","floor":29.0}],"player_experience":325375,"relics_obtained":[{"floor":6.0,"key":"Oddly Smooth Stone"},{"floor":9.0,"key":"Toy Ornithopter"},{"floor":10.0,"key":"Pear"},{"floor":14.0,"key":"Potion Belt"},{"floor":23.0,"key":"Gambling Chip"},{"floor":25.0,"key":"MealTicket"},{"floor":26.0,"key":"Lizard Tail"}],"event_choices":[{"damage_healed":0.0,"max_hp_gain":0.0,"max_hp_loss":0.0,"gold_gain":0.0,"event_name":"Shining Light","player_choice":"Entered Light","floor":4.0,"gold_loss":0.0,"damage_taken":21.0,"cards_upgraded":["Defend_W","Summon_Death_Knight"]},{"damage_healed":0.0,"max_hp_gain":0.0,"max_hp_loss":0.0,"gold_gain":0.0,"event_name":"Accursed Blacksmith","player_choice":"Forge","floor":5.0,"gold_loss":0.0,"damage_taken":0.0,"cards_upgraded":["Siphon_Strength"]},{"cards_removed":["Strike_W"],"damage_healed":0.0,"max_hp_gain":0.0,"max_hp_loss":0.0,"gold_gain":0.0,"event_name":"Beggar","player_choice":"Gave Gold","floor":21.0,"gold_loss":75.0,"damage_taken":0.0},{"damage_healed":0.0,"max_hp_gain":0.0,"max_hp_loss":0.0,"gold_gain":50.0,"event_name":"Nest","player_choice":"Stole From Cult","floor":28.0,"gold_loss":0.0,"damage_taken":0.0}],"is_beta":false,"boss_relics":[{"not_picked":["Runic Dome","Busted Crown"],"picked":"Philosopher\u0027s Stone"}],"items_purged_floors":[],"is_endless":false,"potions_floor_spawned":[1,6,7,10,11,18,23,25],"killed_by":"Gremlin Leader","ascension_level":16}}