{"host":"Stephanie","time":1612157259,"event":{"mods":["BaseMod","Colored Powertips","Minty Spire (QoL Compilation)","Rare Cards Sparkle","Relic Stats","StSLib","The Marked"],"gold_per_floor":[364,329,329,340,352,352,382,382,451,470,430,462,476,491,491,587,587,601,251,261,278,80,105,105,134,207,223,242,252,252,267,267,364,364,380,396,411,421,434,434,463,463,486,520,41,59,59,59,59,59,59,59,18,44,44,44],"floor_reached":55,"language":"ENG","playtime":4754,"items_purged":[],"score":948,"play_id":"00188c61-3f18-45d6-9328-3957c5dd5268","local_time":"20210201002739","is_ascension_mode":true,"campfire_choices":[{"data":"theMarked:SoldierOfQuellstein","floor":6.0,"key":"SMITH"},{"data":"theMarked:ChannelForce","floor":8.0,"key":"SMITH"},{"data":"theMarked:StartUp","floor":15.0,"key":"SMITH"},{"data":"theMarked:Heritage","floor":24.0,"key":"SMITH"},{"floor":30.0,"key":"REST"},{"floor":32.0,"key":"REST"},{"floor":40,"key":"REST"},{"floor":42,"key":"REST"},{"floor":49,"key":"RECALL"},{"floor":52,"key":"REST"}],"circlet_count":0,"master_deck":["theMarked:SoldierOfQuellstein+1","theMarked:HeightenedSenses","theMarked:WardOff","theMarked:ChannelForce+1","theMarked:Improvise+1","theMarked:StartUp+1","theMarked:EnhanceMovement+1","theMarked:EmpowerWeapon+1","theMarked:Toughness","theMarked:Improvise+1","theMarked:Maelstrom+1","theMarked:Heritage+1","theMarked:Static+1","theMarked:Panic+1","theMarked:ElectricStrings","theMarked:Toughness","theMarked:WardOff+1","theMarked:WardOff+1","Apotheosis+1","theMarked:Heritage","theMarked:EmpowerWeapon+1","theMarked:WastefulAttack","theMarked:Friction+1","theMarked:Overthink+1","theMarked:BanishingWave","theMarked:EmpowerWeapon+1","theMarked:BanishingWave","theMarked:BindingBlade+1","theMarked:Pokerface+1","theMarked:BanishingStrike+1","theMarked:EmpowerWeapon+1","theMarked:Convert+1","theMarked:ResourceFulStrike+1","theMarked:Determination","theMarked:PowerFlow+1","theMarked:WardOff+1"],"relics":["theMarked:ArtifactOfAir","GremlinMask","Tiny Chest","Toxic Egg 2","Meat on the Bone","Pandora\u0027s Box","Orichalcum","PreservedInsect","Vajra","Potion Belt","Mercury Hourglass","Fusion Hammer","Lizard Tail","Bag of Marbles","The Courier","ClockworkSouvenir","Ginger","theMarked:NailFile"],"acts_visited":["Exordium","TheCity","TheBeyond","TheEnding"],"potions_floor_usage":[37,41,41,44,50,50,54],"damage_taken":[{"damage":1.0,"enemies":"Cultist","floor":1.0,"turns":3.0},{"damage":5.0,"enemies":"Jaw Worm","floor":4.0,"turns":4.0},{"damage":0.0,"enemies":"2 Louse","floor":5.0,"turns":3.0},{"damage":0.0,"enemies":"3 Sentries","floor":7.0,"turns":10.0},{"damage":9.0,"enemies":"Lots of Slimes","floor":10.0,"turns":4.0},{"damage":22.0,"enemies":"Gremlin Nob","floor":12.0,"turns":4.0},{"damage":7.0,"enemies":"Red Slaver","floor":13.0,"turns":3.0},{"damage":5.0,"enemies":"Looter","floor":14.0,"turns":3.0},{"damage":0.0,"enemies":"Slime Boss","floor":16.0,"turns":10.0},{"damage":10.0,"enemies":"3 Byrds","floor":18.0,"turns":5.0},{"damage":6.0,"enemies":"Chosen","floor":20.0,"turns":5.0},{"damage":13.0,"enemies":"Centurion and Healer","floor":21.0,"turns":7.0},{"damage":14.0,"enemies":"Book of Stabbing","floor":23.0,"turns":5.0},{"damage":18.0,"enemies":"Slavers","floor":25.0,"turns":5.0},{"damage":16.0,"enemies":"Shelled Parasite and Fungi","floor":27.0,"turns":6.0},{"damage":21.0,"enemies":"Snake Plant","floor":28.0,"turns":3.0},{"damage":2.0,"enemies":"Snecko","floor":29.0,"turns":5.0},{"damage":21.0,"enemies":"Shelled Parasite and Fungi","floor":31.0,"turns":6.0},{"damage":26.0,"enemies":"Collector","floor":33.0,"turns":8.0},{"damage":0.0,"enemies":"3 Shapes","floor":35.0,"turns":4.0},{"damage":11.0,"enemies":"3 Darklings","floor":36.0,"turns":3.0},{"damage":9,"enemies":"Transient","floor":37,"turns":5},{"damage":25,"enemies":"Writhing Mass","floor":38,"turns":6},{"damage":26,"enemies":"Spire Growth","floor":39,"turns":5},{"damage":8,"enemies":"Nemesis","floor":41,"turns":5},{"damage":14,"enemies":"Giant Head","floor":44,"turns":5},{"damage":9,"enemies":"Sphere and 2 Shapes","floor":46,"turns":4},{"damage":68,"enemies":"Donu and Deca","floor":50,"turns":7},{"damage":14,"enemies":"Shield and Spear","floor":54,"turns":5},{"damage":136,"enemies":"The Heart","floor":55,"turns":11}],"seed_played":"-1769769661929962429","potions_obtained":[{"floor":1.0,"key":"Fire Potion"},{"floor":10.0,"key":"Dexterity Potion"},{"floor":11.0,"key":"LiquidMemories"},{"floor":11.0,"key":"LiquidMemories"},{"floor":20.0,"key":"FearPotion"},{"floor":21.0,"key":"Weak Potion"},{"floor":23.0,"key":"PowerPotion"},{"floor":27.0,"key":"ColorlessPotion"},{"floor":36.0,"key":"DuplicationPotion"},{"floor":38,"key":"Explosive Potion"},{"floor":41,"key":"FearPotion"},{"floor":46,"key":"DistilledChaos"}],"is_trial":false,"path_per_floor":["M","?","?","M","M","R","E","R","T","M","?","E","M","M","R","B",null,"M","$","M","M","$","E","R","E","T","M","M","M","R","M","R","B",null,"M","M","M","M","M","R","E","R","T","E","$","M","T","?","R","B",null,"R","$","E","B"],"character_chosen":"THE_DEFAULT","items_purchased":["Apotheosis+1","Orichalcum","theMarked:Heritage","PreservedInsect","theMarked:WastefulAttack","ClockworkSouvenir","Ginger","theMarked:Determination","theMarked:ChargePotion","Weak Potion"],"campfire_rested":5,"item_purchase_floors":[19,19,19,22,22,45,45,45,45,53],"current_hp_per_floor":[48,65,65,60,60,60,60,60,60,51,51,29,34,41,41,41,70,60,60,54,41,41,39,39,33,33,29,20,30,51,42,63,37,70,70,59,50,37,23,44,36,57,57,43,43,46,46,80,80,24,80,80,80,66,0,0],"gold":44,"neow_bonus":"TWO_FIFTY_GOLD","is_daily":false,"chose_seed":false,"campfire_upgraded":4,"win_rate":0.0,"timestamp":1612157259,"path_taken":["M","?","?","?","?","R","E","R","T","M","?","E","M","M","R","BOSS","M","$","M","M","?","E","R","E","T","M","?","M","R","M","R","BOSS","M","M","M","M","M","R","E","R","T","E","$","M","?","?","R","BOSS","R","$","E","BOSS"],"items_purchased_type":["Card","Relic","Card","Relic","Card","Relic","Relic","Card","Potion","Potion"],"build_version":"2020-12-18","purchased_purges":0,"victory":false,"max_hp_per_floor":[70,70,70,70,70,70,70,70,70,70,70,70,70,70,70,70,70,70,70,70,70,70,70,70,70,70,70,70,70,70,70,70,70,70,70,70,70,70,70,70,70,70,70,70,70,70,70,80,80,80,80,80,80,80,80,80],"relic_stats":{"Lizard Tail":40,"counters":[30,159],"Tiny Chest":1,"Pandora\u0027s Box":["theMarked:Improvise","theMarked:Maelstrom","theMarked:Heritage","theMarked:Static","theMarked:Panic","theMarked:ElectricStrings","theMarked:Toughness","theMarked:WardOff","theMarked:WardOff"],"PreservedInsect":321,"Ginger":[13],"Orichalcum":[138],"obtain_stats":[{"Potion Belt":25,"theMarked:NailFile":54,"Vajra":23,"GremlinMask":3,"PreservedInsect":22,"The Courier":44,"Ginger":45,"Orichalcum":19,"Mercury Hourglass":26,"ClockworkSouvenir":45,"theMarked:ArtifactOfAir":0,"Lizard Tail":41,"Tiny Chest":7,"Pandora\u0027s Box":17,"Fusion Hammer":34,"Bag of Marbles":43,"Toxic Egg 2":9,"Meat on the Bone":12},{"Potion Belt":14,"theMarked:NailFile":29,"Vajra":13,"GremlinMask":1,"PreservedInsect":12,"The Courier":26,"Ginger":26,"Orichalcum":10,"Mercury Hourglass":14,"ClockworkSouvenir":26,"theMarked:ArtifactOfAir":0,"Lizard Tail":25,"Tiny Chest":4,"Pandora\u0027s Box":9,"Fusion Hammer":19,"Bag of Marbles":25,"Toxic Egg 2":4,"Meat on the Bone":6},{"Potion Belt":71,"theMarked:NailFile":148,"Vajra":66,"GremlinMask":3,"PreservedInsect":61,"The Courier":132,"Ginger":132,"Orichalcum":49,"Mercury Hourglass":71,"ClockworkSouvenir":132,"theMarked:ArtifactOfAir":0,"Lizard Tail":127,"Tiny Chest":20,"Pandora\u0027s Box":44,"Fusion Hammer":99,"Bag of Marbles":127,"Toxic Egg 2":20,"Meat on the Bone":28}],"Meat on the Bone":144,"Mercury Hourglass":[299]},"card_choices":[{"not_picked":["theMarked:Generate","theMarked:ChainLightning"],"picked":"theMarked:HeightenedSenses","floor":1.0},{"not_picked":["theMarked:TakeCover","theMarked:ResourceFulStrike"],"picked":"theMarked:WardOff","floor":4.0},{"not_picked":["theMarked:WardOff","theMarked:Improvise"],"picked":"theMarked:DispelDoubt","floor":5.0},{"not_picked":["theMarked:ContemptForTheProud","theMarked:GodGivenPower"],"picked":"theMarked:ChannelForce","floor":7.0},{"not_picked":["theMarked:Generate+1","theMarked:Overthink+1"],"picked":"theMarked:Improvise+1","floor":10.0},{"not_picked":["theMarked:ContemptForTheProud","theMarked:BanishingStrike"],"picked":"theMarked:StartUp","floor":12.0},{"not_picked":["theMarked:ElectricStrings","theMarked:CreepingChasm+1"],"picked":"theMarked:EnhanceMovement+1","floor":13.0},{"not_picked":["theMarked:Reabsorb+1","theMarked:Parkour"],"picked":"theMarked:EmpowerWeapon+1","floor":14.0},{"not_picked":["theMarked:ThrowWeapon","theMarked:DispelDoubt"],"picked":"theMarked:Toughness","floor":16.0},{"not_picked":["theMarked:TwofoldDefense+1","theMarked:ChainLightning","theMarked:Improvise+1"],"picked":"SKIP","floor":18.0},{"not_picked":["theMarked:TakeCover+1","theMarked:BanishingStrike","theMarked:Parkour"],"picked":"SKIP","floor":20.0},{"not_picked":["theMarked:WardOff+1","theMarked:ElectricStrings"],"picked":"theMarked:EmpowerWeapon+1","floor":21.0},{"not_picked":["theMarked:MagusForm","theMarked:Improvise+1"],"picked":"theMarked:Friction+1","floor":23.0},{"not_picked":["theMarked:Standoff","theMarked:Improvise+1","theMarked:TwofoldDefense+1"],"picked":"SKIP","floor":25.0},{"not_picked":["theMarked:SwordAndMagic","theMarked:Improvise+1"],"picked":"theMarked:Overthink+1","floor":27.0},{"not_picked":["theMarked:AttractMetal+1","theMarked:Reabsorb+1"],"picked":"theMarked:BanishingWave","floor":28.0},{"not_picked":["theMarked:Improvise+1","theMarked:ElectricStrings"],"picked":"theMarked:EmpowerWeapon+1","floor":29.0},{"not_picked":["theMarked:Electrocute","theMarked:TwofoldDefense+1"],"picked":"theMarked:BanishingWave","floor":31.0},{"not_picked":["theMarked:Snap","theMarked:ThrowWeapon"],"picked":"theMarked:BindingBlade+1","floor":33.0},{"not_picked":["theMarked:ElectricStrings+1","theMarked:KeepCalmAndFight+1"],"picked":"theMarked:Pokerface+1","floor":35.0},{"not_picked":["theMarked:Improvise+1","theMarked:RepellingDischarge+1"],"picked":"theMarked:BanishingStrike+1","floor":36.0},{"not_picked":["theMarked:Reabsorb+1","theMarked:MysticalArsenal+1","theMarked:Improvise+1"],"picked":"SKIP","floor":37},{"not_picked":["theMarked:ElectricStrings","theMarked:ChainLightning","theMarked:Toughness"],"picked":"SKIP","floor":38},{"not_picked":["theMarked:Memento+1","theMarked:Improvise+1"],"picked":"theMarked:EmpowerWeapon+1","floor":39},{"not_picked":["theMarked:ParalyzingBlade+1","theMarked:Pokerface+1"],"picked":"theMarked:Convert+1","floor":41},{"not_picked":["theMarked:GodGivenPower","theMarked:Heritage+1"],"picked":"theMarked:ResourceFulStrike+1","floor":44},{"not_picked":["theMarked:HeightenedSenses+1","theMarked:CreepingChasm+1"],"picked":"theMarked:PowerFlow+1","floor":46},{"not_picked":["theMarked:MysticalArsenal","theMarked:SwordAndMagic"],"picked":"theMarked:WardOff+1","floor":54}],"player_experience":881635,"relics_obtained":[{"floor":7.0,"key":"Tiny Chest"},{"floor":9.0,"key":"Toxic Egg 2"},{"floor":12.0,"key":"Meat on the Bone"},{"floor":23.0,"key":"Vajra"},{"floor":25.0,"key":"Potion Belt"},{"floor":26.0,"key":"Mercury Hourglass"},{"floor":41,"key":"Lizard Tail"},{"floor":43,"key":"Bag of Marbles"},{"floor":44,"key":"The Courier"},{"floor":54,"key":"theMarked:NailFile"}],"event_choices":[{"damage_healed":17.0,"max_hp_gain":0.0,"max_hp_loss":0.0,"gold_gain":0.0,"event_name":"The Cleric","player_choice":"Healed","floor":2.0,"gold_loss":35.0,"damage_taken":0.0},{"damage_healed":0.0,"max_hp_gain":0.0,"max_hp_loss":0.0,"gold_gain":0.0,"event_name":"FaceTrader","player_choice":"Trade","floor":3.0,"gold_loss":0.0,"damage_taken":0.0,"relics_obtained":["GremlinMask"]},{"damage_healed":0.0,"max_hp_gain":0.0,"max_hp_loss":0.0,"gold_gain":0.0,"event_name":"The Woman in Blue","player_choice":"Bought 3 Potions","floor":11.0,"gold_loss":0.0,"damage_taken":0.0},{"cards_removed":["theMarked:DispelDoubt"],"damage_healed":24,"gold_gain":0,"player_choice":"Offered Rare","damage_taken":0,"max_hp_gain":10,"max_hp_loss":0,"event_name":"Bonfire Elementals","floor":48,"gold_loss":0}],"is_beta":true,"boss_relics":[{"not_picked":["Tiny House","Astrolabe"],"picked":"Pandora\u0027s Box"},{"not_picked":["theMarked:BronzeBlade","Velvet Choker"],"picked":"Fusion Hammer"}],"items_purged_floors":[],"is_endless":false,"potions_floor_spawned":[1,10,12,14,20,21,23,27,36,38,41,46],"killed_by":"The Heart","ascension_level":1}}