{"host":"2zjdcgw4be5n15ja","time":1612174553,"event":{"mods":["2.2 Compatiblity","AchievementEnabler","BaseMod","Bestiary","Better Skull","Better Third Choice","BetterRewards","Colored Powertips","Downfall","Hermit","Marisa????????","Marked Mod","Minty Spire (QoL Compilation)","Quick Restart","Rare Cards Sparkle","Reimu??????","Relic Stats","Reliquary","Replay The Spire","StSLib","The Bug Knight","The Problem Sleuth","The Runesmith"],"gold_per_floor":[118,418,429,429,379,379,456,456,511,529,541,541,566,361,361,464,464,474,491,510,560,578,606,606,622,622,648,648,648,648,648],"floor_reached":30,"language":"ENG","playtime":2936,"items_purged":[],"score":260,"play_id":"474d4c4f-0139-4d0c-a314-83d5dba1449c","local_time":"20210201231553","is_ascension_mode":true,"campfire_choices":[{"floor":6,"key":"RECALL"},{"floor":8,"key":"REST"},{"floor":15,"key":"REST"},{"floor":24,"key":"REST"}],"circlet_count":0,"master_deck":["Strike_G","Strike_G","Strike_G","Strike_G","Strike_G","Defend_G","Defend_G","Defend_G","Defend_G","Survivor","Neutralize","Eviscerate","Blade Dance","CurseOfTheBell","CurseOfTheBell","Die Die Die","Tactician","Corpse Explosion","Acrobatics","Wraith Form v2","ReplayTheSpireMod:Necrosis+1","Dagger Spray","Dagger Throw","Prepared","Infinite Blades","Hidden Blade","Night Terror","Poisoned Stab","Underhanded Strike+1","Accuracy+1","Flechettes","All Out Attack+1","Pain","downfall:Bewildered"],"relics":["Ring of the Snake","downfall:ExtraCursedBell","Strawberry","Garlic","Old Coin","Potion Belt","Replay:Rubber Ducky","HoveringKite","reliquary:Sideboard","Iron Hammer","Juzu Bracelet","WarpedTongs","sneckomod:BabySnecko"],"acts_visited":["Exordium","TheCity"],"potions_floor_usage":[16,16,16,18,22,23,23,30],"damage_taken":[{"damage":4,"enemies":"2 Louse","floor":1,"turns":4},{"damage":3,"enemies":"Jaw Worm","floor":3,"turns":2},{"damage":8,"enemies":"Small Slimes","floor":10,"turns":3},{"damage":0,"enemies":"2 Fungi Beasts","floor":11,"turns":2},{"damage":20,"enemies":"3 Sentries","floor":13,"turns":4},{"damage":54,"enemies":"Hexaghost","floor":16,"turns":10},{"damage":25,"enemies":"Chosen","floor":18,"turns":5},{"damage":5,"enemies":"Spheric Guardian","floor":19,"turns":5},{"damage":1,"enemies":"Cultist and Chosen","floor":20,"turns":4},{"damage":13,"enemies":"Snake Plant","floor":22,"turns":6},{"damage":25,"enemies":"Gremlin Leader","floor":23,"turns":7},{"damage":11,"enemies":"Chosen and Byrds","floor":25,"turns":4},{"damage":22,"enemies":"Shelled Parasite and Fungi","floor":30,"turns":2}],"seed_played":"601304071517823265","potions_obtained":[{"floor":7,"key":"Death Potion"},{"floor":7,"key":"GhostInAJar"},{"floor":7,"key":"Fire Potion"},{"floor":10,"key":"LiquidBronze"},{"floor":11,"key":"Regen Potion"},{"floor":16,"key":"DistilledChaos"},{"floor":19,"key":"SkillPotion"},{"floor":22,"key":"GrandPatriotsElixir:ReiMu"},{"floor":25,"key":"ZuzhouPotion:ReiMu"}],"is_trial":false,"path_per_floor":["M","?","M","T","?","R","?","R","T","M","M","?","E","$","R","B",null,"M","M","M","?","M","E","R","M","T","T","?","?","M"],"character_chosen":"THE_SILENT","items_purchased":["Dagger Throw","Prepared","Infinite Blades","Hidden Blade"],"campfire_rested":3,"item_purchase_floors":[14,14,14,14],"current_hp_per_floor":[66,73,70,70,70,70,40,63,63,55,55,55,35,35,58,9,77,52,47,46,46,33,8,31,20,20,20,20,20,0,0],"gold":648,"neow_bonus":"THREE_CARDS","is_daily":false,"chose_seed":false,"campfire_upgraded":0,"win_rate":0.0,"timestamp":1612174553,"path_taken":["M","?","M","?","?","R","?","R","T","?","M","?","E","$","R","BOSS","M","M","M","?","M","E","R","?","T","?","?","?","M"],"items_purchased_type":["Card","Card","Card","Card"],"build_version":"2020-12-22","purchased_purges":0,"victory":false,"max_hp_per_floor":[70,77,77,77,77,77,77,77,77,77,77,77,77,77,77,77,77,77,77,77,77,77,77,77,77,77,77,77,77,77,77],"relic_stats":{"counters":[13,58],"HoveringKite":[15],"Juzu Bracelet":1,"obtain_stats":[{"Potion Belt":9,"reliquary:Sideboard":23,"HoveringKite":17,"Juzu Bracelet":27,"Old Coin":2,"Replay:Rubber Ducky":13,"WarpedTongs":28,"sneckomod:BabySnecko":29,"Strawberry":2,"Iron Hammer":26,"Garlic":2,"downfall:ExtraCursedBell":2,"Ring of the Snake":0},{"Potion Belt":2,"reliquary:Sideboard":11,"HoveringKite":6,"Juzu Bracelet":12,"Old Coin":1,"Replay:Rubber Ducky":5,"WarpedTongs":12,"sneckomod:BabySnecko":12,"Strawberry":1,"Iron Hammer":12,"Garlic":1,"downfall:ExtraCursedBell":1,"Ring of the Snake":0},{"Potion Belt":6,"reliquary:Sideboard":52,"HoveringKite":25,"Juzu Bracelet":56,"Old Coin":4,"Replay:Rubber Ducky":15,"WarpedTongs":56,"sneckomod:BabySnecko":56,"Strawberry":4,"Iron Hammer":56,"Garlic":4,"downfall:ExtraCursedBell":4,"Ring of the Snake":0}],"Ring of the Snake":[26],"WarpedTongs":[1]},"card_choices":[{"not_picked":["Prepared","Slice"],"picked":"Eviscerate","floor":0},{"not_picked":["Underhanded Strike","Bane"],"picked":"Blade Dance","floor":1},{"not_picked":["Well Laid Plans","Outmaneuver"],"picked":"Tactician","floor":3},{"not_picked":["Backflip","Dodge and Roll"],"picked":"Corpse Explosion","floor":7},{"not_picked":["Underhanded Strike","Flying Knee"],"picked":"Acrobatics","floor":10},{"not_picked":["Hidden Blade","Dodge and Roll"],"picked":"Wraith Form v2","floor":11},{"not_picked":["Cloak And Dagger","Slice"],"picked":"Dagger Spray","floor":13},{"not_picked":["Wraith Form v2","A Thousand Cuts"],"picked":"Night Terror","floor":16},{"not_picked":["Backflip","Blade Dance"],"picked":"Poisoned Stab","floor":18},{"not_picked":["Masterful Stab","Sucker Punch+1"],"picked":"Underhanded Strike+1","floor":19},{"not_picked":["ReplayTheSpireMod:The Works","Slice"],"picked":"Accuracy+1","floor":20},{"not_picked":["Escape Plan","Hidden Blade"],"picked":"Flechettes","floor":22},{"not_picked":["Crippling Poison","Flechettes"],"picked":"All Out Attack+1","floor":23},{"not_picked":["ReplayTheSpireMod:Speed Training+1","Quick Slash"],"picked":"Backflip+1","floor":25}],"player_experience":373743,"relics_obtained":[{"floor":2,"key":"Strawberry"},{"floor":2,"key":"Garlic"},{"floor":2,"key":"Old Coin"},{"floor":9,"key":"Potion Belt"},{"floor":13,"key":"Replay:Rubber Ducky"},{"floor":23,"key":"reliquary:Sideboard"},{"floor":26,"key":"Iron Hammer"},{"floor":27,"key":"Juzu Bracelet"}],"event_choices":[{"cards_removed":["Writhe"],"damage_healed":0,"gold_gain":0,"player_choice":"Card Removal","damage_taken":0,"max_hp_gain":0,"max_hp_loss":0,"event_name":"The Cleric","floor":5,"gold_loss":50},{"damage_healed":0,"gold_gain":100,"player_choice":"Bet on Murderer","damage_taken":0,"max_hp_gain":0,"max_hp_loss":0,"event_name":"The Joust","floor":21,"gold_loss":50},{"damage_healed":0,"gold_gain":0,"player_choice":"Rummage","damage_taken":0,"relics_obtained":["WarpedTongs"],"max_hp_gain":0,"max_hp_loss":0,"event_name":"Accursed Blacksmith","floor":28,"gold_loss":0,"cards_obtained":["Pain"]}],"is_beta":false,"boss_relics":[{"not_picked":["Velvet Choker","reliquary:Ember"],"picked":"HoveringKite"}],"items_purged_floors":[],"is_endless":false,"potions_floor_spawned":[10,11,16,19,22,25],"killed_by":"Shelled Parasite and Fungi","ascension_level":1}}