{"host":"08z5bj28eube4vug","time":1612223679,"event":{"mods":["2.2 Compatiblity","Abigail Mod","Act Like it!","BaseMod","Beaked The Cultist","Bestiary","Friendly Minions","Gensokyo","GungeonMod","Hallownest","Kiyohime????","Koishi","Lobotomy","Marisa????????","Minty Spire (QoL Compilation)","Prisma Mod","Remilia??????","Replay The Spire","StSLib","Td1madao Mod","The Alterego","The Bug Knight","The Jungle","The Sage","The Senshi","The Servant 0.9.4","Waifu the Spire","WarShipGirlsR/????R mod","Yuri Mod"],"gold_per_floor":[113,127,77,93,111,139,139,171,171,195,195,226,226,301,301,399,399,418,388,406,441,68,118,118,151,151,168,168,183,183,31,31,133,133,151,46,83,98,112,112,157,157,157,137,137,137,177,208,208,224],"floor_reached":51,"language":"ENG","playtime":3626,"items_purged":[],"score":1143,"play_id":"3dfe79df-050f-4c97-b047-2544426be3e2","local_time":"20210202025439","is_ascension_mode":true,"campfire_choices":[{"floor":7,"key":"REST"},{"data":"PrismaMod:IllyaFriendMaker","floor":11,"key":"SMITH"},{"floor":13,"key":"DIG"},{"floor":15,"key":"DIG"},{"floor":24,"key":"DIG"},{"floor":28,"key":"DIG"},{"floor":32,"key":"DIG"},{"data":"PrismaMod:IllyaUncommonDefend","floor":40,"key":"SMITH"},{"floor":42,"key":"DIG"},{"data":"PrismaMod:IllyaFriendMaker","floor":46,"key":"SMITH"},{"floor":49,"key":"DIG"}],"circlet_count":0,"master_deck":["PrismaMod:IllyaCommonAttack","PrismaMod:IllyaCommonDefend","PrismaMod:IllyaCommonAttack+1","PrismaMod:IllyaCommonDefend","PrismaMod:IllyaCommonAttack+1","PrismaMod:IllyaCommonDefend","PrismaMod:IllyaCommonAttack","PrismaMod:IllyaCommonDefend","PrismaMod:IllyaUncommonAttack","PrismaMod:IllyaUncommonDefend+1","PrismaMod:IllyaUncommonAOEAttack","PrismaMod:IllyaFriendMaker+1","PrismaMod:IllyaCommandSeal","PrismaMod:IllyaStunPoison","PrismaMod:IllyaCarnivalPrismaAstolfo","PrismaMod:IllyaDevil","PrismaMod:IllyaCarnivalDefend","PrismaMod:IllyaPoisonTippedWeapons","PrismaMod:IllyaRubysPotion+1","PrismaMod:IllyaCarnivalAttack","PrismaMod:IllyaMinorReinForce","PrismaMod:IllyaFeed","PrismaMod:IllyaStunPoison","PrismaMod:IllyaUncommonDefend+1","PrismaMod:IllyaCarnivalPrismaAstolfo","PrismaMod:IllyaFriendMaker+1"],"relics":["PrismaMod:PrismaRuby","DemoMod:PartiallyEatenCheese","Chameleon Ring","Shovel","Odd Mushroom","theSenshi:SailorFukuRelic","Strawberry","Pen Nib","Replay:Bronze Core","Anchor","Dream Catcher","Nunchaku","theSenshi:SuperSailorFukuRelic","TungstenRod","Calipers","Whetstone","HollowMod:LifeEnderRelic","Busted Crown","DemoMod:Metronome","ReplayTheSpireMod:Lightbulb","Vajra","Replay:Bandana","Gremlin Food"],"acts_visited":["Exordium","TheCity","TheBeyond"],"potions_floor_usage":[2,10,10,16,18,21,27,33,39,47],"damage_taken":[{"damage":4,"enemies":"Small Slimes","floor":1,"turns":3},{"damage":0,"enemies":"2 Louse","floor":2,"turns":3},{"damage":0,"enemies":"Cultist","floor":4,"turns":3},{"damage":2,"enemies":"Exordium Thugs","floor":5,"turns":6},{"damage":25,"enemies":"Lagavulin","floor":6,"turns":8},{"damage":10,"enemies":"HollowMod:MossKnight","floor":8,"turns":13},{"damage":3,"enemies":"The Mushroom Lair","floor":10,"turns":4},{"damage":24,"enemies":"3 Sentries","floor":12,"turns":7},{"damage":10,"enemies":"The Guardian","floor":16,"turns":9},{"damage":0,"enemies":"2 Thieves","floor":18,"turns":5},{"damage":0,"enemies":"Centurion and Healer","floor":20,"turns":7},{"damage":0,"enemies":"Shelled Parasite and Fungi","floor":21,"turns":3},{"damage":15,"enemies":"Gremlin Leader","floor":23,"turns":4},{"damage":1,"enemies":"HollowMod:Nosk","floor":25,"turns":8},{"damage":5,"enemies":"Cultist and Chosen","floor":27,"turns":7},{"damage":0,"enemies":"Snecko","floor":29,"turns":5},{"damage":0,"enemies":"Collector","floor":33,"turns":12},{"damage":0,"enemies":"3 Shapes","floor":35,"turns":6},{"damage":0,"enemies":"Orb Walker","floor":37,"turns":5},{"damage":0,"enemies":"Spire Growth","floor":38,"turns":6},{"damage":1,"enemies":"Sphere and 2 Shapes","floor":39,"turns":8},{"damage":0,"enemies":"R_Hoarder","floor":41,"turns":12},{"damage":1,"enemies":"Transient","floor":47,"turns":5},{"damage":2,"enemies":"Giant Head","floor":48,"turns":9},{"damage":16,"enemies":"Donu and Deca","floor":50,"turns":11}],"seed_played":"2838133579533929101","potions_obtained":[{"floor":1,"key":"Adrenaline Potion"},{"floor":6,"key":"Ancient Potion"},{"floor":8,"key":"Energy Potion"},{"floor":12,"key":"DistilledChaos"},{"floor":16,"key":"Swift Potion"},{"floor":18,"key":"DistilledChaos"},{"floor":19,"key":"Swift Potion"},{"floor":19,"key":"Death Potion"},{"floor":25,"key":"SpeedPotion"},{"floor":27,"key":"Elixir"},{"floor":29,"key":"Dexterity Potion"},{"floor":35,"key":"SteroidPotion"}],"is_trial":false,"path_per_floor":["M","M","?","M","M","E","R","E","T","?","R","E","R","?","R","B",null,"M","?","M","M","$","E","R","E","T","M","R","M","?","$","R","B",null,"M","$","M","M","M","R","E","R","T","?","?","R","M","E","R","B",null],"character_chosen":"ILLYA","items_purchased":["Anchor","PrismaMod:IllyaCarnivalAttack","PrismaMod:IllyaMinorReinForce","Whetstone","FairyPotion"],"campfire_rested":1,"item_purchase_floors":[22,22,22,31,36],"current_hp_per_floor":[64,64,64,64,62,37,59,52,52,49,49,30,37,26,26,19,68,73,73,76,79,79,72,72,79,79,88,88,88,88,88,88,88,88,88,88,88,88,87,87,88,88,88,88,88,88,87,86,86,88],"gold":224,"neow_bonus":"UPGRADE_CARD","is_daily":false,"chose_seed":false,"campfire_upgraded":3,"win_rate":0.0,"timestamp":1612223679,"path_taken":["M","M","?","M","M","E","R","E","T","?","R","E","R","?","R","BOSS","M","?","M","M","$","E","R","E","T","M","R","?","?","$","R","BOSS","M","$","M","M","M","R","E","R","T","?","?","R","M","E","R","BOSS"],"items_purchased_type":["Relic","Card","Card","Relic","Potion"],"build_version":"2020-12-22","purchased_purges":0,"victory":true,"max_hp_per_floor":[75,75,75,75,75,75,75,75,75,75,75,77,84,84,84,84,84,86,86,86,86,86,86,86,86,86,88,88,88,88,88,88,88,88,88,88,88,88,88,88,88,88,88,88,88,88,88,88,88,88],"card_choices":[{"not_picked":["PrismaMod:IllyaMinorRapidFire","PrismaMod:IllyaBoysLove"],"picked":"PrismaMod:IllyaUncommonAOEAttack","floor":1},{"not_picked":["PrismaMod:IllyaUncommonAOEAttack","PrismaMod:IllyaBlindPoisonToss","PrismaMod:IllyaBoysLove"],"picked":"SKIP","floor":2},{"not_picked":["PrismaMod:IllyaGun","PrismaMod:IllyaCommonEvoke"],"picked":"PrismaMod:IllyaFriendMaker","floor":4},{"not_picked":["PrismaMod:IllyaReinForce","PrismaMod:IllyaPoisoningPhantasm","PrismaMod:IllyaDetonatingBlow"],"picked":"SKIP","floor":5},{"not_picked":["PrismaMod:IllyaPoisonBlock","PrismaMod:IllyaBerserCAR"],"picked":"PrismaMod:IllyaCommandSeal","floor":6},{"not_picked":["PrismaMod:IllyaCheapChannelPoison","PrismaMod:IllyaFeed"],"picked":"PrismaMod:IllyaStunPoison","floor":8},{"not_picked":["PrismaMod:IllyaUncommonAOEAttack","PrismaMod:IllyaCheapChannelAttack"],"picked":"PrismaMod:IllyaCarnivalPrismaAstolfo","floor":10},{"not_picked":["PrismaMod:IllyaCommonEvoke","PrismaMod:IllyaRapidFire"],"picked":"PrismaMod:IllyaDevil","floor":12},{"not_picked":["PrismaMod:IllyaInstallMoonCancer","PrismaMod:IllyaCarnivalAttack"],"picked":"PrismaMod:IllyaCarnivalDefend","floor":16},{"not_picked":["PrismaMod:IllyaMinorZwei+1","PrismaMod:IllyaHassanGift+1"],"picked":"PrismaMod:IllyaPoisonTippedWeapons","floor":18},{"not_picked":["PrismaMod:IllyaStunPoison","PrismaMod:IllyaRussianRoulette","PrismaMod:IllyaMaid+1"],"picked":"SKIP","floor":20},{"not_picked":["PrismaMod:IllyaUpgradeOrbs+1","PrismaMod:IllyaCheapChannelPoison"],"picked":"PrismaMod:IllyaRubysPotion+1","floor":21},{"not_picked":["PrismaMod:IllyaMinorRapidFire","PrismaMod:IllyaRubysPotion","PrismaMod:IllyaPoisonBlock"],"picked":"SKIP","floor":23},{"not_picked":["PrismaMod:IllyaMaid","PrismaMod:IllyaUberAttackChannel"],"picked":"PrismaMod:IllyaFeed","floor":25},{"not_picked":["PrismaMod:IllyaAlice+1","PrismaMod:IllyaSaphire"],"picked":"PrismaMod:IllyaStunPoison","floor":27},{"not_picked":["PrismaMod:IllyaGrailKun","PrismaMod:IllyaCheapChannelDefend"],"picked":"PrismaMod:IllyaUncommonDefend","floor":29},{"not_picked":["PrismaMod:IllyaCheapChannelDefend+1"],"picked":"SKIP","floor":35},{"not_picked":["PrismaMod:IllyaPoisoningPhantasm"],"picked":"SKIP","floor":37},{"not_picked":["PrismaMod:IllyaUpgradeOrbs"],"picked":"SKIP","floor":38},{"not_picked":["PrismaMod:IllyaCheapChannelAttack+1"],"picked":"SKIP","floor":39},{"not_picked":["PrismaMod:IllyaCheapChannelAttack+1"],"picked":"SKIP","floor":39},{"not_picked":[],"picked":"PrismaMod:IllyaCarnivalPrismaAstolfo","floor":41},{"not_picked":[],"picked":"PrismaMod:IllyaFriendMaker","floor":44},{"not_picked":["PrismaMod:IllyaCheapChannelPoison+1"],"picked":"SKIP","floor":47},{"not_picked":["PrismaMod:IllyaTestament+1"],"picked":"SKIP","floor":48}],"player_experience":875567,"relics_obtained":[{"floor":6,"key":"DemoMod:PartiallyEatenCheese"},{"floor":8,"key":"Chameleon Ring"},{"floor":9,"key":"Shovel"},{"floor":10,"key":"Odd Mushroom"},{"floor":12,"key":"theSenshi:SailorFukuRelic"},{"floor":13,"key":"Strawberry"},{"floor":15,"key":"Pen Nib"},{"floor":23,"key":"Dream Catcher"},{"floor":24,"key":"Nunchaku"},{"floor":25,"key":"theSenshi:SuperSailorFukuRelic"},{"floor":26,"key":"TungstenRod"},{"floor":28,"key":"Calipers"},{"floor":32,"key":"HollowMod:LifeEnderRelic"},{"floor":41,"key":"DemoMod:Metronome"},{"floor":42,"key":"ReplayTheSpireMod:Lightbulb"},{"floor":43,"key":"Vajra"},{"floor":48,"key":"Replay:Bandana"},{"floor":49,"key":"Gremlin Food"}],"event_choices":[{"cards_removed":["PrismaMod:IllyaCommonAttack"],"damage_healed":0,"gold_gain":0,"player_choice":"Card Removal","damage_taken":0,"max_hp_gain":0,"max_hp_loss":0,"event_name":"The Cleric","floor":3,"gold_loss":50},{"damage_healed":0,"gold_gain":0,"player_choice":"Fought Mushrooms","damage_taken":0,"max_hp_gain":0,"max_hp_loss":0,"event_name":"Mushrooms","floor":10,"gold_loss":0},{"damage_healed":0,"gold_gain":75,"player_choice":"Gather Gold","damage_taken":11,"max_hp_gain":0,"max_hp_loss":0,"event_name":"World of Goop","floor":14,"gold_loss":0},{"damage_healed":0,"gold_gain":0,"player_choice":"Bought 2 Potions","damage_taken":0,"max_hp_gain":0,"max_hp_loss":0,"event_name":"The Woman in Blue","floor":19,"gold_loss":0},{"damage_healed":0,"gold_gain":0,"player_choice":"Ignored","damage_taken":0,"max_hp_gain":0,"max_hp_loss":0,"event_name":"Beggar","floor":30,"gold_loss":0},{"cards_removed":["PrismaMod:IllyaCommonDefend"],"damage_healed":0,"gold_gain":0,"player_choice":"Removed Skill","damage_taken":0,"max_hp_gain":0,"max_hp_loss":0,"event_name":"Falling","floor":45,"gold_loss":0}],"is_beta":false,"boss_relics":[{"not_picked":["sagemod:Falmels_Amulet","Black Star"],"picked":"Replay:Bronze Core"},{"not_picked":["Coffee Dripper","Fusion Hammer"],"picked":"Busted Crown"}],"items_purged_floors":[],"is_endless":false,"potions_floor_spawned":[1,6,8,12,16,18,25,27,29,35,37],"ascension_level":9}}