{"host":"Jackie","time":1612210840,"event":{"mods":["BaseMod","Highlight Path","Minty Spire (QoL Compilation)","Relic Stats","Slay the Relics Exporter","StSLib","Twitch Decklist"],"gold_per_floor":[115,130,145,164,164,194,194,246,269,285,296,296,296,321,321,396,396,414,229,248,52,70,70,88,88,88],"floor_reached":25,"language":"ENG","playtime":7644,"items_purged":["Strike_G"],"score":450,"play_id":"aa42b57b-9871-4705-b96c-c761f85d0973","local_time":"20210201122040","is_ascension_mode":true,"campfire_choices":[{"floor":7,"key":"REST"},{"floor":12,"key":"REST"},{"floor":15,"key":"REST"},{"data":"Catalyst","floor":23,"key":"SMITH"}],"circlet_count":0,"master_deck":["AscendersBane","Strike_G","Defend_G","Defend_G","Defend_G","Defend_G","Defend_G","Survivor","Neutralize","After Image+1","Deadly Poison","Dagger Spray","Predator","Poisoned Stab","Caltrops","Backflip","Catalyst+1","Blade Dance","Blur","Adrenaline","Finisher+1","Eviscerate+1","Slice+1","Master of Strategy","Blade Dance","Noxious Fumes","Calculated Gamble","Corpse Explosion"],"relics":["Ring of the Snake","MealTicket","Omamori","WarpedTongs","Lantern","Astrolabe"],"acts_visited":["Exordium","TheCity"],"potions_floor_usage":[6,8,11,11,14,14,16,22,25],"damage_taken":[{"damage":3,"enemies":"Cultist","floor":1,"turns":5},{"damage":8,"enemies":"Jaw Worm","floor":2,"turns":5},{"damage":0,"enemies":"Small Slimes","floor":3,"turns":4},{"damage":4,"enemies":"Red Slaver","floor":4,"turns":5},{"damage":38,"enemies":"3 Sentries","floor":6,"turns":9},{"damage":19,"enemies":"Gremlin Nob","floor":8,"turns":4},{"damage":3,"enemies":"Blue Slaver","floor":10,"turns":4},{"damage":1,"enemies":"Lots of Slimes","floor":11,"turns":2},{"damage":10,"enemies":"3 Sentries","floor":14,"turns":8},{"damage":20,"enemies":"Hexaghost","floor":16,"turns":13},{"damage":8,"enemies":"Spheric Guardian","floor":18,"turns":4},{"damage":14,"enemies":"Shell Parasite","floor":20,"turns":7},{"damage":9,"enemies":"Cultist and Chosen","floor":22,"turns":7},{"damage":44,"enemies":"Snecko","floor":24,"turns":5},{"damage":8,"enemies":"Slavers","floor":25,"turns":3}],"seed_played":"-5031819720832587539","potions_obtained":[{"floor":4,"key":"BlessingOfTheForge"},{"floor":6,"key":"ColorlessPotion"},{"floor":10,"key":"EntropicBrew"},{"floor":11,"key":"Dexterity Potion"},{"floor":14,"key":"PowerPotion"},{"floor":18,"key":"Block Potion"},{"floor":24,"key":"GhostInAJar"}],"is_trial":false,"path_per_floor":["M","M","M","M","?","E","R","E","T","M","M","R","?","E","R","B",null,"M","$","M","$","M","R","M","E"],"character_chosen":"THE_SILENT","items_purchased":["Master of Strategy","Noxious Fumes","Calculated Gamble"],"campfire_rested":3,"item_purchase_floors":[19,21,21],"current_hp_per_floor":[56,48,48,44,44,6,24,5,5,2,1,19,19,9,27,7,47,39,54,40,55,46,46,2,0,0],"gold":88,"neow_bonus":"THREE_RARE_CARDS","is_daily":false,"chose_seed":true,"campfire_upgraded":1,"win_rate":0.0,"timestamp":1612210840,"path_taken":["M","M","M","M","?","E","R","E","T","M","?","R","?","E","R","BOSS","M","?","M","$","?","R","M","E"],"items_purchased_type":["Card","Card","Card"],"build_version":"2020-12-18","purchased_purges":1,"victory":false,"max_hp_per_floor":[60,60,60,60,60,60,60,60,60,60,60,60,60,60,60,60,60,60,60,60,60,60,60,60,60,60],"relic_stats":{"counters":[15,85],"Astrolabe":["Finisher","Eviscerate","Slice"],"MealTicket":30,"obtain_stats":[{"Lantern":14,"Astrolabe":17,"MealTicket":8,"Omamori":9,"Ring of the Snake":0,"WarpedTongs":13},{"Lantern":9,"Astrolabe":10,"MealTicket":6,"Omamori":6,"Ring of the Snake":0,"WarpedTongs":8},{"Lantern":46,"Astrolabe":59,"MealTicket":32,"Omamori":32,"Ring of the Snake":0,"WarpedTongs":38}],"Ring of the Snake":[30],"WarpedTongs":[45]},"card_choices":[{"not_picked":["Unload","Storm of Steel"],"picked":"After Image","floor":0},{"not_picked":["Deflect","Dagger Spray"],"picked":"Deadly Poison","floor":1},{"not_picked":["Dodge and Roll","Outmaneuver"],"picked":"Dagger Spray","floor":2},{"not_picked":["Blur","Dagger Throw"],"picked":"Predator","floor":3},{"not_picked":["Flechettes","Prepared"],"picked":"Poisoned Stab","floor":4},{"not_picked":["Tactician","Dagger Spray"],"picked":"Caltrops","floor":6},{"not_picked":["Blur","Deadly Poison"],"picked":"Backflip","floor":8},{"not_picked":["Sucker Punch","Poisoned Stab"],"picked":"Catalyst","floor":10},{"not_picked":["Slice","PiercingWail"],"picked":"Blade Dance","floor":11},{"not_picked":["Cloak And Dagger","Storm of Steel"],"picked":"Blur","floor":14},{"not_picked":["Storm of Steel","Unload"],"picked":"Adrenaline","floor":16},{"not_picked":["Outmaneuver","Dagger Spray","Accuracy"],"picked":"SKIP","floor":18},{"not_picked":["Reflex","Cloak And Dagger"],"picked":"Blade Dance","floor":20},{"not_picked":["Blur","Outmaneuver"],"picked":"Corpse Explosion","floor":22},{"not_picked":["Infinite Blades","All Out Attack","Blade Dance"],"picked":"SKIP","floor":24}],"player_experience":2176318,"relics_obtained":[{"floor":8,"key":"MealTicket"},{"floor":9,"key":"Omamori"},{"floor":14,"key":"Lantern"}],"event_choices":[{"damage_healed":0,"gold_gain":0,"player_choice":"Upgraded","damage_taken":0,"max_hp_gain":0,"max_hp_loss":0,"event_name":"Upgrade Shrine","floor":5,"gold_loss":0,"cards_upgraded":["After Image"]},{"damage_healed":0,"gold_gain":0,"player_choice":"Rummage","damage_taken":0,"relics_obtained":["WarpedTongs"],"max_hp_gain":0,"max_hp_loss":0,"event_name":"Accursed Blacksmith","floor":13,"gold_loss":0,"cards_obtained":["Pain"]}],"is_beta":true,"boss_relics":[{"not_picked":["SlaversCollar","Fusion Hammer"],"picked":"Astrolabe"}],"items_purged_floors":[21],"is_endless":false,"potions_floor_spawned":[4,6,10,11,14,18,24],"killed_by":"Slavers","ascension_level":20}}