{"host":"h0xw20cia6ppa69g","time":1612173644,"event":{"mods":["AchievementEnabler","BaseMod","Colored Map","Filter the Spire","Googly Eyes","Minty Spire (QoL Compilation)","Relic Stats","StSLib","The Awakened One except there are too many feathers","everything is the same but u backflip on backflip"],"gold_per_floor":[110,110,110,110,130,130,171,171,171,211,211,226,226,262,262,382,382,400,400,67,87,110,148,148,148,148,148,148,179,254,254,254,382,382,398,1397,1397,1730,1747,1774,1774,1808,1808,1825,1097,1097,1132,1148,1148,1148,1148,1148,201,236,236],"floor_reached":56,"language":"ENG","playtime":2919,"items_purged":["Normality","Normality"],"score":1475,"play_id":"6f84f414-2541-429a-9604-bff9dc0d3da7","local_time":"20210201040044","is_ascension_mode":true,"campfire_choices":[{"data":"Combust","floor":6.0,"key":"SMITH"},{"data":"Inflame","floor":8.0,"key":"SMITH"},{"data":"Evolve","floor":11.0,"key":"SMITH"},{"data":"Bash","floor":15.0,"key":"SMITH"},{"data":"Berserk","floor":25.0,"key":"SMITH"},{"data":"Fire Breathing","floor":28.0,"key":"SMITH"},{"data":"Power Through","floor":32,"key":"SMITH"},{"floor":41,"key":"RECALL"},{"data":"Juggernaut","floor":46,"key":"SMITH"},{"data":"Feed","floor":49,"key":"SMITH"},{"data":"Sword Boomerang","floor":52,"key":"SMITH"}],"circlet_count":0,"master_deck":["Bash+1","Evolve+1","Combust+1","Inflame+1","Power Through+1","Power Through+1","Twin Strike","Reaper","Shrug It Off+1","True Grit+1","Demon Form+1","Inflame","Warcry+1","Infernal Blade+1","Fire Breathing+1","Infernal Blade+1","Sword Boomerang+1","Second Wind+1","Spot Weakness+1","Feel No Pain+1","Berserk+1","Ghostly+1","Ghostly+1","Ghostly+1","Ghostly+1","Ghostly+1","Writhe","Intimidate+1","Power Through+1","Feed+1","True Grit+1","Jack Of All Trades+1","Panacea+1","Disarm+1","Entrench+1","Shrug It Off+1","Second Wind+1","Juggernaut+1","Shrug It Off+1","Entrench+1","Burning Pact+1","Dark Embrace","Reaper","Battle Trance+1"],"relics":["Burning Blood","NeowsBlessing","Mango","Gambling Chip","Boot","Toxic Egg 2","Odd Mushroom","Pandora\u0027s Box","Paper Frog","Regal Pillow","Blue Candle","Mummified Hand","Juzu Bracelet","Black Star","Incense Burner","Shuriken","War Paint","Darkstone Periapt","Kunai","TheAbacus","Question Card","Unceasing Top","Pantograph","StrikeDummy","Cauldron","Vajra","Art of War"],"acts_visited":["Exordium","TheCity","TheBeyond","TheEnding"],"potions_floor_usage":[44,47,50,55,55,55],"damage_taken":[{"damage":0.0,"enemies":"2 Louse","floor":1.0,"turns":1.0},{"damage":0.0,"enemies":"Small Slimes","floor":5.0,"turns":2.0},{"damage":0.0,"enemies":"3 Sentries","floor":7.0,"turns":1.0},{"damage":24.0,"enemies":"Lagavulin","floor":10.0,"turns":8.0},{"damage":0.0,"enemies":"Jaw Worm","floor":12.0,"turns":5.0},{"damage":5.0,"enemies":"The Mushroom Lair","floor":14.0,"turns":4.0},{"damage":44.0,"enemies":"The Guardian","floor":16.0,"turns":12.0},{"damage":3.0,"enemies":"3 Byrds","floor":18.0,"turns":4.0},{"damage":0.0,"enemies":"Spheric Guardian","floor":21.0,"turns":5.0},{"damage":5.0,"enemies":"Snecko","floor":22.0,"turns":7.0},{"damage":30.0,"enemies":"Book of Stabbing","floor":23.0,"turns":9.0},{"damage":16.0,"enemies":"Gremlin Leader","floor":29.0,"turns":7.0},{"damage":17,"enemies":"Champ","floor":33,"turns":13},{"damage":9,"enemies":"3 Darklings","floor":35,"turns":3},{"damage":1,"enemies":"Orb Walker","floor":39,"turns":6},{"damage":14,"enemies":"Giant Head","floor":40,"turns":10},{"damage":7,"enemies":"Reptomancer","floor":42,"turns":9},{"damage":1,"enemies":"Jaw Worm Horde","floor":44,"turns":8},{"damage":9,"enemies":"Nemesis","floor":47,"turns":9},{"damage":1,"enemies":"Transient","floor":48,"turns":5},{"damage":42,"enemies":"Awakened One","floor":50,"turns":20},{"damage":61,"enemies":"Shield and Spear","floor":54,"turns":8},{"damage":16,"enemies":"The Heart","floor":55,"turns":12}],"seed_played":"976421015755970618","potions_obtained":[{"floor":7.0,"key":"SneckoOil"},{"floor":12.0,"key":"Fire Potion"},{"floor":14.0,"key":"ElixirPotion"},{"floor":18.0,"key":"Energy Potion"},{"floor":33,"key":"DistilledChaos"},{"floor":35,"key":"PowerPotion"},{"floor":47,"key":"ColorlessPotion"},{"floor":48,"key":"SmokeBomb"},{"floor":53,"key":"Dexterity Potion"},{"floor":53,"key":"BlessingOfTheForge"}],"is_trial":false,"path_per_floor":["M","$","?","?","M","R","E","R","T","E","R","M","?","?","R","B",null,"M","?","$","M","M","E","?","R","T","?","R","E","?","?","R","B",null,"M","?","?","?","M","E","R","E","T","M","$","R","E","M","R","B",null,"R","$","E","B",null],"character_chosen":"IRONCLAD","items_purchased":["Paper Frog","Second Wind+1","Second Wind+1","Kunai","Juggernaut","TheAbacus","Shrug It Off+1","Dark Embrace","Pantograph","StrikeDummy","Cauldron","Reaper"],"campfire_rested":0,"item_purchase_floors":[20,20,45,45,45,45,45,53,53,53,53,53],"current_hp_per_floor":[80,80,60,44,50,50,70,70,70,52,52,58,51,52,52,14,94,94,94,94,94,94,94,47,47,47,47,47,47,43,43,43,47,47,44,44,34,34,47,47,47,50,50,50,50,50,47,50,50,54,54,54,54,7,58],"gold":236,"neow_bonus":"THREE_ENEMY_KILL","is_daily":false,"chose_seed":false,"campfire_upgraded":10,"win_rate":0.0,"timestamp":1612173644,"path_taken":["M","$","?","?","M","R","E","R","T","E","R","M","?","?","R","BOSS","M","?","$","?","M","E","?","R","T","?","R","E","?","?","R","BOSS","M","?","?","?","M","E","R","E","T","M","$","R","E","M","R","BOSS","R","$","E","BOSS"],"items_purchased_type":["Relic","Card","Card","Relic","Card","Relic","Card","Card","Relic","Relic","Relic","Card"],"build_version":"2020-12-22","purchased_purges":2,"victory":true,"max_hp_per_floor":[80,80,80,80,80,80,94,94,94,94,94,94,94,94,94,94,94,94,94,94,94,94,94,47,47,47,47,47,47,47,47,47,47,47,47,47,47,47,47,47,47,50,50,50,50,50,50,50,50,54,54,54,54,54,58],"relic_stats":{"Darkstone Periapt":0,"Regal Pillow":0,"counters":[23,168],"Blue Candle":[11],"Juzu Bracelet":1,"War Paint":["Power Through"],"Boot":[41],"Question Card":3,"Burning Blood":66,"TheAbacus":[78],"Mummified Hand":[86],"Shuriken":[0],"Gambling Chip":[54],"Pantograph":25,"Pandora\u0027s Box":["Shrug It Off","True Grit","Demon Form","Inflame","Warcry","Infernal Blade","Fire Breathing","Infernal Blade","Sword Boomerang"],"Black Star":4,"Art of War":[5],"Kunai":[0],"obtain_stats":[{"Darkstone Periapt":42,"Regal Pillow":23,"Vajra":54,"Mango":7,"Juzu Bracelet":29,"Incense Burner":40,"Boot":10,"Burning Blood":0,"TheAbacus":45,"Mummified Hand":27,"Gambling Chip":9,"Pantograph":53,"Kunai":45,"Toxic Egg 2":13,"Paper Frog":20,"NeowsBlessing":0,"Golden Idol":3,"Blue Candle":26,"Odd Mushroom":14,"War Paint":42,"Question Card":47,"Cauldron":53,"Shuriken":40,"Pandora\u0027s Box":17,"Black Star":34,"Art of War":54,"StrikeDummy":53,"Unceasing Top":47},{"Darkstone Periapt":17,"Regal Pillow":11,"Vajra":22,"Mango":3,"Juzu Bracelet":12,"Incense Burner":16,"Boot":4,"Burning Blood":0,"TheAbacus":18,"Mummified Hand":11,"Gambling Chip":3,"Pantograph":21,"Kunai":18,"Toxic Egg 2":5,"Paper Frog":8,"NeowsBlessing":0,"Golden Idol":1,"Blue Candle":11,"Odd Mushroom":6,"War Paint":17,"Question Card":19,"Cauldron":21,"Shuriken":16,"Pandora\u0027s Box":7,"Black Star":13,"Art of War":22,"StrikeDummy":21,"Unceasing Top":19},{"Darkstone Periapt":106,"Regal Pillow":58,"Vajra":156,"Mango":4,"Juzu Bracelet":65,"Incense Burner":97,"Boot":12,"Burning Blood":0,"TheAbacus":114,"Mummified Hand":58,"Gambling Chip":4,"Pantograph":148,"Kunai":114,"Toxic Egg 2":17,"Paper Frog":37,"NeowsBlessing":0,"Golden Idol":1,"Blue Candle":58,"Odd Mushroom":21,"War Paint":106,"Question Card":123,"Cauldron":148,"Shuriken":97,"Pandora\u0027s Box":33,"Black Star":78,"Art of War":156,"StrikeDummy":148,"Unceasing Top":123}],"Unceasing Top":[3]},"card_choices":[{"not_picked":["Perfected Strike","Flex"],"picked":"Evolve","floor":1.0},{"not_picked":["Thunderclap","Headbutt"],"picked":"Combust","floor":5.0},{"not_picked":["Anger","Cleave"],"picked":"Inflame","floor":7.0},{"not_picked":["Bloodletting","Havoc"],"picked":"Power Through","floor":10.0},{"not_picked":["Metallicize","Sword Boomerang"],"picked":"Power Through","floor":12.0},{"not_picked":["Iron Wave","Perfected Strike"],"picked":"Twin Strike","floor":14.0},{"not_picked":["Berserk","Offering+1"],"picked":"Reaper","floor":16.0},{"not_picked":["Reckless Charge+1","Anger","Uppercut"],"picked":"SKIP","floor":18.0},{"not_picked":["Iron Wave+1","Pummel"],"picked":"Spot Weakness+1","floor":21.0},{"not_picked":["Wild Strike","Armaments+1"],"picked":"Feel No Pain+1","floor":22.0},{"not_picked":["Infernal Blade+1","Rupture"],"picked":"Berserk","floor":23.0},{"not_picked":["Hemokinesis","Warcry+1"],"picked":"Intimidate+1","floor":29.0},{"not_picked":["Berserk","Impervious+1"],"picked":"Feed","floor":33},{"not_picked":["Whirlwind+1","Shrug It Off+1"],"picked":"True Grit+1","floor":35},{"not_picked":["Secret Weapon+1","Dark Shackles+1"],"picked":"Jack Of All Trades+1","floor":37},{"not_picked":["Dark Shackles+1","Dramatic Entrance"],"picked":"Panacea+1","floor":37},{"not_picked":["Cleave","Anger+1"],"picked":"Disarm+1","floor":39},{"not_picked":["Intimidate+1","Heavy Blade+1","Wild Strike"],"picked":"SKIP","floor":40},{"not_picked":["Hemokinesis+1","Wild Strike+1"],"picked":"Entrench+1","floor":42},{"not_picked":["Clash","Uppercut+1"],"picked":"Shrug It Off+1","floor":44},{"not_picked":["Body Slam+1","Headbutt"],"picked":"Entrench+1","floor":47},{"not_picked":["Combust+1","Warcry+1","Sword Boomerang+1"],"picked":"Burning Pact+1","floor":48},{"not_picked":["Ghostly Armor+1","Rampage+1","Anger"],"picked":"Battle Trance+1","floor":54}],"player_experience":3805176,"relics_obtained":[{"floor":7.0,"key":"Mango"},{"floor":9.0,"key":"Gambling Chip"},{"floor":10.0,"key":"Boot"},{"floor":14.0,"key":"Odd Mushroom"},{"floor":23.0,"key":"Regal Pillow"},{"floor":26.0,"key":"Blue Candle"},{"floor":29.0,"key":"Juzu Bracelet"},{"floor":40,"key":"Incense Burner"},{"floor":40,"key":"Shuriken"},{"floor":42,"key":"War Paint"},{"floor":42,"key":"Darkstone Periapt"},{"floor":47,"key":"Question Card"},{"floor":47,"key":"Unceasing Top"},{"floor":54,"key":"Vajra"},{"floor":54,"key":"Art of War"}],"event_choices":[{"damage_healed":0.0,"max_hp_gain":0.0,"max_hp_loss":0.0,"gold_gain":0.0,"event_name":"Golden Idol","player_choice":"Take Damage","floor":3.0,"gold_loss":0.0,"damage_taken":20.0,"relics_obtained":["Golden Idol"]},{"damage_healed":0.0,"max_hp_gain":0.0,"max_hp_loss":0.0,"gold_gain":0.0,"event_name":"Shining Light","player_choice":"Entered Light","floor":4.0,"gold_loss":0.0,"damage_taken":16.0,"cards_upgraded":["Defend_R","Strike_R"]},{"damage_healed":0.0,"max_hp_gain":0.0,"max_hp_loss":0.0,"gold_gain":0.0,"event_name":"Scrap Ooze","player_choice":"Success","floor":13.0,"gold_loss":0.0,"damage_taken":7.0,"relics_obtained":["Toxic Egg 2"]},{"damage_healed":0.0,"max_hp_gain":0.0,"max_hp_loss":0.0,"gold_gain":0.0,"event_name":"Mushrooms","player_choice":"Fought Mushrooms","floor":14.0,"gold_loss":0.0,"damage_taken":0.0},{"damage_healed":0.0,"max_hp_gain":0.0,"max_hp_loss":0.0,"gold_gain":0.0,"event_name":"Upgrade Shrine","player_choice":"Upgraded","floor":19.0,"gold_loss":0.0,"damage_taken":0.0,"cards_upgraded":["Demon Form"]},{"damage_healed":0.0,"max_hp_gain":0.0,"max_hp_loss":47.0,"gold_gain":0.0,"event_name":"Ghosts","player_choice":"Became a Ghost","floor":24.0,"gold_loss":0.0,"damage_taken":0.0,"cards_obtained":["Ghostly","Ghostly","Ghostly","Ghostly","Ghostly"]},{"damage_healed":0.0,"max_hp_gain":0.0,"max_hp_loss":0.0,"gold_gain":0.0,"event_name":"The Mausoleum","player_choice":"Opened","floor":27.0,"gold_loss":0.0,"damage_taken":0.0,"relics_obtained":["Mummified Hand"],"cards_obtained":["Writhe"]},{"damage_healed":0,"gold_gain":75,"player_choice":"Touch","damage_taken":4,"max_hp_gain":0,"max_hp_loss":0,"event_name":"FaceTrader","floor":30,"gold_loss":0},{"damage_healed":0,"gold_gain":0,"player_choice":"Copied","damage_taken":0,"max_hp_gain":0,"max_hp_loss":0,"event_name":"Duplicator","floor":31,"gold_loss":0,"cards_obtained":["Power Through"]},{"damage_healed":0,"gold_gain":999,"player_choice":"Gold","damage_taken":0,"max_hp_gain":0,"max_hp_loss":0,"event_name":"MindBloom","floor":36,"gold_loss":0,"cards_obtained":["Normality","Normality"]},{"damage_healed":0,"gold_gain":0,"player_choice":"Memory 3","damage_taken":10,"max_hp_gain":0,"max_hp_loss":0,"event_name":"SensoryStone","floor":37,"gold_loss":0},{"damage_healed":0,"gold_gain":333,"player_choice":"Gave Idol","damage_taken":0,"max_hp_gain":0,"max_hp_loss":0,"event_name":"The Moai Head","floor":38,"relics_lost":["Golden Idol"],"gold_loss":0}],"is_beta":false,"boss_relics":[{"not_picked":["Snecko Eye","Mark of Pain"],"picked":"Pandora\u0027s Box"},{"not_picked":["Sozu","Runic Pyramid"],"picked":"Black Star"}],"items_purged_floors":[45,53],"is_endless":false,"potions_floor_spawned":[7,12,14,18,33,35,40,47,48],"ascension_level":1}}