{"host":"szp1d6dso4pv7ddl","time":1612141420,"event":{"mods":["AchievementEnabler","Alarm Clock","BaseMod","Bestiary","Block Reminder","Colored Map","Colored Powertips","Curses Come First","Dark Map","Displayed Cursed Tome","Highlight Path","Minty Spire (QoL Compilation)","Permanent Neow","Quick Restart","Relic Sorter","Relic Stats","StSLib","Synergy Search"],"gold_per_floor":[115,135,155,73,91,91,16,49,49,49,22,22,33,45,45,122,122,138,188,15,15,15,15,27,117,188,205,205,205],"floor_reached":28,"language":"ENG","playtime":1361,"items_purged":["Dualcast","Strike_B"],"score":382,"play_id":"03d71d2e-4219-4844-903d-d5376017d032","local_time":"20210131170340","is_ascension_mode":true,"campfire_choices":[{"data":"Streamline","floor":6.0,"key":"SMITH"},{"floor":12.0,"key":"REST"},{"floor":15.0,"key":"REST"},{"data":"Go for the Eyes","floor":23,"key":"SMITH"}],"circlet_count":0,"master_deck":["AscendersBane","Strike_B","Defend_B","Defend_B","BootSequence","Streamline+1","All For One","Gash","Beam Cell","Go for the Eyes+1","Gash","Meteor Strike","Core Surge+1","Self Repair+1","Streamline+1","Conserve Battery","Beam Cell","Leap","Leap","Gash+1"],"relics":["Cracked Core","Question Card","Meat on the Bone","Pear","Astrolabe","The Courier"],"acts_visited":["Exordium","TheCity"],"potions_floor_usage":[28,28],"damage_taken":[{"damage":8.0,"enemies":"Small Slimes","floor":1.0,"turns":3.0},{"damage":0.0,"enemies":"Cultist","floor":2.0,"turns":3.0},{"damage":0.0,"enemies":"Jaw Worm","floor":3.0,"turns":2.0},{"damage":11.0,"enemies":"Looter","floor":5.0,"turns":3.0},{"damage":24.0,"enemies":"Gremlin Nob","floor":8.0,"turns":4.0},{"damage":3.0,"enemies":"Blue Slaver","floor":13.0,"turns":3.0},{"damage":1.0,"enemies":"2 Fungi Beasts","floor":14.0,"turns":3.0},{"damage":30.0,"enemies":"The Guardian","floor":16.0,"turns":9.0},{"damage":18,"enemies":"2 Thieves","floor":18,"turns":3},{"damage":2,"enemies":"Shell Parasite","floor":24,"turns":2},{"damage":38,"enemies":"Shelled Parasite and Fungi","floor":27,"turns":6},{"damage":34,"enemies":"Gremlin Leader","floor":28,"turns":4}],"seed_played":"-5570809401636833136","potions_obtained":[{"floor":5.0,"key":"CultistPotion"},{"floor":8.0,"key":"LiquidMemories"},{"floor":18,"key":"ColorlessPotion"}],"is_trial":false,"path_per_floor":["M","M","M","$","M","R","$","E","T","?","$","R","M","M","R","B",null,"M","?","$","?","?","R","M","?","T","M","E"],"character_chosen":"DEFECT","items_purchased":["All For One","Beam Cell","Beam Cell","Leap"],"campfire_rested":2,"item_purchase_floors":[4,11,20,20],"current_hp_per_floor":[56,56,56,56,45,45,45,21,21,31,31,53,50,49,71,41,66,58,58,58,58,58,58,56,44,44,28,0,0],"gold":205,"neow_bonus":"REMOVE_TWO","is_daily":false,"chose_seed":false,"campfire_upgraded":2,"win_rate":0.0,"timestamp":1612141420,"path_taken":["M","M","M","$","M","R","$","E","T","?","?","R","M","M","R","BOSS","M","?","$","?","?","R","M","?","T","M","E"],"items_purchased_type":["Card","Card","Card","Card"],"build_version":"2020-12-22","purchased_purges":2,"victory":false,"max_hp_per_floor":[64,64,64,64,64,64,64,64,64,74,74,74,74,74,74,74,74,74,74,74,74,74,74,74,74,74,74,74,74],"relic_stats":{"counters":[12,45],"Astrolabe":["Core Surge","Self Repair","Streamline"],"Question Card":6,"obtain_stats":[{"Pear":10,"Astrolabe":17,"The Courier":26,"Cracked Core":0,"Question Card":8,"Meat on the Bone":9},{"Pear":5,"Astrolabe":8,"The Courier":10,"Cracked Core":0,"Question Card":5,"Meat on the Bone":5},{"Pear":15,"Astrolabe":30,"The Courier":35,"Cracked Core":0,"Question Card":15,"Meat on the Bone":15}],"Meat on the Bone":12},"card_choices":[{"not_picked":["Steam","Hologram","Barrage"],"picked":"SKIP","floor":1.0},{"not_picked":["Storm","Cold Snap"],"picked":"BootSequence","floor":2.0},{"not_picked":["Ball Lightning","BootSequence"],"picked":"Streamline","floor":3.0},{"not_picked":["FTL","Rebound","Sweeping Beam"],"picked":"SKIP","floor":5.0},{"not_picked":["Meteor Strike","Double Energy"],"picked":"Gash","floor":8.0},{"not_picked":["Consume","Hologram","Ball Lightning"],"picked":"Go for the Eyes","floor":13.0},{"not_picked":["Self Repair","Streamline","Capacitor"],"picked":"Gash","floor":14.0},{"not_picked":["Fission","Amplify","Thunder Strike"],"picked":"Meteor Strike","floor":16.0},{"not_picked":["Barrage","Redo+1","Steam+1"],"picked":"Conserve Battery","floor":18},{"not_picked":["Turbo","Chaos","Double Energy"],"picked":"Leap","floor":24},{"not_picked":["Ball Lightning","Defragment","Hologram"],"picked":"Gash+1","floor":27}],"player_experience":1331387,"relics_obtained":[{"floor":8.0,"key":"Question Card"},{"floor":9.0,"key":"Meat on the Bone"},{"floor":26,"key":"The Courier"}],"event_choices":[{"damage_healed":0.0,"max_hp_gain":0.0,"max_hp_loss":0.0,"gold_gain":0.0,"event_name":"WeMeetAgain","player_choice":"Gave Potion","floor":10.0,"gold_loss":0.0,"damage_taken":0.0,"relics_obtained":["Pear"]},{"damage_healed":0,"gold_gain":50,"player_choice":"Stole From Cult","damage_taken":0,"max_hp_gain":0,"max_hp_loss":0,"event_name":"Nest","floor":19,"gold_loss":0},{"damage_healed":0,"gold_gain":0,"player_choice":"Ignored","damage_taken":0,"max_hp_gain":0,"max_hp_loss":0,"event_name":"Vampires","floor":21,"gold_loss":0},{"damage_healed":0,"gold_gain":0,"player_choice":"Ignored","damage_taken":0,"max_hp_gain":0,"max_hp_loss":0,"event_name":"Cursed Tome","floor":22,"gold_loss":0},{"damage_healed":0,"gold_gain":90,"player_choice":"GOLD ","damage_taken":12,"max_hp_gain":0,"max_hp_loss":0,"event_name":"Knowing Skull","floor":25,"potions_obtained":[],"gold_loss":0,"cards_obtained":[]}],"is_beta":false,"boss_relics":[{"not_picked":["Snecko Eye","SacredBark"],"picked":"Astrolabe"}],"items_purged_floors":[7,20],"is_endless":false,"potions_floor_spawned":[5,8,18],"killed_by":"Gremlin Leader","ascension_level":15}}