{"host":"xg4r5pv6chpuampg","time":1612179112,"event":{"mods":["AchievementEnabler","BaseMod","Googly Eyes","Minty Spire (QoL Compilation)"],"gold_per_floor":[209,209,104,122,137,137,137,137,437,217,217,241,277,45,45,166,166,190,205,230,244,25,25,25],"floor_reached":23,"language":"ENG","playtime":1437,"items_purged":[],"score":191,"play_id":"cf0bc653-2917-4a8d-94d3-f3740e9134fd","local_time":"20210201143152","is_ascension_mode":false,"campfire_choices":[{"data":"PiercingWail","floor":6,"key":"SMITH"},{"data":"Flying Knee","floor":8,"key":"SMITH"},{"floor":11,"key":"REST"},{"floor":15,"key":"REST"}],"circlet_count":0,"master_deck":["Strike_G","Strike_G","Strike_G","Strike_G","Strike_G","Defend_G","Defend_G","Defend_G","Defend_G","Defend_G","Survivor","Neutralize","PiercingWail+1","Flying Knee+1","Dodge and Roll+1","PiercingWail+1","All Out Attack","Dark Shackles+1","Burst+1","Noxious Fumes","Terror+1","The Bomb+1","Backflip+1"],"relics":["Ring of the Snake","Golden Idol","Potion Belt","Toxic Egg 2","Old Coin","TwistedFunnel","Oddly Smooth Stone","HandDrill","Busted Crown"],"acts_visited":["Exordium","TheCity"],"potions_floor_usage":[16,18],"damage_taken":[{"damage":0,"enemies":"Small Slimes","floor":1,"turns":3},{"damage":4,"enemies":"Cultist","floor":4,"turns":6},{"damage":0,"enemies":"Jaw Worm","floor":5,"turns":6},{"damage":6,"enemies":"Looter","floor":12,"turns":3},{"damage":36,"enemies":"Lagavulin","floor":13,"turns":12},{"damage":40,"enemies":"The Guardian","floor":16,"turns":16},{"damage":0,"enemies":"2 Thieves","floor":18,"turns":5},{"damage":8,"enemies":"Chosen","floor":19,"turns":11},{"damage":4,"enemies":"Snake Plant","floor":20,"turns":6},{"damage":39,"enemies":"Centurion and Healer","floor":21,"turns":12},{"damage":19,"enemies":"Cultist and Chosen","floor":23,"turns":4}],"seed_played":"-5689106768354782757","potions_obtained":[{"floor":5,"key":"Ancient Potion"},{"floor":12,"key":"SkillPotion"},{"floor":16,"key":"Explosive Potion"},{"floor":21,"key":"LiquidBronze"}],"is_trial":false,"path_per_floor":["M","?","?","M","M","R","?","R","T","$","R","M","E","$","R","B",null,"M","M","M","M","$","M"],"character_chosen":"THE_SILENT","items_purchased":["TwistedFunnel","Dodge and Roll+1","BlessingOfTheForge","Dark Shackles+1","HandDrill","The Bomb+1","Backflip+1"],"campfire_rested":2,"item_purchase_floors":[10,10,10,14,14,22,22],"current_hp_per_floor":[70,53,53,49,49,49,46,46,46,46,67,61,25,25,46,6,70,70,62,58,19,19,0,0],"gold":25,"neow_bonus":"HUNDRED_GOLD","is_daily":false,"chose_seed":false,"campfire_upgraded":2,"win_rate":0.0,"timestamp":1612179112,"path_taken":["M","?","?","?","M","R","?","R","T","$","R","M","E","$","R","BOSS","M","M","M","M","$","M"],"items_purchased_type":["Relic","Card","Potion","Card","Relic","Card","Card"],"build_version":"2020-12-22","purchased_purges":0,"victory":false,"max_hp_per_floor":[70,70,70,70,70,70,70,70,70,70,70,70,70,70,70,70,70,70,70,70,70,70,70,70],"card_choices":[{"not_picked":["Endless Agony","Outmaneuver"],"picked":"PiercingWail","floor":1},{"not_picked":["Dagger Spray","Slice","Infinite Blades"],"picked":"SKIP","floor":4},{"not_picked":["Prepared","Sucker Punch"],"picked":"Flying Knee","floor":5},{"not_picked":["Slice","Blade Dance+1"],"picked":"PiercingWail+1","floor":12},{"not_picked":["Backstab","PiercingWail+1"],"picked":"All Out Attack","floor":13},{"not_picked":["Malaise+1","Adrenaline+1"],"picked":"Burst+1","floor":16},{"not_picked":["Underhanded Strike"],"picked":"SKIP","floor":18},{"not_picked":["Choke"],"picked":"SKIP","floor":19},{"not_picked":[],"picked":"Noxious Fumes","floor":20},{"not_picked":[],"picked":"Terror+1","floor":21}],"player_experience":32394,"relics_obtained":[{"floor":9,"key":"Old Coin"},{"floor":13,"key":"Oddly Smooth Stone"}],"event_choices":[{"damage_healed":0,"gold_gain":0,"player_choice":"Take Damage","damage_taken":17,"relics_obtained":["Golden Idol"],"max_hp_gain":0,"max_hp_loss":0,"event_name":"Golden Idol","floor":2,"gold_loss":0},{"damage_healed":0,"gold_gain":0,"player_choice":"Paid Gold","damage_taken":0,"relics_obtained":["Potion Belt"],"max_hp_gain":0,"max_hp_loss":0,"event_name":"WeMeetAgain","floor":3,"gold_loss":105},{"damage_healed":0,"gold_gain":0,"player_choice":"Success","damage_taken":3,"relics_obtained":["Toxic Egg 2"],"max_hp_gain":0,"max_hp_loss":0,"event_name":"Scrap Ooze","floor":7,"gold_loss":0}],"is_beta":false,"boss_relics":[{"not_picked":["Coffee Dripper","Empty Cage"],"picked":"Busted Crown"}],"items_purged_floors":[],"is_endless":false,"potions_floor_spawned":[5,12,16,21],"killed_by":"Cultist and Chosen","ascension_level":0}}