{"host":"t9zjxed0utvsfjwc","time":1612209410,"event":{"mods":["2.2 Compatiblity","Aspiration","BaseMod","Better Altar","Better Match","Better Note","Better Sensory Stone","Better Skull","Better Third Choice","Block Reminder","Colored Map","Colored Powertips","Custom Start","Downfall","Hermit","Highlight Path","Hubris","Infinite Spire","Marisa????????","Minty Spire (QoL Compilation)","Quick Restart","Rare Cards Sparkle","Reliquary","Replay The Spire","StSLib","The Cursed","The Marked","The Runesmith","Unceasing Turn Reminder","everything is the same but u backflip on backflip"],"gold_per_floor":[114,114,125,14,14,47,47,79,79,27,27,27,47,61,61,158,158,168,187,11,26,26],"floor_reached":21,"language":"ENG","playtime":842,"items_purged":["Defend_R","Rupture+1"],"score":198,"play_id":"edb29f11-512b-41a2-9d6c-9db21cb7bd5e","local_time":"20210201195650","is_ascension_mode":true,"campfire_choices":[{"data":"Iron Wave","floor":15,"key":"SMITH"}],"circlet_count":0,"master_deck":["Strike_R","Strike_R","Strike_R","Strike_R","Defend_R","Defend_R","Defend_R","Bash","Iron Wave+1","Anger+1","Demon Form","Voices","Shrug It Off","Clash","Ghostly Armor"],"relics":["Burning Blood","hubris:OldNail","ReplayTheSpireMod:Ring of Exchange","reliquary:FeatherDuster","Frozen Egg 2","TheAbacus"],"acts_visited":["Exordium","TheCity"],"potions_floor_usage":[6,13],"damage_taken":[{"damage":7,"enemies":"2 Louse","floor":1,"turns":2},{"damage":2,"enemies":"Small Slimes","floor":3,"turns":6},{"damage":27,"enemies":"3 Sentries","floor":6,"turns":8},{"damage":24,"enemies":"Gremlin Nob","floor":8,"turns":5},{"damage":1,"enemies":"Jaw Worm","floor":13,"turns":3},{"damage":6,"enemies":"Gremlin Gang","floor":14,"turns":5},{"damage":29,"enemies":"Hexaghost","floor":16,"turns":8},{"damage":41,"enemies":"Shell Parasite","floor":18,"turns":6},{"damage":20,"enemies":"2 Thieves","floor":19,"turns":5},{"damage":72,"enemies":"Cultist and Chosen","floor":21,"turns":11}],"seed_played":"-544049842176616420","potions_obtained":[{"floor":3,"key":"LiquidBronze"},{"floor":8,"key":"FairyPotion"},{"floor":13,"key":"Fruit Juice"},{"floor":16,"key":"Strength Potion"},{"floor":21,"key":"champ:CounterPotion"}],"is_trial":false,"path_per_floor":["M","?","M","$","?","E","?","E","T","$","?","$","M","M","R","B",null,"M","M","$","M"],"character_chosen":"IRONCLAD","items_purchased":["Anger+1","Shrug It Off","Ghostly Armor"],"campfire_rested":0,"item_purchase_floors":[4,10,20],"current_hp_per_floor":[87,80,84,84,84,63,63,45,45,45,45,45,55,55,55,32,93,58,44,44,13,13],"gold":26,"neow_bonus":"TEN_PERCENT_HP_BONUS","is_daily":false,"chose_seed":false,"campfire_upgraded":1,"win_rate":0.0,"timestamp":1612209410,"path_taken":["M","?","M","$","?","E","?","E","T","$","?","?","?","M","R","BOSS","M","M","$","M"],"items_purchased_type":["Card","Card","Card"],"build_version":"2020-12-22","purchased_purges":2,"victory":false,"max_hp_per_floor":[88,88,88,88,88,88,88,88,88,88,88,88,93,93,93,93,93,93,93,93,93,93],"card_choices":[{"not_picked":["ReplayTheSpireMod:Strike From Hell","Pummel","Havoc"],"picked":"SKIP","floor":1},{"not_picked":["Body Slam","Sword Boomerang"],"picked":"Iron Wave","floor":3},{"not_picked":["Defy Death","Carnage"],"picked":"Demon Form","floor":6},{"not_picked":["ReplayTheSpireMod:Strike From Hell","Hemokinesis","Berserk"],"picked":"SKIP","floor":8},{"not_picked":["Thunderclap","Heavy Blade"],"picked":"Rupture+1","floor":13},{"not_picked":["True Grit","Warcry","hubris:ReadiedAction"],"picked":"SKIP","floor":14},{"not_picked":["Flex","Havoc","Life Link+1"],"picked":"SKIP","floor":18},{"not_picked":["Burning Pact","Twin Strike"],"picked":"Clash","floor":19},{"not_picked":["Wild Strike","Body Slam","Dark Embrace+1"],"picked":"SKIP","floor":21}],"player_experience":467217,"relics_obtained":[{"floor":6,"key":"hubris:OldNail"},{"floor":7,"key":"ReplayTheSpireMod:Ring of Exchange"},{"floor":8,"key":"reliquary:FeatherDuster"},{"floor":9,"key":"Frozen Egg 2"}],"event_choices":[{"cards_removed":["Strike_R"],"damage_healed":0,"gold_gain":0,"player_choice":"Card Removal","damage_taken":7,"max_hp_gain":0,"max_hp_loss":0,"event_name":"Golden Wing","floor":2,"gold_loss":0},{"damage_healed":84,"gold_gain":0,"player_choice":"Embrace Burn","damage_taken":0,"max_hp_gain":0,"max_hp_loss":88,"event_name":"betterThird:BetterShining","floor":5,"gold_loss":0},{"damage_healed":0,"gold_gain":1,"player_choice":"1","damage_taken":0,"max_hp_gain":0,"max_hp_loss":0,"event_name":"betterStone:BetterStone","floor":11,"gold_loss":0}],"is_beta":false,"boss_relics":[{"not_picked":["aspiration:MobileForge","bronze:MakeshiftBattery"],"picked":"TheAbacus"}],"items_purged_floors":[4,20],"is_endless":false,"potions_floor_spawned":[3,8,13,16,21],"killed_by":"Cultist and Chosen","ascension_level":1}}