{"host":"2brg86hfzr3u5cix","time":1612175018,"event":{"mods":["AchievementEnabler","Ascension Unlocker","BaseMod","CapriCore","DeckTracker","Highlight Path","Keyboard Shortcuts","Minty Spire (QoL Compilation)","Permanent Neow","Relic Stats","StSLib","Twitch Utils","Uncapped","UnlockEverythingMod"],"gold_per_floor":[119,119,137,8,21,21,21,21,21,31,42,74,74,88,88,164,164,175,18,35,35,49,49,62,62,62],"floor_reached":25,"language":"KOR","playtime":845,"items_purged":["Strike_R"],"score":410,"play_id":"dbd6c05f-a0b4-4cbb-be08-5b12cfee5989","local_time":"20210201192338","is_ascension_mode":true,"campfire_choices":[{"data":"Armaments","floor":6,"key":"SMITH"},{"data":"True Grit","floor":8,"key":"SMITH"},{"floor":13,"key":"REST"},{"data":"Body Slam","floor":15,"key":"SMITH"},{"floor":23,"key":"REST"}],"circlet_count":0,"master_deck":["AscendersBane","Strike_R","Defend_R+1","Defend_R+1","Bash","Juggernaut","Shrug It Off","Disarm","True Grit+1","Armaments+1","Power Through","Body Slam+1","Reckless Charge","Carnage","Feed","Fire Breathing+1","Corruption+1","Sever Soul+1","Evolve","Barricade","Inflame","Pommel Strike","Havoc+1"],"relics":["Burning Blood","Mercury Hourglass","Bronze Scales","Astrolabe","War Paint"],"acts_visited":["Exordium","TheCity"],"potions_floor_usage":[5,11,12,20,24],"damage_taken":[{"damage":9,"enemies":"Jaw Worm","floor":1,"turns":4},{"damage":2,"enemies":"Cultist","floor":3,"turns":4},{"damage":0,"enemies":"2 Louse","floor":5,"turns":1},{"damage":7,"enemies":"2 Fungi Beasts","floor":10,"turns":3},{"damage":9,"enemies":"3 Louse","floor":11,"turns":2},{"damage":58,"enemies":"Gremlin Nob","floor":12,"turns":5},{"damage":11,"enemies":"Exordium Thugs","floor":14,"turns":5},{"damage":35,"enemies":"The Guardian","floor":16,"turns":11},{"damage":29,"enemies":"Spheric Guardian","floor":18,"turns":6},{"damage":6,"enemies":"Chosen","floor":20,"turns":4},{"damage":10,"enemies":"Centurion and Healer","floor":22,"turns":8},{"damage":20,"enemies":"Cultist and Chosen","floor":24,"turns":4},{"damage":49,"enemies":"Book of Stabbing","floor":25,"turns":4}],"seed_played":"-5279862814023528889","potions_obtained":[{"floor":1,"key":"DistilledChaos"},{"floor":3,"key":"AttackPotion"},{"floor":11,"key":"ElixirPotion"},{"floor":18,"key":"AttackPotion"},{"floor":22,"key":"GamblersBrew"}],"is_trial":false,"path_per_floor":["M","?","M","$","M","R","$","R","T","M","M","E","R","M","R","B",null,"M","$","M","?","M","R","M","E"],"character_chosen":"IRONCLAD","items_purchased":["True Grit","War Paint"],"campfire_rested":2,"item_purchase_floors":[4,19],"current_hp_per_floor":[65,65,69,69,75,75,75,75,75,74,71,19,41,36,36,7,58,35,35,35,35,34,57,46,0,0],"gold":62,"neow_bonus":"THREE_RARE_CARDS","is_daily":false,"chose_seed":false,"campfire_upgraded":3,"win_rate":0.0,"timestamp":1612175018,"path_taken":["M","?","M","$","M","R","$","R","T","M","?","E","R","M","R","BOSS","M","$","M","?","M","R","M","E"],"items_purchased_type":["Card","Relic"],"build_version":"2020-12-22","purchased_purges":1,"victory":false,"max_hp_per_floor":[75,75,75,75,75,75,75,75,75,75,75,75,75,75,75,75,75,75,75,75,75,78,78,81,81,81],"relic_stats":{"counters":[13,60],"Bronze Scales":[109],"Astrolabe":["Fire Breathing","Corruption","Sever Soul"],"War Paint":["Defend_R","Defend_R"],"obtain_stats":[{"Bronze Scales":12,"Astrolabe":17,"War Paint":19,"Burning Blood":0,"Mercury Hourglass":9},{"Bronze Scales":6,"Astrolabe":8,"War Paint":9,"Burning Blood":0,"Mercury Hourglass":3},{"Bronze Scales":19,"Astrolabe":35,"War Paint":41,"Burning Blood":0,"Mercury Hourglass":9}],"Burning Blood":72,"Mercury Hourglass":[180]},"card_choices":[{"not_picked":["Reaper","Double Tap"],"picked":"Juggernaut","floor":0},{"not_picked":["Havoc","Battle Trance"],"picked":"Shrug It Off","floor":1},{"not_picked":["Warcry","Wild Strike"],"picked":"Disarm","floor":3},{"not_picked":["Clothesline","Infernal Blade"],"picked":"Armaments","floor":5},{"not_picked":["True Grit","Clash"],"picked":"Power Through","floor":10},{"not_picked":["Clash","Cleave"],"picked":"Body Slam","floor":11},{"not_picked":["Headbutt","Berserk"],"picked":"Reckless Charge","floor":12},{"not_picked":["Armaments","Inflame"],"picked":"Carnage","floor":14},{"not_picked":["Limit Break","Exhume"],"picked":"Feed","floor":16},{"not_picked":["Twin Strike","Heavy Blade"],"picked":"Evolve","floor":18},{"not_picked":["Power Through","Body Slam","Searing Blow+1"],"picked":"SKIP","floor":20},{"not_picked":["Shrug It Off","Rampage"],"picked":"Pommel Strike","floor":22},{"not_picked":["Carnage+1","Iron Wave"],"picked":"Havoc+1","floor":24}],"player_experience":351287,"relics_obtained":[{"floor":9,"key":"Mercury Hourglass"},{"floor":12,"key":"Bronze Scales"}],"event_choices":[{"cards_removed":["Shame"],"damage_healed":0,"gold_gain":0,"player_choice":"Purged","damage_taken":0,"max_hp_gain":0,"max_hp_loss":0,"event_name":"Purifier","floor":2,"gold_loss":0},{"damage_healed":0,"gold_gain":0,"cards_transformed":["Defend_R","Strike_R"],"player_choice":"Became Test Subject","damage_taken":0,"max_hp_gain":0,"max_hp_loss":0,"event_name":"Drug Dealer","floor":21,"gold_loss":0,"cards_obtained":["Barricade","Inflame"]}],"is_beta":false,"boss_relics":[{"not_picked":["Runic Pyramid","Black Star"],"picked":"Astrolabe"}],"items_purged_floors":[4],"is_endless":false,"potions_floor_spawned":[1,3,11,18,22],"killed_by":"Book of Stabbing","ascension_level":20}}