{"host":"btk6hapgokl8j5e3","time":1612213611,"event":{"mods":["Act Like it!","BaseMod","BetterRewards","Colored Powertips","Downfall","Friendly Minions","GifTheSpireLib","Hallownest","Minty Spire (QoL Compilation)","StSLib","The Animator","The Bug Knight","The Necromancer"],"gold_per_floor":[99,99,115,100,112,112,112,112,142,242,76,110,110,133,144,144,144,144],"floor_reached":16,"language":"ENG","playtime":1994,"items_purged":["Guardian:Defend_Guardian"],"score":106,"play_id":"1c4ad089-4fda-4614-a11a-3adcf2724ece","local_time":"20210201220651","is_ascension_mode":false,"campfire_choices":[{"data":"Madness","floor":1,"key":"SMITH"},{"data":"Guardian:TwinSlam","floor":6,"key":"SMITH"},{"data":"Guardian:BodySlam","floor":13,"key":"SMITH"}],"circlet_count":0,"master_deck":["Guardian:Strike_Guardian","Guardian:Strike_Guardian","Guardian:Strike_Guardian","Guardian:Defend_Guardian","Guardian:Defend_Guardian","Guardian:CurlUp+1","Guardian:TwinSlam+1","Madness+1","Guardian:Planning","Guardian:Recover","Guardian:Incinerate+1","Guardian:SpikerProtocol","Guardian:BodySlam+1","Guardian:Gem_Green"],"relics":["Guardian:ModeShifter","WingedGreaves","Juzu Bracelet","Omamori"],"acts_visited":["Exordium"],"potions_floor_usage":[16,16],"damage_taken":[{"damage":6,"enemies":"Cultist","floor":3,"turns":4},{"damage":0,"enemies":"downfall:FleeingMerchant","floor":4,"turns":4},{"damage":0,"enemies":"2 Louse","floor":5,"turns":3},{"damage":15,"enemies":"3 Sentries","floor":9,"turns":11},{"damage":19,"enemies":"downfall:Heads","floor":10,"turns":6},{"damage":0,"enemies":"downfall:FleeingMerchant","floor":11,"turns":4},{"damage":8,"enemies":"Gremlin Nob","floor":12,"turns":4},{"damage":5,"enemies":"Small Slimes","floor":15,"turns":3},{"damage":27,"enemies":"SI_SHIV_ARCHETYPE","floor":16,"turns":7}],"seed_played":"5989410434573239413","potions_obtained":[{"floor":9,"key":"Dexterity Potion"},{"floor":12,"key":"PowerPotion"},{"floor":15,"key":"Explosive Potion"}],"is_trial":false,"path_per_floor":["R","?","M","$","M","R","T","?","E","?","$","E","R","T","M","B"],"character_chosen":"GUARDIAN","items_purchased":["Guardian:Gem_Yellow"],"campfire_rested":0,"item_purchase_floors":[11],"current_hp_per_floor":[80,80,74,74,74,74,74,74,59,40,40,32,32,32,27,0,0,0],"gold":144,"neow_bonus":"RANDOM_COLORLESS","is_daily":false,"chose_seed":false,"campfire_upgraded":3,"win_rate":0.0,"timestamp":1612213611,"path_taken":["R","?","M","?","M","R","T","?","E","?","$","E","R","?","M","BOSS"],"items_purchased_type":["Card"],"build_version":"2020-12-22","purchased_purges":1,"victory":false,"max_hp_per_floor":[80,80,80,80,80,80,80,80,80,80,80,80,80,80,80,80,80,80],"card_choices":[{"not_picked":["Blind","Enlightenment"],"picked":"Madness","floor":0},{"not_picked":["Guardian:VentSteam","Guardian:Preprogram"],"picked":"Guardian:Planning","floor":3},{"not_picked":["Guardian:TemporalShield","Guardian:RollAttack"],"picked":"Guardian:Gem_Red","floor":4},{"not_picked":["Guardian:BronzeArmor","Guardian:ShieldCharger"],"picked":"Guardian:Recover","floor":5},{"not_picked":["Guardian:VentSteam","Guardian:Harden"],"picked":"Guardian:Incinerate","floor":9},{"not_picked":["Guardian:Incinerate","Guardian:PrimingBeam"],"picked":"Guardian:BodySlam","floor":10},{"not_picked":["Guardian:Suspension","Guardian:MultiBeam","Guardian:ArmoredProtocol"],"picked":"SKIP","floor":11},{"not_picked":["Guardian:Recover","Guardian:PiercingHide"],"picked":"Guardian:Gem_Purple","floor":12},{"not_picked":["Guardian:RollAttack","Guardian:PiercingHide"],"picked":"Guardian:Gem_Green","floor":15}],"player_experience":432278,"relics_obtained":[{"floor":9,"key":"WingedGreaves"},{"floor":12,"key":"Juzu Bracelet"},{"floor":14,"key":"Omamori"}],"event_choices":[],"is_beta":false,"boss_relics":[],"items_purged_floors":[11],"is_endless":false,"potions_floor_spawned":[9,12,15],"killed_by":"SI_SHIV_ARCHETYPE","ascension_level":0}}