{"host":"yans4pr1zf0lm9bx","time":1612204209,"event":{"mods":["AchievementEnabler","BaseMod","Downfall","Minty Spire (QoL Compilation)","StSLib","SuperFastMode","slay the spire mod where everything is the same but ironclad has a cowboy hat"],"gold_per_floor":[0,11,27,27,38,138,138,138,138,172,231,247,247,270,290,290,290,290],"floor_reached":16,"language":"ENG","playtime":683,"items_purged":[],"score":102,"play_id":"5f6479de-39b7-4cb2-8ce7-bfe2bdfec73f","local_time":"20210201133009","is_ascension_mode":false,"campfire_choices":[{"data":"sneckomod:Unknown","floor":1,"key":"SMITH"}],"circlet_count":0,"master_deck":["sneckomod:Strike","sneckomod:Strike","sneckomod:Strike","sneckomod:Defend","sneckomod:Defend","sneckomod:Defend","sneckomod:TailWhip","sneckomod:SnekBite","sneckomod:Unknown+1","sneckomod:Unknown","Transmutation","sneckomod:UnknownUncommonPower","sneckomod:UnknownDraw","bronze:MaxOutput","sneckomod:MorePower","sneckomod:Unknown3Cost+1","sneckomod:Unknown0Cost","sneckomod:Unknown3Cost+1","sneckomod:SoulDraw"],"relics":["sneckomod:SneckoSoul","sneckomod:ConfusingCodex","Mercury Hourglass","sneckomod:LoadedDie","StoneCalendar"],"acts_visited":["Exordium"],"potions_floor_usage":[12,15],"damage_taken":[{"damage":0,"enemies":"Cultist","floor":2,"turns":4},{"damage":6,"enemies":"Jaw Worm","floor":3,"turns":4},{"damage":10,"enemies":"Small Slimes","floor":5,"turns":5},{"damage":18,"enemies":"Gremlin Nob","floor":10,"turns":4},{"damage":3,"enemies":"2 Fungi Beasts","floor":11,"turns":3},{"damage":10,"enemies":"Large Slime","floor":12,"turns":4},{"damage":18,"enemies":"Gremlin Gang","floor":15,"turns":5},{"damage":36,"enemies":"IC_STATUS_ARCHETYPE","floor":16,"turns":4}],"seed_played":"3152561488361812475","potions_obtained":[{"floor":2,"key":"Block Potion"},{"floor":5,"key":"sneckomod:OffclassReductionPotion"},{"floor":10,"key":"Guardian:BlockOnCardUsePotion"}],"is_trial":false,"path_per_floor":["R","M","M","T","M","?","T","R","?","E","M","M","?","T","M","B"],"character_chosen":"THE_SNECKO","items_purchased":[],"campfire_rested":0,"item_purchase_floors":[],"current_hp_per_floor":[90,90,84,84,74,74,74,74,79,61,58,58,51,51,33,0,0,0],"gold":290,"neow_bonus":"RANDOM_COLORLESS_2","is_daily":false,"chose_seed":false,"campfire_upgraded":1,"win_rate":0.0,"timestamp":1612204209,"path_taken":["R","M","?","?","M","?","T","R","?","E","M","M","?","?","M","BOSS"],"items_purchased_type":[],"build_version":"2020-12-22","purchased_purges":0,"victory":false,"max_hp_per_floor":[90,90,90,90,90,90,90,90,95,95,95,95,95,95,95,95,95,95],"card_choices":[{"not_picked":["Violence","Secret Technique"],"picked":"Transmutation","floor":0},{"not_picked":["sneckomod:SoulRoll","sneckomod:Unknown1Cost"],"picked":"sneckomod:UnknownUncommonPower","floor":2},{"not_picked":["sneckomod:QuickMove","sneckomod:UnknownCommonSkill"],"picked":"sneckomod:UnknownDraw","floor":3},{"not_picked":["sneckomod:WideSting","sneckomod:UnknownUncommonSkill"],"picked":"sneckomod:UnknownDraw","floor":5},{"not_picked":["sneckomod:QuickMove","sneckomod:UnknownCommonAttack","sneckomod:UnknownCommonSkill"],"picked":"SKIP","floor":10},{"not_picked":["sneckomod:SlitherStrike","sneckomod:QuickMove"],"picked":"sneckomod:MorePower","floor":11},{"not_picked":["sneckomod:UnknownUncommonPower+1","sneckomod:UnknownVulnerable+1"],"picked":"sneckomod:Unknown3Cost+1","floor":12},{"not_picked":["sneckomod:UnknownCommonAttack","sneckomod:QuickBite"],"picked":"sneckomod:Unknown0Cost","floor":12},{"not_picked":["sneckomod:Unknown0Cost+1","sneckomod:UnknownStrike+1"],"picked":"sneckomod:Unknown3Cost+1","floor":15},{"not_picked":["sneckomod:ImprovisedGuard","sneckomod:SnekBeam"],"picked":"sneckomod:SoulDraw","floor":15}],"player_experience":288069,"relics_obtained":[{"floor":4,"key":"sneckomod:ConfusingCodex"},{"floor":7,"key":"Mercury Hourglass"},{"floor":10,"key":"sneckomod:LoadedDie"}],"event_choices":[{"damage_healed":0,"gold_gain":0,"player_choice":"Donut","damage_taken":0,"max_hp_gain":5,"max_hp_loss":0,"event_name":"Big Fish","floor":9,"gold_loss":0},{"damage_healed":0,"gold_gain":0,"player_choice":"Success","damage_taken":7,"relics_obtained":["StoneCalendar"],"max_hp_gain":0,"max_hp_loss":0,"event_name":"Scrap Ooze","floor":13,"gold_loss":0}],"is_beta":false,"boss_relics":[],"items_purged_floors":[],"is_endless":false,"potions_floor_spawned":[2,5,10],"killed_by":"IC_STATUS_ARCHETYPE","ascension_level":0}}