{"host":"wl47xhfxme4nig5w","time":1612151652,"event":{"mods":["BaseMod","Colored Map","Colored Powertips","Googly Eyes","Minty Spire (QoL Compilation)","StSLib","SuperFastMode","everything is the same but u backflip on backflip","slay the spire mod where everything is the same but ironclad has a cowboy hat"],"gold_per_floor":[109,7,7,7,7,39,39,73,73,73,99,174,193,193,193,324,324,344,369,369,369,369,369],"floor_reached":22,"language":"ENG","playtime":695,"items_purged":[],"score":368,"play_id":"4a056399-8c92-4955-a884-7d921fda77ca","local_time":"20210131195412","is_ascension_mode":true,"campfire_choices":[{"data":"Terror","floor":7,"key":"SMITH"},{"data":"Blur","floor":10,"key":"SMITH"},{"floor":15,"key":"REST"}],"circlet_count":0,"master_deck":["Strike_G","Strike_G","Strike_G","Strike_G","Strike_G","Defend_G+1","Defend_G","Defend_G","Defend_G","Defend_G","Survivor+1","Neutralize","Blur+1","Backflip","Flying Knee","Terror+1","Noxious Fumes","Outmaneuver","Injury","After Image","CurseOfTheBell","Blur+1"],"relics":["Ring of the Snake","NeowsBlessing","White Beast Statue","Du-Vu Doll","CaptainsWheel","Mango","Orichalcum","Golden Idol","Calling Bell","Vajra","Molten Egg 2","The Specimen"],"acts_visited":["Exordium","TheCity"],"potions_floor_usage":[11,11,16,16,16,18,19,22],"damage_taken":[{"damage":0,"enemies":"Small Slimes","floor":1,"turns":1},{"damage":0,"enemies":"Gremlin Nob","floor":6,"turns":1},{"damage":0,"enemies":"3 Sentries","floor":8,"turns":1},{"damage":8,"enemies":"Lagavulin","floor":11,"turns":6},{"damage":0,"enemies":"Jaw Worm","floor":13,"turns":4},{"damage":0,"enemies":"The Guardian","floor":16,"turns":9},{"damage":30,"enemies":"Chosen","floor":18,"turns":5},{"damage":11,"enemies":"Spheric Guardian","floor":19,"turns":7},{"damage":57,"enemies":"Masked Bandits","floor":22,"turns":4}],"seed_played":"-2672117016376190682","potions_obtained":[{"floor":1,"key":"Ancient Potion"},{"floor":6,"key":"Fire Potion"},{"floor":8,"key":"Energy Potion"},{"floor":11,"key":"CultistPotion"},{"floor":13,"key":"SpeedPotion"},{"floor":16,"key":"ColorlessPotion"},{"floor":18,"key":"Poison Potion"},{"floor":19,"key":"Fruit Juice"}],"is_trial":false,"path_per_floor":["M","$","?","?","$","E","R","E","T","R","E","?","M","?","R","B",null,"M","M","?","?","?"],"character_chosen":"THE_SILENT","items_purchased":["Backflip","Flying Knee"],"campfire_rested":1,"item_purchase_floors":[2,2],"current_hp_per_floor":[70,70,56,38,38,38,38,38,52,52,44,33,33,33,58,58,84,54,43,43,43,0,0],"gold":369,"neow_bonus":"THREE_ENEMY_KILL","is_daily":false,"chose_seed":false,"campfire_upgraded":2,"win_rate":0.0,"timestamp":1612151652,"path_taken":["M","$","?","?","?","E","R","E","T","R","E","?","M","?","R","BOSS","M","M","?","?","?"],"items_purchased_type":["Card","Card"],"build_version":"2020-12-22","purchased_purges":0,"victory":false,"max_hp_per_floor":[70,70,70,70,70,70,70,70,84,84,84,84,84,84,84,84,84,84,84,84,84,89,89],"card_choices":[{"not_picked":["Underhanded Strike","Dagger Throw"],"picked":"Blur","floor":1},{"not_picked":["Skewer","Blur"],"picked":"Terror","floor":6},{"not_picked":["Choke","Dagger Spray"],"picked":"Noxious Fumes","floor":8},{"not_picked":["Dagger Spray","Flying Knee","Sucker Punch"],"picked":"SKIP","floor":11},{"not_picked":["Blade Dance","Dodge and Roll"],"picked":"Outmaneuver","floor":13},{"not_picked":["Glass Knife","Doppelganger"],"picked":"After Image","floor":16},{"not_picked":["Skewer+1","Outmaneuver","Dagger Spray+1"],"picked":"SKIP","floor":18},{"not_picked":["Prepared","Acrobatics"],"picked":"Blur+1","floor":19}],"player_experience":350798,"relics_obtained":[{"floor":6,"key":"Du-Vu Doll"},{"floor":8,"key":"CaptainsWheel"},{"floor":9,"key":"Mango"},{"floor":11,"key":"Orichalcum"},{"floor":17,"key":"Vajra"},{"floor":17,"key":"Molten Egg 2"},{"floor":17,"key":"The Specimen"}],"event_choices":[{"damage_healed":0,"gold_gain":0,"player_choice":"Entered Light","damage_taken":14,"max_hp_gain":0,"max_hp_loss":0,"event_name":"Shining Light","floor":3,"gold_loss":0,"cards_upgraded":["Defend_G","Survivor"]},{"damage_healed":0,"gold_gain":0,"player_choice":"Success","damage_taken":18,"relics_obtained":["White Beast Statue"],"max_hp_gain":0,"max_hp_loss":0,"event_name":"Scrap Ooze","floor":4,"gold_loss":0},{"damage_healed":0,"gold_gain":75,"player_choice":"Gather Gold","damage_taken":11,"max_hp_gain":0,"max_hp_loss":0,"event_name":"World of Goop","floor":12,"gold_loss":0},{"damage_healed":0,"gold_gain":0,"player_choice":"Take Wound","damage_taken":0,"relics_obtained":["Golden Idol"],"max_hp_gain":0,"max_hp_loss":0,"event_name":"Golden Idol","floor":14,"gold_loss":0,"cards_obtained":["Injury"]},{"damage_healed":0,"gold_gain":0,"player_choice":"Ignored","damage_taken":0,"max_hp_gain":0,"max_hp_loss":0,"event_name":"Ghosts","floor":20,"gold_loss":0},{"damage_healed":0,"gold_gain":0,"player_choice":"Ignored","damage_taken":0,"max_hp_gain":0,"max_hp_loss":0,"event_name":"Vampires","floor":21,"gold_loss":0},{"damage_healed":0,"gold_gain":0,"player_choice":"Fought Bandits","damage_taken":0,"max_hp_gain":0,"max_hp_loss":0,"event_name":"Masked Bandits","floor":22,"gold_loss":0}],"is_beta":false,"boss_relics":[{"not_picked":["WristBlade","Snecko Eye"],"picked":"Calling Bell"}],"items_purged_floors":[],"is_endless":false,"potions_floor_spawned":[1,6,8,11,13,16,18,19],"killed_by":"Masked Bandits","ascension_level":3}}