{"host":"y6zg4wwu39otf01a","time":1612205102,"event":{"mods":["Act Like it!","Aspiration","BaseMod","Better Altar","Better Match","Better Note","Better Sensory Stone","Better Skull","Better Third Choice","Challenge The Spire","Colored Map","Colored Powertips","Conspire","GifTheSpireLib","Glutton Mod","Halation","Hermit","Highlight Path","Hubris","Infinite Spire","Mimic Mod","Minty Spire (QoL Compilation)","Quick Restart","Random Character Button","Rare Cards Sparkle","Replay The Spire","Retaliation","Spicy Shops","Spire Arcade","StSLib","Stuff the Spire","The Blue Laboratory","The Jungle"],"gold_per_floor":[113,123,223,240,240,390,430,461,492,502,142,160,195,206,206,311,311,323,337,425,441,441,472,482,482,482],"floor_reached":25,"language":"ENG","playtime":2817,"items_purged":[],"score":298,"play_id":"b483d183-2a74-449d-b8f7-84703a605575","local_time":"20210201134502","is_ascension_mode":true,"campfire_choices":[{"floor":15,"key":"REST"}],"circlet_count":0,"master_deck":["Defend_B","Defend_B","Defend_B","Defend_B","Zap","Dualcast","StuffTheSpire:Plugnplay","BootSequence","Ball Lightning","Injury","hubris:Sloth","Defragment+1","Lockon","StuffTheSpire:Synthwave+1","Defragment+1","Beam Cell","Amplify","BasicCrystalCard","Ball Lightning","Bite","Bite","Bite","Bite","Bite","Chaos+1"],"relics":["Frozen Egg 2","ReplayTheSpireMod:CursedCoin","halation:Thesaurus","Busted Crown","Anchor","Replay:Antivirus Software","ReplayTheSpireMod:TigerMarble","Membership Card","DollysMirror","Toy Ornithopter","Replay:Baseball","SacredBark","Bag of Marbles","Dream Catcher"],"acts_visited":["Exordium","TheCity"],"potions_floor_usage":[8,9,13,13,19,21],"damage_taken":[{"damage":1,"enemies":"Cultist","floor":1,"turns":3},{"damage":5,"enemies":"Small Slimes","floor":2,"turns":3},{"damage":7,"enemies":"Jaw Worm","floor":4,"turns":4},{"damage":8,"enemies":"Gremlin Gang","floor":7,"turns":8},{"damage":0,"enemies":"Replay:BlueRogue","floor":8,"turns":3},{"damage":4,"enemies":"Gremlin Gang","floor":9,"turns":7},{"damage":10,"enemies":"Gremlin Gang","floor":10,"turns":3},{"damage":0,"enemies":"conspire:2 RoseBushes","floor":12,"turns":3},{"damage":26,"enemies":"Lagavulin","floor":13,"turns":5},{"damage":8,"enemies":"Large Slime","floor":14,"turns":5},{"damage":24,"enemies":"Hexaghost","floor":16,"turns":6},{"damage":0,"enemies":"Chosen","floor":18,"turns":4},{"damage":21,"enemies":"2 Thieves","floor":19,"turns":4},{"damage":15,"enemies":"conspire:HollyBat","floor":21,"turns":6},{"damage":39,"enemies":"conspire:SneckoGhost","floor":23,"turns":5},{"damage":16,"enemies":"Snake Plant","floor":24,"turns":3},{"damage":16,"enemies":"Slavers","floor":25,"turns":2}],"seed_played":"-2874620075278454344","potions_obtained":[{"floor":2,"key":"FocusPotion"},{"floor":8,"key":"blueLaboratory:BubblePotion"},{"floor":10,"key":"blueLaboratory:CorrosionFlask"},{"floor":12,"key":"blueLaboratory:HorrorPotion"},{"floor":16,"key":"LiquidMemories"},{"floor":19,"key":"Flashbang"}],"is_trial":false,"path_per_floor":["M","M","?","M","?","$","MIM","E","MIM","M","$","M","E","M","R","B",null,"M","M","?","M","?","E","M","E"],"character_chosen":"DEFECT","items_purchased":["ReplayTheSpireMod:CursedCoin","halation:Thesaurus","Membership Card","StuffTheSpire:Synthwave+1","DollysMirror","Toy Ornithopter"],"campfire_rested":1,"item_purchase_floors":[6,6,11,11,11,11],"current_hp_per_floor":[74,69,69,62,62,52,44,44,40,30,30,30,14,6,28,4,75,75,59,59,50,50,18,8,0,0],"gold":482,"neow_bonus":"BOSS_RELIC","is_daily":false,"chose_seed":false,"campfire_upgraded":0,"win_rate":0.0,"timestamp":1612205102,"path_taken":["M","M","?","?","?","?","?","E","MIM","M","$","M","E","M","R","BOSS","M","M","?","M","?","E","M","E"],"items_purchased_type":["Relic","Relic","Relic","Card","Relic","Relic"],"build_version":"2020-12-22","purchased_purges":0,"victory":false,"max_hp_per_floor":[75,75,75,75,75,75,75,75,75,75,75,75,75,75,75,75,75,75,75,75,76,53,53,53,53,53],"card_choices":[{"not_picked":["Stack","Turbo"],"picked":"StuffTheSpire:Plugnplay","floor":1},{"not_picked":["Melter","Go for the Eyes"],"picked":"BootSequence","floor":2},{"not_picked":["ReplayTheSpireMod:System Scan","Coolheaded"],"picked":"Ball Lightning","floor":4},{"not_picked":[],"picked":"Defragment+1","floor":7},{"not_picked":["Scrape"],"picked":"SKIP","floor":8},{"not_picked":[],"picked":"Lockon","floor":9},{"not_picked":["Streamline"],"picked":"SKIP","floor":10},{"not_picked":["Streamline"],"picked":"SKIP","floor":12},{"not_picked":["Auto Shields"],"picked":"SKIP","floor":13},{"not_picked":[],"picked":"Beam Cell","floor":14},{"not_picked":[],"picked":"Amplify","floor":16},{"not_picked":[],"picked":"BasicCrystalCard","floor":18},{"not_picked":["ReplaySolidLightProjector"],"picked":"SKIP","floor":19},{"not_picked":[],"picked":"Ball Lightning","floor":21},{"not_picked":[],"picked":"Chaos+1","floor":23},{"not_picked":["Force Field+1"],"picked":"SKIP","floor":24}],"player_experience":721166,"relics_obtained":[{"floor":7,"key":"Anchor"},{"floor":8,"key":"Replay:Antivirus Software"},{"floor":9,"key":"ReplayTheSpireMod:TigerMarble"},{"floor":13,"key":"Replay:Baseball"},{"floor":20,"key":"Bag of Marbles"},{"floor":23,"key":"Dream Catcher"}],"event_choices":[{"damage_healed":0,"gold_gain":100,"player_choice":"Pray","damage_taken":0,"max_hp_gain":0,"max_hp_loss":0,"event_name":"Golden Shrine","floor":3,"gold_loss":0},{"damage_healed":0,"gold_gain":0,"player_choice":"Became a vampire","damage_taken":0,"max_hp_gain":0,"max_hp_loss":23,"event_name":"Vampires","floor":22,"gold_loss":0,"cards_obtained":["Bite","Bite","Bite","Bite","Bite"]}],"is_beta":false,"boss_relics":[{"not_picked":["hubris:CrackedHourglass","conspire:RoyalGoblet"],"picked":"SacredBark"}],"items_purged_floors":[],"is_endless":false,"potions_floor_spawned":[2,8,10,12,16,19],"killed_by":"Slavers","ascension_level":1}}