{"host":"jw4qy1ihmjslahm8","time":1612164780,"event":{"mods":["2.2 Compatiblity","Act Like it!","BaseMod","BetterRewards","Colored Map","Downfall","Duelist Mod","GifTheSpireLib","Hallownest","HololiveMod","Hubris","Infinite Spire","KinomotoSakuraMod(ñÿîVñ{?)","Minty Spire (QoL Compilation)","Replay The Spire","StSLib","The Animator","WarShipGirlsR/??è≠èóR mod"],"gold_per_floor":[99,118,168,18,18,37,63,63,83,102,102,124,124,142,161,355,380,380,399,359,372,381,401,449,449,137,137,137,205,216,266,301,401,401],"floor_reached":33,"language":"ENG","playtime":3454,"items_purged":[],"score":268,"play_id":"42bcff8e-e5b2-45b9-a28f-e8440b17a551","local_time":"20210131233300","is_ascension_mode":false,"campfire_choices":[{"data":"animator:Shuna","floor":1,"key":"SMITH"},{"data":"Pot Of Greed","floor":8,"key":"SMITH"},{"floor":11,"key":"REST"},{"data":"animator:Benimaru","floor":13,"key":"SMITH"},{"data":"animator:HomuraAkemi","floor":18,"key":"SMITH"},{"floor":25,"key":"REST"},{"floor":27,"key":"REST"}],"circlet_count":0,"master_deck":["animator:Strike_TenSura","animator:Defend_TenSura","animator:Strike","animator:Strike","animator:Strike","animator:Defend","animator:Defend","animator:Defend","animator:Benimaru","animator:Shuna+1","animator:Benimaru+1","animator:Guy","animator:EmiyaShirou","animator:KyokoSakura","animator:Magilou","animator:Witch","Pot Of Greed","Pot Of Greed+1","animator:Shuna","animator:GuildGirl","animator:CrowleyEusford","animator:Gilgamesh+10","animator:Yoichi","animator:HomuraAkemi+1","animator:Layla","animator:PandorasActor+1","Pot Of Greed","animator:Kuribayashi","animator:Rider","animator:NagisaMomoe","Voices","Shame","infinitespire:NeuralNetwork","animator:Sebas","animator:Sebas","animator:Archer"],"relics":["animator:LivingPicture","animator:TheMissingPiece","animator:PurgingStone","White Beast Statue","hubris:Icosahedron","Grinning Jar","hubris:TerracottaHorce","animator:WornHelmet","ClockworkSouvenir","Anchor","infinitespire:Lucky Rock"],"acts_visited":["Exordium","Hallownest:CityofTears"],"potions_floor_usage":[16,16,19,21,22,23,23,29,30,30,30,33,33,33],"damage_taken":[{"damage":0,"enemies":"2 Louse","floor":2,"turns":3},{"damage":2,"enemies":"downfall:FleeingMerchant","floor":4,"turns":4},{"damage":2,"enemies":"Small Slimes","floor":6,"turns":3},{"damage":0,"enemies":"Jaw Worm","floor":9,"turns":3},{"damage":5,"enemies":"Large Slime","floor":10,"turns":5},{"damage":7,"enemies":"Exordium Thugs","floor":12,"turns":5},{"damage":0,"enemies":"Blue Slaver","floor":14,"turns":4},{"damage":0,"enemies":"Large Slime","floor":15,"turns":5},{"damage":34,"enemies":"DF_ARCHETYPE_STREAMLINE","floor":16,"turns":11},{"damage":11,"enemies":"Hallownest:Guard_and_Sentry","floor":19,"turns":6},{"damage":24,"enemies":"Hallownest:Flukemon_and_Top","floor":21,"turns":6},{"damage":13,"enemies":"Hallownest:monsterMisterMushroom","floor":22,"turns":7},{"damage":1,"enemies":"Hallownest:2_Husk_Sentries","floor":23,"turns":5},{"damage":0,"enemies":"downfall:FleeingMerchant","floor":26,"turns":5},{"damage":10,"enemies":"Hallownest:Glutton_and_Coward","floor":29,"turns":6},{"damage":0,"enemies":"Hallownest:Warrior_and_Youth","floor":30,"turns":4},{"damage":24,"enemies":"Hallownest:2_Flukemon","floor":32,"turns":8},{"damage":21,"enemies":"IC_MUSHROOM_ARCHETYPE","floor":33,"turns":8}],"seed_played":"-7999179822452363963","potions_obtained":[{"floor":3,"key":"GamblersBrew"},{"floor":4,"key":"champ:CounterPotion"},{"floor":6,"key":"Elixir"},{"floor":12,"key":"Energy Potion"},{"floor":16,"key":"sneckomod:MuddlingPotion"},{"floor":19,"key":"ColorlessPotion"},{"floor":21,"key":"Weak Potion"},{"floor":22,"key":"Toxic Potion"},{"floor":23,"key":"Energy Potion"},{"floor":26,"key":"Weak Potion"},{"floor":29,"key":"EntropicBrew"},{"floor":32,"key":"SpeedPotion"}],"is_trial":false,"path_per_floor":["R","M","?","$","?","M","T","R","M","M","R","M","R","M","M","B",null,"R","M","?","M","M","M","T","R","$","R","?","M","M","T","M","B"],"character_chosen":"THE_ANIMATOR","items_purchased":["animator:KyokoSakura","animator:Magilou","ClockworkSouvenir","Anchor"],"campfire_rested":3,"item_purchase_floors":[4,4,26,26],"current_hp_per_floor":[72,72,44,42,42,40,40,40,40,35,56,49,49,49,49,15,58,58,47,47,23,10,9,9,30,31,52,52,42,42,42,18,0,0],"gold":401,"neow_bonus":"TEN_PERCENT_HP_BONUS","is_daily":false,"chose_seed":false,"campfire_upgraded":4,"win_rate":0.0,"timestamp":1612164780,"path_taken":["R","M","?","$","?","M","T","R","M","M","R","?","R","M","M","BOSS","R","M","?","M","?","M","T","R","$","R","?","M","M","?","M","BOSS"],"items_purchased_type":["Card","Card","Relic","Relic"],"build_version":"2020-12-22","purchased_purges":0,"victory":false,"max_hp_per_floor":[72,72,72,72,72,72,72,72,72,72,72,72,72,72,72,72,72,72,72,72,72,72,72,72,72,73,73,73,73,73,73,73,73,73],"card_choices":[{"not_picked":["animator:IzunaHatsuse","animator:Mitsuba"],"picked":"animator:Benimaru","floor":2},{"not_picked":["animator:Fredrika","animator:Entoma"],"picked":"animator:Guy","floor":3},{"not_picked":["animator:LizardPriest","animator:Millim"],"picked":"animator:EmiyaShirou","floor":4},{"not_picked":["animator:DolaRiku","animator:CrowleyEusford"],"picked":"animator:Witch","floor":6},{"not_picked":["animator:Hakurou","animator:Millim"],"picked":"animator:Shuna","floor":9},{"not_picked":["animator:EmiyaShirou","animator:KrulTepes"],"picked":"animator:GuildGirl","floor":10},{"not_picked":["animator:FielNirvalen","animator:DolaRiku"],"picked":"animator:CrowleyEusford","floor":12},{"not_picked":["animator:CrowleyEusford","animator:DolaCouronne"],"picked":"animator:Gilgamesh","floor":14},{"not_picked":["animator:Mikaela","animator:Yuuichirou"],"picked":"animator:Yoichi","floor":15},{"not_picked":["animator:Albedo","animator:Wiz"],"picked":"animator:HomuraAkemi","floor":16},{"not_picked":["animator:Illya","animator:Evileye"],"picked":"animator:Layla","floor":19},{"not_picked":["animator:NarberalGamma","animator:Shuna"],"picked":"animator:PandorasActor+1","floor":21},{"not_picked":["animator:Vanir","animator:Assassin"],"picked":"animator:Kuribayashi","floor":22},{"not_picked":["animator:Alexander","animator:Caster"],"picked":"animator:Rider","floor":23},{"not_picked":["animator:Mikaela","animator:Shuna"],"picked":"animator:NagisaMomoe","floor":26},{"not_picked":["ReplayTheSpireMod:Echoes of Time","hubris:InfiniteBlow"],"picked":"infinitespire:NeuralNetwork","floor":28},{"not_picked":["animator:DolaCouronne","animator:Shigure"],"picked":"animator:Sebas","floor":29},{"not_picked":["animator:Gillette","animator:Kuribayashi+1"],"picked":"animator:Sebas","floor":30},{"not_picked":["animator:Alexander","animator:Illya"],"picked":"animator:Archer","floor":32}],"player_experience":61621,"relics_obtained":[{"floor":3,"key":"White Beast Statue"},{"floor":7,"key":"Grinning Jar"},{"floor":24,"key":"animator:WornHelmet"},{"floor":31,"key":"infinitespire:Lucky Rock"}],"event_choices":[],"is_beta":false,"boss_relics":[{"not_picked":["infinitespire:Cupcake","Hololive_TopUpMoneyS"],"picked":"hubris:TerracottaHorce"}],"items_purged_floors":[],"is_endless":false,"potions_floor_spawned":[4,6,9,10,12,14,15,16,19,21,22,23,26,29,30,32],"killed_by":"IC_MUSHROOM_ARCHETYPE","ascension_level":0}}