{"host":"2se5dq1do2gp0x9k","time":1612140143,"event":{"mods":["AchievementEnabler","BaseMod","Block Reminder","Colored Map","Colored Powertips","Minty Spire (QoL Compilation)","Relic Stats","StSLib","SuperFastMode"],"gold_per_floor":[119,137,153,166,185,217,217],"floor_reached":6,"language":"ENG","playtime":210,"items_purged":[],"score":100,"play_id":"95c6fb2f-c9df-4e1d-aa30-73cc52aff52f","local_time":"20210131164223","is_ascension_mode":true,"campfire_choices":[],"circlet_count":0,"master_deck":["AscendersBane","Strike_G","Strike_G","Strike_G","Strike_G","Strike_G","Defend_G","Defend_G","Defend_G","Defend_G","Defend_G","Survivor","Neutralize","Noxious Fumes","Well Laid Plans","Reflex","Flying Knee","Flying Knee"],"relics":["Ring of the Snake","NeowsBlessing","Unceasing Top"],"acts_visited":["Exordium"],"potions_floor_usage":[4,6],"damage_taken":[{"damage":0,"enemies":"Cultist","floor":1,"turns":1},{"damage":0,"enemies":"Jaw Worm","floor":2,"turns":1},{"damage":0,"enemies":"2 Louse","floor":3,"turns":1},{"damage":1,"enemies":"Looter","floor":4,"turns":4},{"damage":16,"enemies":"Lots of Slimes","floor":5,"turns":4},{"damage":39,"enemies":"Gremlin Nob","floor":6,"turns":5}],"seed_played":"-397679514817518518","potions_obtained":[{"floor":1,"key":"DistilledChaos"},{"floor":2,"key":"LiquidMemories"},{"floor":6,"key":"Weak Potion"}],"is_trial":false,"path_per_floor":["M","M","M","M","M","E"],"character_chosen":"THE_SILENT","items_purchased":[],"campfire_rested":0,"item_purchase_floors":[],"current_hp_per_floor":[59,59,59,58,42,3,3],"gold":217,"neow_bonus":"THREE_ENEMY_KILL","is_daily":false,"chose_seed":false,"campfire_upgraded":0,"win_rate":0.0,"timestamp":1612140143,"path_taken":["M","?","M","M","M","E"],"items_purchased_type":[],"build_version":"2020-12-22","purchased_purges":0,"victory":false,"max_hp_per_floor":[66,66,66,66,66,66,66],"relic_stats":{"counters":[6,16],"obtain_stats":[{"NeowsBlessing":0,"Unceasing Top":6,"Ring of the Snake":0},{"NeowsBlessing":0,"Unceasing Top":6,"Ring of the Snake":0},{"NeowsBlessing":0,"Unceasing Top":16,"Ring of the Snake":0}],"Unceasing Top":[0],"Ring of the Snake":[12]},"card_choices":[{"not_picked":["Infinite Blades","Dagger Throw"],"picked":"Noxious Fumes","floor":1},{"not_picked":["Slice","Setup"],"picked":"Well Laid Plans","floor":2},{"not_picked":["Riddle With Holes","Well Laid Plans"],"picked":"Reflex","floor":3},{"not_picked":["Footwork","Cloak And Dagger"],"picked":"Flying Knee","floor":4},{"not_picked":["Backflip","Underhanded Strike"],"picked":"Flying Knee","floor":5}],"player_experience":4030405,"relics_obtained":[{"floor":6,"key":"Unceasing Top"}],"event_choices":[],"is_beta":false,"boss_relics":[],"items_purged_floors":[],"is_endless":false,"potions_floor_spawned":[1,2,6],"killed_by":"Gremlin Nob","ascension_level":20}}