{"host":"tdq5vwehmzjlkkx3","time":1612161835,"event":{"mods":["2.2 Compatiblity","Act Like it!","Aspiration","Astrologer","BaseMod","Beaked The Cultist","Better Altar","Better Match","Better Note","Better Third Choice","BetterRewards","Clockwork Mod","Colored Map","Colorless Booster Pack","Conjunction","Conspire","Defuse TimeMaze Blight","Energized Spire","FetchMod","Friendly Minions","FruityMod","GifTheSpireLib","Glutton Mod","Gremlin Mod","Halation","Hallownest","Highlight Path","Hubris","Infinite Spire","Key Reminder","Lotus Mark","Mimic Mod","Minty Spire (QoL Compilation)","Pale of the Ancients","Random Character Button","Reworked Bosses","SCP261 Mod","Small Relic Pack","StSLib","Stuff the Spire","The Bladedancer","The Clintock","The Construct","The Disciple","The Jungle","The Marked","The Mystic","The Servant","TheFirefly","Trackpad","Unceasing Turn Reminder"],"gold_per_floor":[115,130,130,130,25,25,161,161,200,200,320,320,245,263,263,359,359,373,473,473,492,592,704,714,854,854,854,972,1111,1111,1161,1161,1256,1256,1271,1271,1287,1299,1299,1299,1407,1427,1477,1593,1603,1715,1715,1715],"floor_reached":47,"language":"ENG","playtime":4549,"items_purged":[],"score":1001,"play_id":"2ffead7c-a7f6-42e6-a8f5-252f4e31abb1","local_time":"20210131224355","is_ascension_mode":false,"campfire_choices":[{"data":"mysticmod:ComboCaster","floor":6.0,"key":"SMITH"},{"data":"mysticmod:ComboCaster","floor":8.0,"key":"SMITH"},{"data":"mysticmod:Dedication+1","floor":15.0,"key":"SMITH"},{"data":"mysticmod:Dedication+2","floor":27.0,"key":"SMITH"},{"data":"mysticmod:GeminiForm","floor":32.0,"key":"SMITH"},{"floor":40.0,"key":"REST"}],"circlet_count":0,"master_deck":["mysticmod:Strike_Mystic","mysticmod:Strike_Mystic","mysticmod:Strike_Mystic","mysticmod:Defend_Mystic","mysticmod:Defend_Mystic","mysticmod:Defend_Mystic","mysticmod:Defend_Mystic","mysticmod:ArcaneDodge","mysticmod:ShockingGrasp","mysticmod:ArcaneAccuracy","mysticmod:ComboCaster+1","mysticmod:MightyMagic","mysticmod:Grease","mysticmod:LightningBolt","mysticmod:PunishingArmor","mysticmod:ComboCaster+1","mysticmod:PunishingArmor+1","mysticmod:Disengage+1","mysticmod:StyleChange+1","mysticmod:Dedication+3","mysticmod:MysticalShield","mysticmod:GeminiForm+1","mysticmod:CureLightWounds+1","mysticmod:PowerAttack+1","mysticmod:Grapple+1","mysticmod:Lunge+1","infinitespire:UltimateForm","infinitespire:Collect+1","mysticmod:Discipline","mysticmod:EnchantedMoulinet+1"],"relics":["mysticmod:SpellBook","Mango","Strawberry","Lee\u0027s Waffle","StuffTheSpire:TintedRock","aspiration:HummingbirdHeart","Prayer Wheel","halation:LostSnail","trackpad:IceCube","trackpad:CultistFigurine","FossilizedHelix","halation:Sosunser","Pear","Cauldron","Juzu Bracelet","Medical Kit","trackpad:Compendium","DollysMirror","Toxic Egg 2","Hallownest:DreamNailRelic","trackpad:WindUpAutoDealer","trackpad:DisasterInABottle","beaked:MawFillet","conspire:GlowingRock","Gambling Chip","trackpad:HandOfMidas","Akabeko","Dream Catcher","halation:PinkAlligatorPlush","hubris:Spice","Centennial Puzzle","conspire:InfiniteJournal","StuffTheSpire:Mouthbags"],"acts_visited":["Hallownest:Greenpath","TheCity","Hallownest:KingdomsEdge"],"potions_floor_usage":[],"damage_taken":[{"damage":0.0,"enemies":"2_ Uuma","floor":1.0,"turns":6.0},{"damage":0.0,"enemies":"Hallownest:2_Baldur","floor":2.0,"turns":4.0},{"damage":0.0,"enemies":"Hallownest:eliteMossKnight","floor":7.0,"turns":8.0},{"damage":2.0,"enemies":"Hallownest:monsterHuskWarrior","floor":9.0,"turns":8.0},{"damage":0.0,"enemies":"Hallownest:eliteVengeflyKing","floor":11.0,"turns":4.0},{"damage":0.0,"enemies":"Hallownest:monsterHuskWarrior","floor":14.0,"turns":3.0},{"damage":3.0,"enemies":"Hallownest:BossHornet","floor":16.0,"turns":12.0},{"damage":0.0,"enemies":"2 Thieves","floor":18.0,"turns":1.0},{"damage":0.0,"enemies":"conspire:Head Lice","floor":19.0,"turns":8.0},{"damage":1.0,"enemies":"conspire:FuzzyDice","floor":21.0,"turns":5.0},{"damage":0.0,"enemies":"Gremlin Leader","floor":23.0,"turns":5.0},{"damage":0.0,"enemies":"3 Cultists","floor":24.0,"turns":3.0},{"damage":0.0,"enemies":"conspire:Head Lice","floor":25.0,"turns":6.0},{"damage":0.0,"enemies":"Cultist and Chosen","floor":28.0,"turns":3.0},{"damage":2.0,"enemies":"Gremlin Leader","floor":29.0,"turns":6.0},{"damage":0.0,"enemies":"Centurion and Healer","floor":31.0,"turns":5.0},{"damage":22.0,"enemies":"hubris:MusketHawk","floor":33.0,"turns":8.0},{"damage":37.0,"enemies":"Hallownest:3_Siblings","floor":35.0,"turns":6.0},{"damage":10.0,"enemies":"Hallownest:Shield_Heavy","floor":37.0,"turns":5.0},{"damage":51.0,"enemies":"Hallownest:Xero_Hu_Marmu","floor":38.0,"turns":7.0},{"damage":36.0,"enemies":"Hallownest:eliteHiveKnight","floor":41.0,"turns":8.0},{"damage":21.0,"enemies":"Hallownest:monsterPrimalAspid","floor":42.0,"turns":6.0},{"damage":14.0,"enemies":"Hallownest:eliteCollector","floor":44.0,"turns":6.0},{"damage":27.0,"enemies":"Hallownest:Slobbering_and_Violent","floor":45.0,"turns":6.0},{"damage":38.0,"enemies":"Nightmare","floor":46.0,"turns":3.0}],"seed_played":"-3636354103678939626","potions_obtained":[{"floor":0.0,"key":"SCP261:AppleJuicePotion"},{"floor":0.0,"key":"SCP261:GirlTearsPotion"},{"floor":0.0,"key":"Fire Potion"},{"floor":0.0,"key":"Weak Potion"},{"floor":0.0,"key":"SCP261:DewritoBlazePotion"},{"floor":14.0,"key":"Explosive Potion"},{"floor":23.0,"key":"Fire Potion"},{"floor":25.0,"key":"FearPotion"},{"floor":28.0,"key":"PowerPotion"},{"floor":31.0,"key":"Fire Potion"},{"floor":38.0,"key":"BlessingOfTheForge"},{"floor":41.0,"key":"LiquidBronze"},{"floor":45.0,"key":"Weak Potion"}],"is_trial":false,"path_per_floor":["M","M","?","?","$","R","E","R","MIM","$","E","?","?","M","R","B",null,"M","E","?","M","?","E","M","E","T","R","M","E","?","M","R","B",null,"M","AVR","M","M","?","R","E","M","T","E","M","NM"],"character_chosen":"MYSTIC_CLASS","items_purchased":["Mango","Strawberry","mysticmod:ArcaneAccuracy","mysticmod:ComboCaster","Lee\u0027s Waffle","StuffTheSpire:TintedRock","aspiration:HummingbirdHeart","Prayer Wheel","halation:LostSnail","mysticmod:MightyMagic","mysticmod:Grease","mysticmod:LightningBolt","trackpad:IceCube","mysticmod:PunishingArmor","trackpad:CultistFigurine","FossilizedHelix","halation:Sosunser","Pear","Cauldron","Juzu Bracelet","Medical Kit","trackpad:Compendium","DollysMirror","Fruit Juice"],"campfire_rested":1,"item_purchase_floors":[0,0,0,0,0,0,0,0,0,0,0,0,0,0,0,0,0,0,0,0,0,0,0,5],"current_hp_per_floor":[99,99,99,99,104,104,104,104,102,102,102,102,102,102,102,99,128,128,128,128,127,127,128,128,128,128,128,128,126,126,126,126,107,128,96,96,86,41,41,77,55,39,39,31,10,131,131,131],"gold":1715,"neow_bonus":"","is_daily":false,"chose_seed":false,"campfire_upgraded":5,"win_rate":0.0,"timestamp":1612161835,"path_taken":["M","M","?","?","$","R","E","R","MIM","?","E","?","?","M","R","BOSS","M","E","?","M","?","E","M","E","T","R","M","E","?","M","R","BOSS","M","AVR","M","M","?","R","E","M","T","E","M","NM","R"],"items_purchased_type":["Relic","Relic","Card","Card","Relic","Relic","Relic","Relic","Relic","Card","Card","Card","Relic","Card","Relic","Relic","Relic","Relic","Relic","Relic","Relic","Relic","Relic","Potion"],"build_version":"2020-12-22","purchased_purges":0,"victory":false,"max_hp_per_floor":[123,123,123,123,128,128,128,128,128,128,128,128,128,128,128,128,128,128,128,128,128,128,128,128,128,128,128,128,128,128,128,128,128,128,128,128,128,128,123,123,131,131,131,131,131,131,131,131],"card_choices":[{"not_picked":["mysticmod:PowerSlash","mysticmod:Flurry"],"picked":"mysticmod:PunishingArmor+1","floor":1.0},{"not_picked":["mysticmod:Snowball","mysticmod:ComboCaster","mysticmod:DiviningBlow"],"picked":"SKIP","floor":1.0},{"not_picked":["mysticmod:CorrosiveTouch","mysticmod:PowerSlash"],"picked":"mysticmod:EnchantedMoulinet","floor":2.0},{"not_picked":["mysticmod:ComponentsPouch","mysticmod:ArcaneAccuracy"],"picked":"mysticmod:Disengage+1","floor":2.0},{"not_picked":["mysticmod:MagicWeapon+1","mysticmod:LightningBolt","mysticmod:HeavyStrike"],"picked":"SKIP","floor":7.0},{"not_picked":["mysticmod:HeavyStrike","mysticmod:VorpalThrust"],"picked":"mysticmod:StyleChange+1","floor":9.0},{"not_picked":["mysticmod:Alacrity+1","mysticmod:BulkUp+1","mysticmod:Disengage+1"],"picked":"SKIP","floor":11.0},{"not_picked":["mysticmod:Flourish+1","mysticmod:BladeMaster+1"],"picked":"mysticmod:Dedication+1","floor":13.0},{"not_picked":["mysticmod:Alacrity+1","mysticmod:Disengage+1","mysticmod:BladeMaster+1"],"picked":"SKIP","floor":14.0},{"not_picked":["mysticmod:Riposte","mysticmod:BladeMaster+1","mysticmod:Shield+1"],"picked":"SKIP","floor":14.0},{"not_picked":["mysticmod:Natural20+1","mysticmod:ObscuringMist+1"],"picked":"mysticmod:MysticalShield","floor":16.0},{"not_picked":["mysticmod:LightningBolt","mysticmod:SuddenClarity+1","mysticmod:Fireball"],"picked":"SKIP","floor":18.0},{"not_picked":["mysticmod:StyleChange+1","mysticmod:DiviningBlow","mysticmod:BladeMaster+1"],"picked":"SKIP","floor":18.0},{"not_picked":["mysticmod:SpellCombat+1","mysticmod:Sideswipe"],"picked":"mysticmod:GeminiForm","floor":19.0},{"not_picked":["mysticmod:SpellCombat+1","mysticmod:PureInstinct+1"],"picked":"mysticmod:CureLightWounds+1","floor":21.0},{"not_picked":["mysticmod:HeavyStrike+1","mysticmod:ArcaneAccuracy","mysticmod:ComponentsPouch"],"picked":"SKIP","floor":21.0},{"not_picked":["mysticmod:Probe","mysticmod:PunishingArmor+1","mysticmod:PreparedCaster+1"],"picked":"SKIP","floor":23.0},{"not_picked":["mysticmod:ComponentsPouch","mysticmod:GreaterInvisibility+1"],"picked":"mysticmod:PowerAttack+1","floor":24.0},{"not_picked":["mysticmod:MightyMagic","mysticmod:Snowball+1"],"picked":"mysticmod:Grapple+1","floor":24.0},{"not_picked":["mysticmod:BulkUp+1","mysticmod:ComponentsPouch","mysticmod:Snowball"],"picked":"SKIP","floor":25.0},{"not_picked":["mysticmod:Snowball","mysticmod:CureLightWounds+1","mysticmod:MirrorEntity"],"picked":"SKIP","floor":28.0},{"not_picked":["mysticmod:SummonFamiliar+1","mysticmod:EnergizedRift+1","mysticmod:SuddenClarity+1"],"picked":"SKIP","floor":28.0},{"not_picked":["mysticmod:Riposte+1","mysticmod:PureInstinct+1","mysticmod:TomeOfSpells+1"],"picked":"SKIP","floor":29.0},{"not_picked":["mysticmod:Grease+1","mysticmod:FiveFootStep"],"picked":"mysticmod:Lunge+1","floor":31.0},{"not_picked":["mysticmod:PowerSlash","mysticmod:HunkerDown+1","mysticmod:SuddenClarity+1"],"picked":"SKIP","floor":31.0},{"not_picked":["mysticmod:PunishingArmor+1","mysticmod:HeavyStrike","mysticmod:BulkUp+1"],"picked":"SKIP","floor":35.0},{"not_picked":["mysticmod:ComboCaster+1","mysticmod:Feint+1","mysticmod:HeavyStrike+1"],"picked":"SKIP","floor":35.0},{"not_picked":["mysticmod:ComponentsPouch+1","mysticmod:LightningBolt+1","mysticmod:PureInstinct+1"],"picked":"SKIP","floor":37.0},{"not_picked":["mysticmod:PowerSlash","mysticmod:Grease+1","mysticmod:IllusionOfCalm+1"],"picked":"SKIP","floor":37.0},{"not_picked":["mysticmod:PureInstinct+1","mysticmod:Shield+1","mysticmod:Daze+1"],"picked":"SKIP","floor":38.0},{"not_picked":["mysticmod:MagicWeapon+1","mysticmod:PowerAttack+1","mysticmod:SuddenClarity+1"],"picked":"SKIP","floor":38.0},{"not_picked":["mysticmod:SuddenClarity+1","mysticmod:PowerSlash"],"picked":"mysticmod:Discipline","floor":40.0},{"not_picked":["mysticmod:Shield+1","mysticmod:Disengage+1","mysticmod:SpellCombat+1"],"picked":"SKIP","floor":41.0},{"not_picked":["mysticmod:StyleChange+1","mysticmod:DiviningBlow+1","mysticmod:SummonFamiliar+1"],"picked":"SKIP","floor":42.0},{"not_picked":["mysticmod:Grease+1","mysticmod:EbbAndFlow","mysticmod:Flurry+1"],"picked":"SKIP","floor":42.0},{"not_picked":["mysticmod:Daze+1","mysticmod:BladedDash","mysticmod:Fireball"],"picked":"SKIP","floor":44.0},{"not_picked":["mysticmod:Daze+1","mysticmod:Riposte","mysticmod:ArcaneAccuracy"],"picked":"SKIP","floor":45.0},{"not_picked":["mysticmod:Probe+1","mysticmod:TomeOfSpells+1","mysticmod:ArcaneAccuracy+1"],"picked":"SKIP","floor":45.0},{"not_picked":["mysticmod:Disengage+1","mysticmod:LightningBolt+1","mysticmod:SuddenClarity+1"],"picked":"SKIP","floor":46.0}],"player_experience":349460,"relics_obtained":[{"floor":7.0,"key":"trackpad:WindUpAutoDealer"},{"floor":11.0,"key":"trackpad:DisasterInABottle"},{"floor":19.0,"key":"conspire:GlowingRock"},{"floor":23.0,"key":"Gambling Chip"},{"floor":25.0,"key":"trackpad:HandOfMidas"},{"floor":26.0,"key":"Akabeko"},{"floor":29.0,"key":"Dream Catcher"},{"floor":41.0,"key":"hubris:Spice"},{"floor":43.0,"key":"Centennial Puzzle"},{"floor":44.0,"key":"conspire:InfiniteJournal"},{"floor":46.0,"key":"StuffTheSpire:Mouthbags"}],"event_choices":[{"damage_healed":0.0,"max_hp_gain":0.0,"max_hp_loss":0.0,"gold_gain":0.0,"event_name":"betterMatch:BetterMatch","player_choice":"2","floor":13.0,"gold_loss":0.0,"damage_taken":0.0,"cards_obtained":["betterMatch:UncommonCard","betterMatch:CommonCard"]},{"damage_healed":0.0,"max_hp_gain":0.0,"max_hp_loss":0.0,"gold_gain":0.0,"event_name":"Vampires","player_choice":"Ignored","floor":20.0,"gold_loss":0.0,"damage_taken":0.0},{"damage_healed":0.0,"max_hp_gain":0.0,"max_hp_loss":0.0,"gold_gain":100.0,"event_name":"Golden Shrine","player_choice":"Pray","floor":22.0,"gold_loss":0.0,"damage_taken":0.0},{"cards_removed":["mysticmod:Strike_Mystic"],"damage_healed":0.0,"max_hp_gain":0.0,"max_hp_loss":0.0,"gold_gain":0.0,"event_name":"Purifier","player_choice":"Purged","floor":30.0,"gold_loss":0.0,"damage_taken":0.0}],"is_beta":false,"boss_relics":[{"not_picked":["Cursed Key","aspiration:SilentSkillbook"],"picked":"beaked:MawFillet"},{"not_picked":["aspiration:PoetsPen_weak","mysticmod:CrystalBall"],"picked":"halation:PinkAlligatorPlush"}],"items_purged_floors":[],"is_endless":true,"potions_floor_spawned":[2,14,18,23,25,28,31,38,41,45],"ascension_level":0}}