{"host":"gobyjzz6xbwq9f9i","time":1612149231,"event":{"mods":["AchievementEnabler","BaseMod","Bestiary","Colored Map","Minty Spire (QoL Compilation)","Relic Stats"],"gold_per_floor":[111,111,129,144,144,144,159,186,186,261,261,261,304,329,329,459,459,479,479,502,85,108,143,143,187,187,206,206,239,239,259,259,385,385,404,737,747,767,791,822,833,101,101,151,151,3,3,28,28,28],"floor_reached":51,"language":"ENG","playtime":2211,"items_purged":["Strike_P","Strike_P+1"],"score":1160,"play_id":"7d660fbd-ea50-44d2-99c7-afd45343bc8e","local_time":"20210131191351","is_ascension_mode":true,"campfire_choices":[{"data":"BowlingBash","floor":6.0,"key":"SMITH"},{"data":"EmptyFist","floor":11.0,"key":"SMITH"},{"data":"TalkToTheHand","floor":15.0,"key":"SMITH"},{"floor":24.0,"key":"REST"},{"floor":28.0,"key":"REST"},{"floor":32,"key":"REST"},{"floor":45,"key":"DIG"},{"floor":47,"key":"REST"},{"floor":49,"key":"DIG"}],"circlet_count":0,"master_deck":["Strike_P+1","Strike_P+1","Defend_P+1","Defend_P+1","Defend_P+1","Eruption+1","Vigilance+1","BowlingBash+1","TalkToTheHand+1","ForeignInfluence+1","EmptyFist+1","FollowUp+1","Conclude+1","Scrawl+1","Blasphemy+1","FlyingSleeves+1","Halt+1","Evaluate+1","SandsOfTime+1","EmptyMind+1","Tantrum+1","Study+1","FearNoEvil+1","CrushJoints+1","LessonLearned+1","SashWhip+1","Ragnarok+1","Fasting2+1","FlurryOfBlows+1","Indignation+1","Adaptation+1","TalkToTheHand+1","DevaForm+1","ThirdEye+1","ClearTheMind+1","MentalFortress+1","Vengeance+1"],"relics":["Philosopher\u0027s Stone","InkBottle","Molten Egg 2","Frozen Egg 2","TeardropLocket","Fusion Hammer","Ginger","Prayer Wheel","Unceasing Top","Du-Vu Doll","TungstenRod","Anchor","SacredBark","Letter Opener","OrangePellets","Ornamental Fan","Akabeko","Shovel","Dead Branch","Bottled Tornado","Blood Vial","Pocketwatch","Yang"],"acts_visited":["Exordium","TheCity","TheBeyond"],"potions_floor_usage":[37,40],"damage_taken":[{"damage":0.0,"enemies":"Small Slimes","floor":1.0,"turns":2.0},{"damage":0.0,"enemies":"2 Louse","floor":3.0,"turns":2.0},{"damage":8.0,"enemies":"Jaw Worm","floor":4.0,"turns":3.0},{"damage":7.0,"enemies":"Looter","floor":7.0,"turns":3.0},{"damage":3.0,"enemies":"Gremlin Nob","floor":8.0,"turns":3.0},{"damage":0.0,"enemies":"3 Sentries","floor":13.0,"turns":2.0},{"damage":0.0,"enemies":"Exordium Wildlife","floor":14.0,"turns":2.0},{"damage":0.0,"enemies":"Slime Boss","floor":16.0,"turns":4.0},{"damage":0.0,"enemies":"Spheric Guardian","floor":18.0,"turns":2.0},{"damage":11.0,"enemies":"3 Byrds","floor":20.0,"turns":3.0},{"damage":3.0,"enemies":"Centurion and Healer","floor":22.0,"turns":3.0},{"damage":16.0,"enemies":"Slavers","floor":23.0,"turns":2.0},{"damage":0.0,"enemies":"Gremlin Leader","floor":25.0,"turns":3.0},{"damage":0.0,"enemies":"Shelled Parasite and Fungi","floor":27.0,"turns":1.0},{"damage":21,"enemies":"Slavers","floor":29,"turns":3},{"damage":0,"enemies":"Chosen and Byrds","floor":31,"turns":3},{"damage":39,"enemies":"Collector","floor":33,"turns":9},{"damage":1,"enemies":"3 Darklings","floor":35,"turns":4},{"damage":0,"enemies":"Orb Walker","floor":37,"turns":1},{"damage":0,"enemies":"Transient","floor":38,"turns":5},{"damage":22,"enemies":"Reptomancer","floor":40,"turns":3},{"damage":0,"enemies":"3 Darklings","floor":41,"turns":2},{"damage":0,"enemies":"Mind Bloom Boss Battle","floor":44,"turns":3},{"damage":0,"enemies":"Giant Head","floor":48,"turns":2},{"damage":1,"enemies":"Donu and Deca","floor":50,"turns":7}],"seed_played":"-8714859269845916742","potions_obtained":[{"floor":4.0,"key":"SkillPotion"},{"floor":13.0,"key":"Regen Potion"},{"floor":25.0,"key":"Energy Potion"},{"floor":27.0,"key":"Ancient Potion"},{"floor":33,"key":"SteroidPotion"},{"floor":37,"key":"ColorlessPotion"},{"floor":40,"key":"DuplicationPotion"}],"is_trial":false,"path_per_floor":["M","?","M","M","?","R","M","E","T","?","R","?","E","M","R","B",null,"M","?","M","$","M","E","R","E","T","M","R","E","?","M","R","B",null,"M","?","M","M","T","E","M","$","T","?","R","$","R","E","R","B",null],"character_chosen":"WATCHER","items_purchased":["Prayer Wheel","SteroidPotion","OrangePellets","MentalFortress+1","Ornamental Fan","Akabeko","Blood Vial"],"campfire_rested":4,"item_purchase_floors":[21,21,42,42,42,42,46],"current_hp_per_floor":[72,65,65,57,45,45,38,35,35,24,24,24,24,24,24,24,56,56,56,45,45,42,26,46,46,46,46,66,45,45,45,65,26,57,56,56,56,56,56,34,34,34,34,34,34,34,54,56,56,57],"gold":28,"neow_bonus":"BOSS_RELIC","is_daily":false,"chose_seed":false,"campfire_upgraded":3,"win_rate":0.0,"timestamp":1612149231,"path_taken":["M","?","M","M","?","R","M","E","T","?","R","?","E","M","R","BOSS","M","?","M","$","M","E","R","E","T","M","R","E","?","?","R","BOSS","M","?","M","M","?","E","M","$","T","?","R","$","R","E","R","BOSS"],"items_purchased_type":["Relic","Potion","Relic","Card","Relic","Relic","Relic"],"build_version":"2020-12-22","purchased_purges":2,"victory":true,"max_hp_per_floor":[72,72,72,72,72,72,72,72,72,72,72,67,67,67,67,67,67,67,67,67,67,67,67,67,67,67,67,67,67,67,67,67,67,67,67,67,67,67,67,67,67,67,67,67,67,67,67,67,67,67],"relic_stats":{"counters":[25,77],"Dead Branch":[11],"Yang":[26],"Ginger":[6],"Letter Opener":[39],"Blood Vial":4,"OrangePellets":[5],"Shovel":2,"Ornamental Fan":[40],"Prayer Wheel":7,"obtain_stats":[{"SacredBark":34,"Yang":49,"TeardropLocket":13,"Ginger":19,"Bottled Tornado":45,"Blood Vial":46,"Shovel":43,"Philosopher\u0027s Stone":0,"Prayer Wheel":21,"Fusion Hammer":17,"InkBottle":5,"Golden Idol":12,"Dead Branch":44,"Letter Opener":40,"Frozen Egg 2":9,"Akabeko":42,"Du-Vu Doll":25,"OrangePellets":42,"Anchor":29,"Ornamental Fan":42,"Molten Egg 2":8,"PureWater":0,"Unceasing Top":23,"TungstenRod":26,"Pocketwatch":48},{"SacredBark":17,"Yang":24,"TeardropLocket":6,"Ginger":9,"Bottled Tornado":23,"Blood Vial":23,"Shovel":22,"Philosopher\u0027s Stone":0,"Prayer Wheel":10,"Fusion Hammer":8,"InkBottle":3,"Golden Idol":5,"Dead Branch":23,"Letter Opener":21,"Frozen Egg 2":5,"Akabeko":22,"Du-Vu Doll":13,"OrangePellets":22,"Anchor":15,"Ornamental Fan":22,"Molten Egg 2":5,"PureWater":0,"Unceasing Top":12,"TungstenRod":13,"Pocketwatch":24},{"SacredBark":50,"Yang":70,"TeardropLocket":15,"Ginger":23,"Bottled Tornado":68,"Blood Vial":68,"Shovel":65,"Philosopher\u0027s Stone":0,"Prayer Wheel":26,"Fusion Hammer":21,"InkBottle":7,"Golden Idol":13,"Dead Branch":68,"Letter Opener":63,"Frozen Egg 2":13,"Akabeko":65,"Du-Vu Doll":34,"OrangePellets":65,"Anchor":38,"Ornamental Fan":65,"Molten Egg 2":13,"PureWater":0,"Unceasing Top":31,"TungstenRod":34,"Pocketwatch":70}],"InkBottle":[32],"Unceasing Top":[3],"TungstenRod":9,"Pocketwatch":[1]},"card_choices":[{"not_picked":["SashWhip","FearNoEvil"],"picked":"BowlingBash","floor":1.0},{"not_picked":["SashWhip","PathToVictory"],"picked":"TalkToTheHand","floor":3.0},{"not_picked":["Devotion","WaveOfTheHand"],"picked":"ForeignInfluence","floor":4.0},{"not_picked":["MentalFortress","TalkToTheHand"],"picked":"EmptyFist","floor":7.0},{"not_picked":["Prostrate","BattleHymn"],"picked":"FollowUp+1","floor":8.0},{"not_picked":["Pray","LikeWater+1"],"picked":"Conclude+1","floor":13.0},{"not_picked":["EmptyFist+1","EmptyBody"],"picked":"Scrawl","floor":14.0},{"not_picked":["Ragnarok+1","MasterReality+1"],"picked":"Blasphemy","floor":16.0},{"not_picked":["Sanctity","Prostrate"],"picked":"FlyingSleeves+1","floor":18.0},{"not_picked":["DeceiveReality","SashWhip+1"],"picked":"Halt+1","floor":20.0},{"not_picked":["Consecrate+1","Worship"],"picked":"Evaluate+1","floor":22.0},{"not_picked":["WheelKick+1","Vengeance"],"picked":"SandsOfTime+1","floor":22.0},{"not_picked":["Halt","Omniscience"],"picked":"EmptyMind+1","floor":23.0},{"not_picked":["Adaptation+1","Collect"],"picked":"Tantrum+1","floor":25.0},{"not_picked":["Halt","Consecrate+1"],"picked":"Study+1","floor":27.0},{"not_picked":["ClearTheMind","JustLucky+1"],"picked":"FearNoEvil+1","floor":27.0},{"not_picked":["ThirdEye+1","JustLucky+1"],"picked":"CrushJoints+1","floor":29},{"not_picked":["Prostrate+1","CutThroughFate+1"],"picked":"LessonLearned+1","floor":31},{"not_picked":["EmptyBody","Halt"],"picked":"SashWhip+1","floor":31},{"not_picked":["SpiritShield","MasterReality+1"],"picked":"Ragnarok+1","floor":33},{"not_picked":["FollowUp+1","Collect+1"],"picked":"Fasting2+1","floor":35},{"not_picked":["FollowUp+1","EmptyBody"],"picked":"FlurryOfBlows+1","floor":35},{"not_picked":["Crescendo+1","Nirvana+1"],"picked":"Indignation+1","floor":37},{"not_picked":["Halt+1","PathToVictory"],"picked":"Adaptation+1","floor":37},{"not_picked":["MentalFortress+1","Prostrate+1"],"picked":"TalkToTheHand+1","floor":38},{"not_picked":["EmptyFist+1","FollowUp+1","Vengeance"],"picked":"SKIP","floor":38},{"not_picked":["WheelKick+1","SashWhip+1"],"picked":"DevaForm+1","floor":40},{"not_picked":["Evaluate","SashWhip+1"],"picked":"ThirdEye+1","floor":41},{"not_picked":["LikeWater+1","WreathOfFlame+1"],"picked":"ClearTheMind+1","floor":41},{"not_picked":["Study+1","EmptyBody"],"picked":"Vengeance+1","floor":44},{"not_picked":["DevaForm+1","FearNoEvil+1","ReachHeaven+1"],"picked":"SKIP","floor":48}],"player_experience":1249942,"relics_obtained":[{"floor":8.0,"key":"Molten Egg 2"},{"floor":9.0,"key":"Frozen Egg 2"},{"floor":13.0,"key":"TeardropLocket"},{"floor":23.0,"key":"Unceasing Top"},{"floor":25.0,"key":"Du-Vu Doll"},{"floor":26.0,"key":"TungstenRod"},{"floor":29,"key":"Anchor"},{"floor":40,"key":"Letter Opener"},{"floor":43,"key":"Shovel"},{"floor":44,"key":"Dead Branch"},{"floor":45,"key":"Bottled Tornado"},{"floor":48,"key":"Pocketwatch"},{"floor":49,"key":"Yang"}],"event_choices":[{"cards_removed":["Defend_P"],"damage_healed":0.0,"max_hp_gain":0.0,"max_hp_loss":0.0,"gold_gain":0.0,"event_name":"Golden Wing","player_choice":"Card Removal","floor":2.0,"gold_loss":0.0,"damage_taken":7.0},{"damage_healed":0.0,"max_hp_gain":0.0,"max_hp_loss":0.0,"gold_gain":0.0,"event_name":"Scrap Ooze","player_choice":"Success","floor":5.0,"gold_loss":0.0,"damage_taken":12.0,"relics_obtained":["InkBottle"]},{"damage_healed":0.0,"max_hp_gain":0.0,"max_hp_loss":0.0,"gold_gain":75.0,"event_name":"World of Goop","player_choice":"Gather Gold","floor":10.0,"gold_loss":0.0,"damage_taken":11.0},{"damage_healed":0.0,"max_hp_gain":0.0,"max_hp_loss":5.0,"gold_gain":0.0,"event_name":"Golden Idol","player_choice":"Lose Max HP","floor":12.0,"gold_loss":0.0,"damage_taken":0.0,"relics_obtained":["Golden Idol"]},{"damage_healed":0.0,"max_hp_gain":0.0,"max_hp_loss":0.0,"gold_gain":0.0,"event_name":"The Mausoleum","player_choice":"Opened","floor":19.0,"gold_loss":0.0,"damage_taken":0.0,"relics_obtained":["Ginger"]},{"damage_healed":0,"gold_gain":0,"player_choice":"Simplicity","damage_taken":0,"max_hp_gain":0,"max_hp_loss":0,"event_name":"Back to Basics","floor":30,"gold_loss":0,"cards_upgraded":["Strike_P","Strike_P","Strike_P","Defend_P","Defend_P","Defend_P"]},{"damage_healed":0,"gold_gain":333,"player_choice":"Gave Idol","damage_taken":0,"max_hp_gain":0,"max_hp_loss":0,"event_name":"The Moai Head","floor":36,"relics_lost":["Golden Idol"],"gold_loss":0},{"damage_healed":0,"gold_gain":0,"player_choice":"Fight","damage_taken":0,"max_hp_gain":0,"max_hp_loss":0,"event_name":"MindBloom","floor":44,"gold_loss":0}],"is_beta":false,"boss_relics":[{"not_picked":["Ectoplasm","Snecko Eye"],"picked":"Fusion Hammer"},{"not_picked":["Runic Dome","Empty Cage"],"picked":"SacredBark"}],"items_purged_floors":[21,42],"is_endless":false,"potions_floor_spawned":[4,13,22,25,27,33,37,40,41],"ascension_level":5}}