{"host":"czyddnh1ekzxzhp2","time":1612159589,"event":{"mods":["BaseMod","Better Third Choice","BetterRewards","Hermit","Minty Spire (QoL Compilation)","StSLib"],"gold_per_floor":[359,104,120,38,38,38,72,88,88,88,109,149,149,162,162,285,285,300,65,65,139,189,189,224,224,224,258,274,274,315,365,365],"floor_reached":31,"language":"ENG","playtime":2022,"items_purged":[],"score":331,"play_id":"576219d7-d7b5-45b2-9cb8-b09f95d2d786","local_time":"20210201010629","is_ascension_mode":true,"campfire_choices":[{"data":"hermit:Maintenance","floor":6.0,"key":"SMITH"},{"floor":13.0,"key":"REST"},{"data":"hermit:Maintenance","floor":15.0,"key":"SMITH"},{"data":"hermit:ShadowCloak","floor":23,"key":"SMITH"},{"data":"hermit:CursedWeapon","floor":25,"key":"SMITH"},{"floor":29,"key":"REST"}],"circlet_count":0,"master_deck":["hermit:Strike_Hermit","hermit:Strike_Hermit","hermit:Strike_Hermit","hermit:Defend_Hermit","hermit:Defend_Hermit","hermit:Defend_Hermit","hermit:Defend_Hermit","hermit:Snapshot","hermit:Covet","hermit:Maintenance+1","Injury","hermit:Maintenance+1","hermit:ShadowCloak+1","hermit:CursedWeapon+1","hermit:Reprieve","hermit:BigShot","hermit:Virtue"],"relics":["hermit:Momento","Eternal Feather","Golden Idol","Mercury Hourglass","HornCleat","Vajra","Busted Crown","Happy Flower","SsserpentHead","Blood Vial","hermit:RedScarf","Shuriken","Mummified Hand","Smiling Mask"],"acts_visited":["Exordium","TheCity"],"potions_floor_usage":[24,24,28,31],"damage_taken":[{"damage":2.0,"enemies":"Jaw Worm","floor":1.0,"turns":3.0},{"damage":0.0,"enemies":"Small Slimes","floor":3.0,"turns":3.0},{"damage":10.0,"enemies":"3 Sentries","floor":7.0,"turns":7.0},{"damage":0.0,"enemies":"Cultist","floor":8.0,"turns":4.0},{"damage":3.0,"enemies":"Exordium Thugs","floor":11.0,"turns":4.0},{"damage":1.0,"enemies":"Lagavulin","floor":12.0,"turns":7.0},{"damage":0.0,"enemies":"2 Fungi Beasts","floor":14.0,"turns":4.0},{"damage":11.0,"enemies":"The Guardian","floor":16.0,"turns":11.0},{"damage":11,"enemies":"Shell Parasite","floor":18,"turns":6},{"damage":23,"enemies":"2 Thieves","floor":21,"turns":4},{"damage":14,"enemies":"Slavers","floor":24,"turns":5},{"damage":45,"enemies":"Gremlin Leader","floor":27,"turns":8},{"damage":2,"enemies":"Centurion and Healer","floor":28,"turns":6},{"damage":54,"enemies":"Slavers","floor":30,"turns":7},{"damage":2,"enemies":"Colosseum Slavers","floor":31,"turns":2},{"damage":47,"enemies":"Colosseum Nobs","floor":31,"turns":5}],"seed_played":"-7970154972842836637","potions_obtained":[{"floor":3.0,"key":"SpeedPotion"},{"floor":8.0,"key":"ColorlessPotion"},{"floor":11.0,"key":"FearPotion"},{"floor":12.0,"key":"FairyPotion"},{"floor":18,"key":"LiquidMemories"},{"floor":27,"key":"Swift Potion"},{"floor":30,"key":"AttackPotion"}],"is_trial":false,"path_per_floor":["M","$","M","$","?","R","E","M","T","?","M","E","R","M","R","B",null,"M","$","?","M","T","R","E","R","T","E","M","R","E","?"],"character_chosen":"HERMIT","items_purchased":["Eternal Feather","hermit:Maintenance","hermit:Reprieve","Happy Flower"],"campfire_rested":2,"item_purchase_floors":[2,4,19,19],"current_hp_per_floor":[52,52,52,52,52,58,48,48,48,41,38,37,65,65,71,60,75,64,64,64,45,45,54,46,55,55,12,20,51,22,0,0],"gold":365,"neow_bonus":"TWO_FIFTY_GOLD","is_daily":false,"chose_seed":false,"campfire_upgraded":4,"win_rate":0.0,"timestamp":1612159589,"path_taken":["M","$","M","$","?","R","E","M","T","?","M","E","R","M","R","BOSS","M","$","?","?","?","R","E","R","T","E","M","R","E","?"],"items_purchased_type":["Relic","Card","Card","Relic"],"build_version":"2020-12-22","purchased_purges":0,"victory":false,"max_hp_per_floor":[75,75,75,75,75,75,75,75,75,75,75,75,75,75,75,75,75,75,75,75,75,75,75,75,75,75,75,75,75,75,75,75],"card_choices":[{"not_picked":["hermit:Dive","hermit:Coalescence","hermit:CalledShot"],"picked":"SKIP","floor":1.0},{"not_picked":["hermit:Desperado","hermit:HoleUp","hermit:Roulette"],"picked":"SKIP","floor":3.0},{"not_picked":["hermit:Cheat","hermit:TakeCover"],"picked":"hermit:Maintenance","floor":7.0},{"not_picked":["hermit:Desperado","hermit:Misfire","hermit:CalledShot"],"picked":"SKIP","floor":8.0},{"not_picked":["hermit:TakeAim","hermit:Vantage","hermit:Virtue"],"picked":"SKIP","floor":11.0},{"not_picked":["hermit:Reprieve","hermit:PistolWhip"],"picked":"hermit:ShadowCloak","floor":12.0},{"not_picked":["hermit:Headshot","hermit:TrackingShot"],"picked":"hermit:CursedWeapon","floor":14.0},{"not_picked":["hermit:Snipe+1"],"picked":"SKIP","floor":18},{"not_picked":["hermit:Vantage+1"],"picked":"SKIP","floor":21},{"not_picked":[],"picked":"hermit:BigShot","floor":24},{"not_picked":[],"picked":"hermit:Virtue","floor":27},{"not_picked":["hermit:WideOpen+1"],"picked":"SKIP","floor":28},{"not_picked":["hermit:Ricochet"],"picked":"SKIP","floor":30}],"player_experience":887176,"relics_obtained":[{"floor":7.0,"key":"Mercury Hourglass"},{"floor":9.0,"key":"HornCleat"},{"floor":12.0,"key":"Vajra"},{"floor":22,"key":"Blood Vial"},{"floor":24,"key":"hermit:RedScarf"},{"floor":26,"key":"Shuriken"},{"floor":27,"key":"Mummified Hand"},{"floor":30,"key":"Smiling Mask"}],"event_choices":[{"damage_healed":0.0,"max_hp_gain":0.0,"max_hp_loss":0.0,"gold_gain":0.0,"event_name":"Golden Idol","player_choice":"Take Wound","floor":5.0,"gold_loss":0.0,"damage_taken":0.0,"relics_obtained":["Golden Idol"],"cards_obtained":["Injury"]},{"cards_removed":["hermit:Strike_Hermit"],"damage_healed":0.0,"max_hp_gain":0.0,"max_hp_loss":0.0,"gold_gain":0.0,"event_name":"Golden Wing","player_choice":"Card Removal","floor":10.0,"gold_loss":0.0,"damage_taken":7.0},{"damage_healed":0,"gold_gain":0,"player_choice":"Trade","damage_taken":0,"relics_obtained":["SsserpentHead"],"max_hp_gain":0,"max_hp_loss":0,"event_name":"FaceTrader","floor":20,"gold_loss":0},{"damage_healed":0,"gold_gain":0,"player_choice":"Fight","damage_taken":0,"max_hp_gain":0,"max_hp_loss":0,"event_name":"Colosseum","floor":31,"gold_loss":0},{"damage_healed":0,"gold_gain":0,"player_choice":"Fought Nobs","damage_taken":0,"max_hp_gain":0,"max_hp_loss":0,"event_name":"Colosseum","floor":31,"gold_loss":0}],"is_beta":false,"boss_relics":[{"not_picked":["Snecko Eye","Coffee Dripper"],"picked":"Busted Crown"}],"items_purged_floors":[],"is_endless":false,"potions_floor_spawned":[3,8,11,12,18,27,30,31],"killed_by":"Colosseum Nobs","ascension_level":2}}