{"host":"ek3xvuouaw6vk9if","time":1612149770,"event":{"mods":["BaseMod","BetterRewards","Downfall","Minty Spire (QoL Compilation)","Permanent Neow","Quick Restart","Relic Stats","Replay The Spire","Spire Arcade","StSLib","The Marked","The Servant 0.9.4"],"gold_per_floor":[118,134,146,158,174,174,191,8,33,111,122,87,107,25,25,129,179,190,190,190,190,190,190,190,68,68,68,79,79,79],"floor_reached":29,"language":"ENG","playtime":1590,"items_purged":["Strike_S"],"score":378,"play_id":"954cd126-e8e8-47c2-b846-00a40710fa1f","local_time":"20210131222250","is_ascension_mode":true,"campfire_choices":[{"data":"BestPractice","floor":6,"key":"SMITH"},{"data":"SilverBlades","floor":15,"key":"SMITH"},{"data":"BestPractice","floor":23,"key":"SMITH"},{"data":"TheWorld","floor":27,"key":"SMITH"}],"circlet_count":0,"master_deck":["Strike_S+1","Strike_S+1","Strike_S+1","Defend_S+1","Defend_S+1","Defend_S+1","Defend_S+1","KidneyShot","Exchange","Forethought","Impatience","Snipe","GearUp","Languid","WasteNot","Hightail","Snipe","BestPractice+1","Barrier+1","SurpressingFire","GearUp","Ricochet+1","WasteNot","BestPractice+1","SilverBlades+1","SurpressingFire","Initiator","Collapse","BottledTime","Necronomicurse","TheWorld+1","Rewind+1"],"relics":["Uniform","Lantern","Juzu Bracelet","Tiny House","Necronomicon","The Courier","Sundial"],"acts_visited":["Exordium","TheCity"],"potions_floor_usage":[5,16],"damage_taken":[{"damage":0,"enemies":"Small Slimes","floor":1,"turns":3},{"damage":2,"enemies":"2 Louse","floor":2,"turns":4},{"damage":10,"enemies":"Jaw Worm","floor":3,"turns":9},{"damage":8,"enemies":"Blue Slaver","floor":4,"turns":5},{"damage":14,"enemies":"Exordium Wildlife","floor":5,"turns":6},{"damage":3,"enemies":"3 Louse","floor":7,"turns":4},{"damage":0,"enemies":"Red Slaver","floor":11,"turns":7},{"damage":9,"enemies":"Exordium Wildlife","floor":13,"turns":5},{"damage":9,"enemies":"Hexaghost","floor":16,"turns":15},{"damage":22,"enemies":"Shell Parasite","floor":18,"turns":8},{"damage":11,"enemies":"Spheric Guardian","floor":28,"turns":5},{"damage":25,"enemies":"Replay:Snechameleon","floor":29,"turns":11}],"seed_played":"-4738507827318059722","potions_obtained":[{"floor":1,"key":"LiquidMemories"},{"floor":3,"key":"ColorlessPotion"},{"floor":7,"key":"Dexterity Potion"},{"floor":16,"key":"DuplicationPotion"},{"floor":17,"key":"Reflective Coating"}],"is_trial":false,"path_per_floor":["M","M","M","M","M","R","M","$","T","?","M","?","M","$","R","B",null,"M","?","?","?","T","R","?","$","T","R","M","E"],"character_chosen":"THE_SERVANT","items_purchased":["Impatience","Lantern","Snipe","GearUp","GearUp","Ricochet+1","WasteNot","SurpressingFire","TheWorld"],"campfire_rested":0,"item_purchase_floors":[0,0,0,0,8,8,8,14,25],"current_hp_per_floor":[58,56,46,38,24,24,21,21,21,21,21,37,28,28,28,19,70,48,32,32,32,32,32,32,32,32,32,21,0,0],"gold":79,"neow_bonus":"","is_daily":false,"chose_seed":false,"campfire_upgraded":4,"win_rate":0.0,"timestamp":1612149770,"path_taken":["M","M","M","M","M","R","M","$","T","?","M","?","M","$","R","BOSS","M","?","?","?","?","R","?","$","T","R","M","E"],"items_purchased_type":["Card","Relic","Card","Card","Card","Card","Card","Card","Card"],"build_version":"2020-12-22","purchased_purges":1,"victory":false,"max_hp_per_floor":[65,65,65,65,65,65,65,65,65,65,65,65,65,65,65,65,70,70,70,70,70,70,70,70,70,70,70,70,70,70],"relic_stats":{"counters":[68,349],"Sundial":[2],"Juzu Bracelet":0,"Necronomicon":[1],"obtain_stats":[{"Lantern":0,"Snecko Heart":17,"Tiny House":17,"RobotSpaceExplorer:PlasmaHourglass":37,"Vajra":9,"Painkiller Herb":34,"Bag of Preparation":12,"Replay:Multitool":11,"Juzu Bracelet":9,"Ginger":23,"Boot":8,"Blood Vial":44,"Nunchaku":24,"Replay:Bandana":31,"Sundial":26,"Honey Jar":34,"Prayer Wheel":0,"Philosopher\u0027s Stone":17,"MealTicket":40,"Red Mask":19,"Replay:Bottled Flurry":26,"PocketWatch":38,"Necronomicon":19,"Toxic Egg 2":28,"Potion Belt":48,"Quantum Egg":6,"Dead Branch":23,"Replay:Grab Bag":34,"Oddly Smooth Stone":43,"RobotSpaceExplorer:RoboCore":0,"Pen Nib":40,"The Courier":22,"Orichalcum":9,"Question Card":26,"OrangePellets":19,"Busted Crown":34,"Black Star":34,"Bottled Lightning":13,"Toy Ornithopter":43,"Unceasing Top":48,"FossilizedHelix":48},{"Lantern":56,"Snecko Heart":11,"Tiny House":65,"RobotSpaceExplorer:PlasmaHourglass":20,"Vajra":5,"Painkiller Herb":47,"Bag of Preparation":8,"Replay:Multitool":34,"Juzu Bracelet":62,"Ginger":16,"Boot":5,"Blood Vial":25,"Nunchaku":16,"Replay:Bandana":18,"Sundial":66,"Honey Jar":19,"Prayer Wheel":28,"Philosopher\u0027s Stone":37,"MealTicket":52,"Red Mask":13,"Replay:Bottled Flurry":42,"PocketWatch":51,"Necronomicon":66,"Toxic Egg 2":44,"Potion Belt":27,"Quantum Egg":31,"Dead Branch":41,"Replay:Grab Bag":47,"Oddly Smooth Stone":24,"RobotSpaceExplorer:RoboCore":0,"Pen Nib":23,"The Courier":66,"Orichalcum":32,"Question Card":16,"OrangePellets":38,"Busted Crown":47,"Black Star":47,"Bottled Lightning":35,"Toy Ornithopter":53,"Unceasing Top":55,"FossilizedHelix":55},{"Lantern":271,"Snecko Heart":43,"Tiny House":326,"RobotSpaceExplorer:PlasmaHourglass":83,"Vajra":19,"Painkiller Herb":212,"Bag of Preparation":29,"Replay:Multitool":150,"Juzu Bracelet":300,"Ginger":60,"Boot":19,"Blood Vial":108,"Nunchaku":60,"Replay:Bandana":69,"Sundial":333,"Honey Jar":78,"Prayer Wheel":129,"Philosopher\u0027s Stone":166,"MealTicket":240,"Red Mask":48,"Replay:Bottled Flurry":189,"PocketWatch":233,"Necronomicon":333,"Toxic Egg 2":198,"Potion Belt":119,"Quantum Egg":141,"Dead Branch":186,"Replay:Grab Bag":212,"Oddly Smooth Stone":102,"RobotSpaceExplorer:RoboCore":0,"Pen Nib":95,"The Courier":333,"Orichalcum":144,"Question Card":60,"OrangePellets":171,"Busted Crown":212,"Black Star":212,"Bottled Lightning":157,"Toy Ornithopter":244,"Unceasing Top":258,"FossilizedHelix":258}]},"card_choices":[{"not_picked":["Unruled","TimeWarp"],"picked":"WasteNot","floor":1},{"not_picked":["InstantArmor","DoubleEdge"],"picked":"Hightail","floor":2},{"not_picked":["Potential","Foresight"],"picked":"Snipe","floor":3},{"not_picked":["Shuttle","Potential"],"picked":"BestPractice","floor":4},{"not_picked":["GearUp","DoubleEdge"],"picked":"Barrier","floor":5},{"not_picked":["Unruled","Defy"],"picked":"SurpressingFire","floor":7},{"not_picked":["DoubleEdge","Foresight"],"picked":"BestPractice","floor":11},{"not_picked":["Revamp","BottledTime"],"picked":"SilverBlades","floor":13},{"not_picked":["Deny","PendulumOfEternity"],"picked":"Initiator","floor":16},{"not_picked":["Ricochet","GearUp"],"picked":"Collapse","floor":17},{"not_picked":["Replace","ShatteredReality"],"picked":"BottledTime","floor":18},{"not_picked":["FastForward","Ricochet"],"picked":"Rewind+1","floor":28}],"player_experience":768126,"relics_obtained":[{"floor":9,"key":"Juzu Bracelet"},{"floor":19,"key":"Necronomicon"},{"floor":22,"key":"The Courier"},{"floor":26,"key":"Sundial"}],"event_choices":[{"damage_healed":0,"gold_gain":78,"player_choice":"Gained Gold","damage_taken":0,"max_hp_gain":0,"max_hp_loss":0,"event_name":"Golden Wing","floor":10,"gold_loss":0},{"damage_healed":16,"gold_gain":0,"player_choice":"Healed","damage_taken":0,"max_hp_gain":0,"max_hp_loss":0,"event_name":"The Cleric","floor":12,"gold_loss":35},{"damage_healed":0,"gold_gain":0,"player_choice":"Obtained Book","damage_taken":16,"max_hp_gain":0,"max_hp_loss":0,"event_name":"Cursed Tome","floor":19,"gold_loss":0},{"damage_healed":0,"gold_gain":0,"player_choice":"Simplicity","damage_taken":0,"max_hp_gain":0,"max_hp_loss":0,"event_name":"Back to Basics","floor":24,"gold_loss":0,"cards_upgraded":["Strike_S","Strike_S","Strike_S","Defend_S","Defend_S","Defend_S","Defend_S"]}],"is_beta":false,"boss_relics":[{"not_picked":["Pandora\u0027s Box","Honey Jar"],"picked":"Tiny House"}],"items_purged_floors":[0],"is_endless":false,"potions_floor_spawned":[1,3,7,16,18,28],"killed_by":"Replay:Snechameleon","ascension_level":4}}