{"host":"4jpe1m3cviuzvkch","time":1612185306,"event":{"mods":["BaseMod","Marisa£®ÏF”Í°°ƒß¿Ì…≥£©","Minty Spire (QoL Compilation)","Remilia£®¿Ÿ√◊¿Ú—«£©","StSLib","The Servant 0.9.4","Youmu£®ªÍ∆«—˝√Œ£©"],"gold_per_floor":[117,117,42,42,61,96,108,108,135,166,207,235,247,294,306,421,433,465,576,588,619,31,31,63,63,87,87,103,123,1,1,1,99,99,117,117,3,3,14,14,32,32,32,63,83,103,133,148,148,148],"floor_reached":51,"language":"ZHS","playtime":1822,"items_purged":["Defend_RM","Envy_TH"],"score":1090,"play_id":"687b0e0e-0644-4348-be8d-60cd64d5ab6a","local_time":"20210201211506","is_ascension_mode":true,"campfire_choices":[{"data":"BloodHunter","floor":13,"key":"SMITH"},{"data":"MastersStateliness","floor":15,"key":"SMITH"},{"data":"BlasphemousPunishment","floor":23,"key":"SMITH"},{"data":"LeisurelyOfLord","floor":25,"key":"SMITH"},{"data":"KillingBlow","floor":32,"key":"SMITH"},{"data":"DemonKingCradle","floor":40,"key":"SMITH"},{"data":"EquivalentExchange","floor":42,"key":"SMITH"},{"data":"UnstableMagic","floor":49,"key":"SMITH"}],"circlet_count":0,"master_deck":["RedMoon","ScarletShoot","MastersStateliness+1","NightLord","BloodHunter+1","ScarletNetherworld","LeisurelyOfLord+1","DevilSight","HunterOfTheNight","MastersStateliness+1","AfternoonTea","KillingBlow+1","VampireClaw","SuperhumanBloodyKnife","UnstableMagic+1","StarOfDavid","BlasphemousPunishment+1","EquivalentExchange+1","UltimateOffering","DemonKingCradle+1","Stigmanizer","Violence","SuperhumanBloodyKnife+1","MastersStateliness+1","BombardNight+1","ScarletImprint+1"],"relics":["ScarletHat","NeowsBlessing","Bag of Preparation","HornCleat","MawBank","Vajra","Potion Belt","Pandora\u0027s Box","Matryoshka","Bottled Lightning","Incense Burner","RedBat","Regal Pillow","Ancient Tea Set","The Courier","Pen Nib","Lantern","Black Star","StoneCalendar","Bag of Marbles","Toy Ornithopter","Blood Vial","Ice Cream"],"acts_visited":["Exordium","TheCity","TheBeyond"],"potions_floor_usage":[16,16,29,29,41,46,46,48,50],"damage_taken":[{"damage":0,"enemies":"2 Louse","floor":1,"turns":1},{"damage":0,"enemies":"Small Slimes","floor":5,"turns":1},{"damage":0,"enemies":"Lagavulin","floor":6,"turns":1},{"damage":0,"enemies":"Cultist","floor":7,"turns":4},{"damage":0,"enemies":"Looter","floor":10,"turns":4},{"damage":0,"enemies":"Gremlin Nob","floor":11,"turns":3},{"damage":8,"enemies":"Red Slaver","floor":12,"turns":5},{"damage":0,"enemies":"3 Sentries","floor":14,"turns":3},{"damage":52,"enemies":"Hexaghost","floor":16,"turns":5},{"damage":8,"enemies":"3 Byrds","floor":18,"turns":5},{"damage":15,"enemies":"Chosen","floor":21,"turns":5},{"damage":10,"enemies":"Gremlin Leader","floor":24,"turns":3},{"damage":0,"enemies":"Centurion and Healer","floor":28,"turns":3},{"damage":3,"enemies":"Snecko","floor":29,"turns":6},{"damage":75,"enemies":"Champ","floor":33,"turns":5},{"damage":0,"enemies":"3 Shapes","floor":35,"turns":2},{"damage":8,"enemies":"Orb Walker","floor":39,"turns":2},{"damage":34,"enemies":"Maw","floor":41,"turns":4},{"damage":10,"enemies":"Nemesis","floor":44,"turns":3},{"damage":4,"enemies":"Sphere and 2 Shapes","floor":45,"turns":2},{"damage":43,"enemies":"Transient","floor":46,"turns":5},{"damage":10,"enemies":"Giant Head","floor":47,"turns":3},{"damage":1,"enemies":"Spire Growth","floor":48,"turns":3},{"damage":49,"enemies":"Time Eater","floor":50,"turns":5}],"seed_played":"-7332502059406300660","potions_obtained":[{"floor":5,"key":"SneckoOil"},{"floor":7,"key":"LiquidBronze"},{"floor":12,"key":"PowerPotion"},{"floor":14,"key":"SpeedPotion"},{"floor":21,"key":"Explosive Potion"},{"floor":24,"key":"Strength Potion"},{"floor":29,"key":"Fire Potion"},{"floor":44,"key":"LiquidBronze"},{"floor":45,"key":"PowerPotion"},{"floor":46,"key":"Block Potion"},{"floor":47,"key":"DistilledChaos"}],"is_trial":false,"path_per_floor":["M","?","$","?","M","E","M","?","T","M","E","M","R","E","R","B",null,"M","?","?","M","$","R","E","R","T","T","M","M","$","?","R","B",null,"M","?","$","?","M","R","M","R","T","E","M","M","E","M","R","B",null],"character_chosen":"REMILIA","items_purchased":["Matryoshka","Bottled Lightning","Pen Nib","EntropicBrew","PowerPotion"],"campfire_rested":0,"item_purchase_floors":[22,22,30,37,37],"current_hp_per_floor":[75,63,63,63,63,63,64,64,64,64,67,62,62,63,63,28,75,67,67,67,52,52,52,48,48,48,48,58,73,73,73,73,28,75,75,75,75,75,70,70,43,43,43,33,32,52,75,75,75,56],"gold":148,"neow_bonus":"THREE_ENEMY_KILL","is_daily":false,"chose_seed":false,"campfire_upgraded":8,"win_rate":0.0,"timestamp":1612185306,"path_taken":["M","?","$","?","M","E","?","?","T","?","E","M","R","E","R","BOSS","M","?","?","M","$","R","E","R","T","?","?","M","$","?","R","BOSS","M","?","$","?","M","R","M","R","T","E","M","M","E","M","R","BOSS"],"items_purchased_type":["Relic","Relic","Relic","Potion","Potion"],"build_version":"2020-12-22","purchased_purges":2,"victory":true,"max_hp_per_floor":[75,75,75,75,75,75,75,75,75,75,75,75,75,75,75,75,75,75,75,75,75,75,75,75,75,75,75,75,75,75,75,75,75,75,75,75,75,75,75,75,75,75,75,75,75,75,75,75,75,75],"card_choices":[{"not_picked":["CharismaGuard","ScarletImprint"],"picked":"MastersStateliness","floor":1},{"not_picked":["MastersStateliness","DiffusionOfMisfortune"],"picked":"BloodHunter","floor":5},{"not_picked":["UnstableMagic","MastersStateliness"],"picked":"ScarletNetherworld","floor":6},{"not_picked":["ChainGang","GlobalNightmare"],"picked":"LeisurelyOfLord","floor":7},{"not_picked":["UnderTheZenith","Septette"],"picked":"DevilSight","floor":10},{"not_picked":["BloodyTrap","ScarletCoffin"],"picked":"HunterOfTheNight","floor":11},{"not_picked":["RedMagic","CharismaGuard"],"picked":"MastersStateliness","floor":12},{"not_picked":["NightDance","Septette"],"picked":"AfternoonTea","floor":14},{"not_picked":["HeartBreak","ForecastOfChange"],"picked":"KillingBlow","floor":16},{"not_picked":["ReincarnationDial+1","ScarletImprint"],"picked":"StarOfDavid","floor":18},{"not_picked":["EndlessAdversity","VampireKiss"],"picked":"BlasphemousPunishment","floor":21},{"not_picked":["GlobalNightmare","Septette+1"],"picked":"EquivalentExchange","floor":24},{"not_picked":["MillenniumVampire","FitfulNightmare","RedRainbow"],"picked":"SKIP","floor":28},{"not_picked":["ReincarnationDial","CharismaGuard+1"],"picked":"UltimateOffering","floor":29},{"not_picked":["BloodRain","KillingBlow"],"picked":"DemonKingCradle","floor":33},{"not_picked":["BloodHunter+1","RedNightlessCastle+1"],"picked":"Stigmanizer","floor":35},{"not_picked":["Good Instincts","Mind Blast"],"picked":"Violence","floor":36},{"not_picked":["NightLord","Stigmanizer"],"picked":"SuperhumanBloodyKnife+1","floor":39},{"not_picked":["RedRainbow+1","UnderTheZenith"],"picked":"MastersStateliness+1","floor":41},{"not_picked":["VampireClaw","ScarletDevil","BloodRain"],"picked":"SKIP","floor":44},{"not_picked":["StarOfDavid","ScarletImprint"],"picked":"BombardNight+1","floor":45},{"not_picked":["LeisurelyOfLord","UnstableMagic"],"picked":"ScarletImprint+1","floor":46},{"not_picked":["Stigmanizer+1","SuperhumanBloodyKnife","UnderTheZenith"],"picked":"SKIP","floor":47},{"not_picked":["BombardNight","EndlessAdversity","VampireClaw"],"picked":"SKIP","floor":48}],"player_experience":314960,"relics_obtained":[{"floor":6,"key":"HornCleat"},{"floor":9,"key":"MawBank"},{"floor":11,"key":"Vajra"},{"floor":14,"key":"Potion Belt"},{"floor":24,"key":"Incense Burner"},{"floor":26,"key":"RedBat"},{"floor":26,"key":"Regal Pillow"},{"floor":27,"key":"Ancient Tea Set"},{"floor":27,"key":"The Courier"},{"floor":43,"key":"StoneCalendar"},{"floor":44,"key":"Bag of Marbles"},{"floor":44,"key":"Toy Ornithopter"},{"floor":47,"key":"Blood Vial"},{"floor":47,"key":"Ice Cream"}],"event_choices":[{"damage_healed":0,"gold_gain":0,"player_choice":"Success","damage_taken":12,"relics_obtained":["Bag of Preparation"],"max_hp_gain":0,"max_hp_loss":0,"event_name":"Scrap Ooze","floor":2,"gold_loss":0},{"damage_healed":0,"gold_gain":0,"cards_transformed":["Strike_RM"],"player_choice":"Transformed","damage_taken":0,"max_hp_gain":0,"max_hp_loss":0,"event_name":"Transmorgrifier","floor":4,"gold_loss":0,"cards_obtained":["NightLord"]},{"damage_healed":0,"gold_gain":0,"player_choice":"Upgraded","damage_taken":0,"max_hp_gain":0,"max_hp_loss":0,"event_name":"Upgrade Shrine","floor":8,"gold_loss":0,"cards_upgraded":["MastersStateliness"]},{"damage_healed":0,"gold_gain":99,"player_choice":"Stole From Cult","damage_taken":0,"max_hp_gain":0,"max_hp_loss":0,"event_name":"Nest","floor":19,"gold_loss":0},{"damage_healed":0,"gold_gain":0,"player_choice":"Memory 1","damage_taken":0,"max_hp_gain":0,"max_hp_loss":0,"event_name":"SensoryStone","floor":36,"gold_loss":0},{"cards_removed":["CharismaGuard"],"damage_healed":0,"gold_gain":0,"player_choice":"Removed Power","damage_taken":0,"max_hp_gain":0,"max_hp_loss":0,"event_name":"Falling","floor":38,"gold_loss":0}],"is_beta":false,"boss_relics":[{"not_picked":["Empty Cage","Busted Crown"],"picked":"Pandora\u0027s Box"},{"not_picked":["Velvet Choker","Snecko Eye"],"picked":"Black Star"}],"items_purged_floors":[3,22],"is_endless":false,"potions_floor_spawned":[5,7,12,14,21,24,29,44,45,46,47],"ascension_level":2}}