{"host":"dojv50o4unegzio5","time":1612146877,"event":{"mods":["BaseMod","Better Silent Start","Ironclad Rager","Minty Spire (QoL Compilation)"],"gold_per_floor":[114,129,129,129,144,144,159,159,184,184,199,229,229,38,38,138,138,153,153,168,183,198,198,198,198,198,198,213,228,243,273,273,273,273],"floor_reached":33,"language":"ENG","playtime":3045,"items_purged":[],"score":294,"play_id":"c207060b-2f01-490a-9633-d3e73ad75976","local_time":"20210131213437","daily_mods":["Chimera","ControlledChaos","Night Terrors"],"is_ascension_mode":false,"campfire_choices":[{"data":"Zap","floor":6,"key":"SMITH"},{"floor":8,"key":"DIG"},{"floor":13,"key":"REST"},{"data":"Bandage Up","floor":15,"key":"SMITH"},{"floor":23,"key":"DIG"},{"floor":32,"key":"DIG"}],"circlet_count":0,"master_deck":["Bash","Survivor","Zap+1","Eruption","Strike_R+1","Strike_B+1","Defend_R+1","Defend_G+1","Defend_P+1","Clash","Flex","Twin Strike","Blood for Blood+1","Flex","Iron Wave+1","Bandage Up+1","Bludgeon+1","Cleave+1","Shrug It Off","Shrug It Off","Clothesline+1","Shockwave+1","Heavy Blade+1","Clash+1","Armaments+1","Sever Soul+1"],"relics":["Burning Blood","Frozen Eye","Shovel","Girya","Orichalcum","Molten Egg 2","Snecko Eye","Happy Flower","MutagenicStrength","Thread and Needle","Gambling Chip","PreservedInsect"],"acts_visited":["Exordium","TheCity"],"potions_floor_usage":[16,16,16,29,29,31],"damage_taken":[{"damage":0,"enemies":"Jaw Worm","floor":1,"turns":3},{"damage":0,"enemies":"Small Slimes","floor":2,"turns":3},{"damage":0,"enemies":"Cultist","floor":5,"turns":2},{"damage":5,"enemies":"Looter","floor":7,"turns":2},{"damage":0,"enemies":"Exordium Thugs","floor":11,"turns":3},{"damage":31,"enemies":"3 Sentries","floor":12,"turns":4},{"damage":3,"enemies":"Slime Boss","floor":16,"turns":9},{"damage":13,"enemies":"Chosen","floor":18,"turns":2},{"damage":14,"enemies":"3 Byrds","floor":20,"turns":4},{"damage":0,"enemies":"Snecko","floor":21,"turns":2},{"damage":25,"enemies":"Snake Plant","floor":22,"turns":3},{"damage":6,"enemies":"3 Cultists","floor":28,"turns":3},{"damage":0,"enemies":"Centurion and Healer","floor":29,"turns":4},{"damage":0,"enemies":"Shelled Parasite and Fungi","floor":30,"turns":2},{"damage":9,"enemies":"Book of Stabbing","floor":31,"turns":4},{"damage":78,"enemies":"Collector","floor":33,"turns":9}],"seed_played":"-6699970657251824518","potions_obtained":[{"floor":1,"key":"Fire Potion"},{"floor":2,"key":"HeartOfIron"},{"floor":11,"key":"DistilledChaos"},{"floor":21,"key":"FearPotion"},{"floor":22,"key":"FearPotion"},{"floor":28,"key":"AttackPotion"}],"is_trial":false,"path_per_floor":["M","M","?","?","M","R","M","R","T","?","M","E","R","$","R","B",null,"M","?","M","M","M","R","?","?","T","?","M","M","M","E","R","B"],"character_chosen":"IRONCLAD","items_purchased":["Fruit Juice","Bandage Up"],"campfire_rested":1,"item_purchase_floors":[14,14],"current_hp_per_floor":[80,80,85,82,85,85,85,85,85,68,74,49,80,80,80,85,85,84,84,76,82,63,63,63,63,63,63,69,75,81,78,78,0,0],"gold":273,"neow_bonus":"","is_daily":true,"chose_seed":false,"campfire_upgraded":2,"win_rate":0.0,"timestamp":1612146877,"path_taken":["M","M","?","?","M","R","M","R","T","?","M","E","R","$","R","BOSS","M","?","M","M","?","R","?","?","T","?","?","M","M","E","R","BOSS"],"items_purchased_type":["Potion","Card"],"build_version":"2020-12-22","purchased_purges":0,"victory":false,"max_hp_per_floor":[80,80,85,85,85,85,85,85,85,85,85,85,80,80,80,85,85,85,85,85,85,85,85,85,85,85,85,85,85,85,85,85,85,85],"card_choices":[{"not_picked":["Hemokinesis","Searing Blow"],"picked":"Clash","floor":1},{"not_picked":["Body Slam","Whirlwind"],"picked":"Flex","floor":2},{"not_picked":["Warcry","Clash"],"picked":"Twin Strike","floor":5},{"not_picked":["Armaments","Clash"],"picked":"Blood for Blood","floor":7},{"not_picked":["Reckless Charge","Warcry"],"picked":"Flex","floor":11},{"not_picked":["Flame Barrier","ICR:PowerAttack+1"],"picked":"Iron Wave+1","floor":12},{"not_picked":["Limit Break","Feed+1"],"picked":"Bludgeon+1","floor":16},{"not_picked":["Hemokinesis+1","Wild Strike+1"],"picked":"Cleave+1","floor":18},{"not_picked":["Fire Breathing","Blood for Blood+1"],"picked":"Shrug It Off","floor":20},{"not_picked":["Armaments","Headbutt+1"],"picked":"Clothesline+1","floor":21},{"not_picked":["Perfected Strike+1","Armaments"],"picked":"Shockwave+1","floor":22},{"not_picked":["Iron Wave+1","Warcry"],"picked":"Heavy Blade+1","floor":28},{"not_picked":["Armaments","Pommel Strike+1"],"picked":"Clash+1","floor":29},{"not_picked":["True Grit","Shrug It Off"],"picked":"Armaments+1","floor":30},{"not_picked":["True Grit","Entrench"],"picked":"Sever Soul+1","floor":31}],"player_experience":442113,"relics_obtained":[{"floor":8,"key":"Girya"},{"floor":9,"key":"Orichalcum"},{"floor":12,"key":"Molten Egg 2"},{"floor":23,"key":"Happy Flower"},{"floor":26,"key":"Thread and Needle"},{"floor":31,"key":"Gambling Chip"},{"floor":32,"key":"PreservedInsect"}],"event_choices":[{"damage_healed":0,"gold_gain":0,"player_choice":"Donut","damage_taken":0,"max_hp_gain":5,"max_hp_loss":0,"event_name":"Big Fish","floor":3,"gold_loss":0},{"damage_healed":0,"gold_gain":0,"player_choice":"Success","damage_taken":3,"relics_obtained":["Shovel"],"max_hp_gain":0,"max_hp_loss":0,"event_name":"Scrap Ooze","floor":4,"gold_loss":0},{"damage_healed":0,"gold_gain":0,"player_choice":"Entered Light","damage_taken":17,"max_hp_gain":0,"max_hp_loss":0,"event_name":"Shining Light","floor":10,"gold_loss":0,"cards_upgraded":["Blood for Blood","Defend_P"]},{"damage_healed":0,"gold_gain":0,"cards_transformed":["Strike_G"],"player_choice":"Transformed","damage_taken":0,"max_hp_gain":0,"max_hp_loss":0,"event_name":"Transmorgrifier","floor":19,"gold_loss":0,"cards_obtained":["Shrug It Off"]},{"damage_healed":0,"gold_gain":0,"player_choice":"Simplicity","damage_taken":0,"max_hp_gain":0,"max_hp_loss":0,"event_name":"Back to Basics","floor":24,"gold_loss":0,"cards_upgraded":["Strike_R","Strike_B","Defend_R","Defend_G"]},{"damage_healed":0,"gold_gain":0,"player_choice":"Inject Mutagens","damage_taken":0,"relics_obtained":["MutagenicStrength"],"max_hp_gain":0,"max_hp_loss":0,"event_name":"Drug Dealer","floor":25,"gold_loss":0},{"damage_healed":0,"gold_gain":0,"player_choice":"Ignored","damage_taken":0,"max_hp_gain":0,"max_hp_loss":0,"event_name":"N\u0027loth","floor":27,"gold_loss":0}],"is_beta":false,"boss_relics":[{"not_picked":["Runic Cube","Cursed Key"],"picked":"Snecko Eye"}],"items_purged_floors":[],"is_endless":false,"potions_floor_spawned":[1,2,11,21,22,28],"killed_by":"Collector","ascension_level":0}}