{"host":"rtczl7o4e2em2rmi","time":1612216344,"event":{"mods":["AchievementEnabler","BaseMod","Bestiary","Block Reminder","Minty Spire (QoL Compilation)","Permanent Neow","Relic Filter","Relic Stats","StSLib"],"gold_per_floor":[16,29,29,42,42,42,61,61,61,61,61,96,117,142,142,267,267,282,282,305,7,7,7],"floor_reached":22,"language":"ZHS","playtime":855,"items_purged":[],"score":298,"play_id":"924b9135-e291-4057-960b-c4c804d8d810","local_time":"20210201165224","is_ascension_mode":true,"campfire_choices":[{"data":"Sunder","floor":6.0,"key":"SMITH"},{"floor":8.0,"key":"REST"},{"data":"Zap","floor":11.0,"key":"SMITH"},{"floor":15.0,"key":"REST"}],"circlet_count":0,"master_deck":["AscendersBane","Strike_B","Strike_B","Defend_B","Defend_B","Defend_B","Defend_B","Zap+1","Dualcast","Multi-Cast","Rebound","Gash","Streamline","Sunder+1","Defragment","Rainbow","Capacitor","Beam Cell","All For One","Gash","Gash","Genetic Algorithm","White Noise"],"relics":["Cracked Core","Golden Idol","Gambling Chip","Inserter","Nloth\u0027s Gift","Toolbox"],"acts_visited":["Exordium","TheCity"],"potions_floor_usage":[],"damage_taken":[{"damage":7.0,"enemies":"2 Louse","floor":1.0,"turns":2.0},{"damage":7.0,"enemies":"Jaw Worm","floor":2.0,"turns":3.0},{"damage":6.0,"enemies":"Cultist","floor":4.0,"turns":3.0},{"damage":0.0,"enemies":"2 Fungi Beasts","floor":7.0,"turns":2.0},{"damage":18.0,"enemies":"Gremlin Nob","floor":12.0,"turns":3.0},{"damage":4.0,"enemies":"Exordium Thugs","floor":13.0,"turns":3.0},{"damage":12.0,"enemies":"Exordium Wildlife","floor":14.0,"turns":2.0},{"damage":45.0,"enemies":"The Guardian","floor":16.0,"turns":11.0},{"damage":41.0,"enemies":"2 Thieves","floor":18.0,"turns":4.0},{"damage":7.0,"enemies":"3 Byrds","floor":20.0,"turns":3.0},{"damage":13,"enemies":"Centurion and Healer","floor":22,"turns":1}],"seed_played":"-1798521053521869584","potions_obtained":[{"floor":2.0,"key":"SteroidPotion"},{"floor":12.0,"key":"EntropicBrew"},{"floor":13.0,"key":"Regen Potion"},{"floor":18.0,"key":"SpeedPotion"}],"is_trial":false,"path_per_floor":["M","M","?","M","?","R","M","R","T","?","R","E","M","M","R","B",null,"M","?","M","$","M"],"character_chosen":"DEFECT","items_purchased":["Toolbox","Genetic Algorithm","White Noise"],"campfire_rested":2,"item_purchase_floors":[21,21,21],"current_hp_per_floor":[61,54,36,30,30,30,30,52,52,52,52,34,30,18,40,10,59,18,18,11,11,0,0],"gold":7,"neow_bonus":"TRANSFORM_TWO_CARDS","is_daily":false,"chose_seed":false,"campfire_upgraded":2,"win_rate":0.0,"timestamp":1612216344,"path_taken":["M","M","?","M","?","R","?","R","T","?","R","E","M","M","R","BOSS","M","?","?","$","M"],"items_purchased_type":["Relic","Card","Card"],"build_version":"2020-12-22","purchased_purges":0,"victory":false,"max_hp_per_floor":[75,75,75,75,75,75,75,75,75,75,75,75,75,75,75,75,75,75,75,75,75,75,75],"relic_stats":{"Inserter":[4],"counters":[11,37],"Golden Idol":56,"Gambling Chip":[22],"Nloth\u0027s Gift":0,"obtain_stats":[{"Inserter":17,"Golden Idol":3,"Gambling Chip":9,"Toolbox":21,"Nloth\u0027s Gift":19,"Bottled Lightning":12,"Cracked Core":0},{"Inserter":8,"Golden Idol":2,"Gambling Chip":4,"Toolbox":10,"Nloth\u0027s Gift":9,"Bottled Lightning":5,"Cracked Core":0},{"Inserter":29,"Golden Idol":5,"Gambling Chip":10,"Toolbox":36,"Nloth\u0027s Gift":33,"Bottled Lightning":13,"Cracked Core":0}]},"card_choices":[{"not_picked":["Lockon","Cold Snap"],"picked":"Gash","floor":1.0},{"not_picked":["Scrape","Turbo"],"picked":"Streamline","floor":2.0},{"not_picked":["Barrage","Aggregate"],"picked":"Sunder","floor":4.0},{"not_picked":["Redo","Darkness"],"picked":"Defragment","floor":7.0},{"not_picked":["Steam","Rebound"],"picked":"Rainbow","floor":12.0},{"not_picked":["Beam Cell","Cold Snap"],"picked":"Capacitor","floor":13.0},{"not_picked":["Reprogram","Loop"],"picked":"Beam Cell","floor":14.0},{"not_picked":["Seek","Rainbow"],"picked":"All For One","floor":16.0},{"not_picked":["Go for the Eyes","Barrage"],"picked":"Gash","floor":18.0},{"not_picked":["Fusion","Steam Power"],"picked":"Gash","floor":20.0}],"player_experience":524585,"relics_obtained":[{"floor":9.0,"key":"Gambling Chip"},{"floor":12.0,"key":"Bottled Lightning"}],"event_choices":[{"damage_healed":0.0,"max_hp_gain":0.0,"max_hp_loss":0.0,"gold_gain":0.0,"event_name":"Golden Idol","player_choice":"Take Damage","floor":3.0,"gold_loss":0.0,"damage_taken":18.0,"relics_obtained":["Golden Idol"]},{"damage_healed":0.0,"max_hp_gain":0.0,"max_hp_loss":0.0,"gold_gain":0.0,"event_name":"Liars Game","player_choice":"Ignored","floor":5.0,"gold_loss":0.0,"damage_taken":0.0},{"damage_healed":0.0,"max_hp_gain":0.0,"max_hp_loss":0.0,"gold_gain":0.0,"event_name":"Scrap Ooze","player_choice":"Fled","floor":10.0,"gold_loss":0.0,"damage_taken":0.0},{"damage_healed":0.0,"max_hp_gain":0.0,"max_hp_loss":0.0,"gold_gain":0.0,"event_name":"N\u0027loth","player_choice":"Traded Relic","floor":19.0,"relics_lost":["Bottled Lightning"],"gold_loss":0.0,"damage_taken":0.0,"relics_obtained":["Nloth\u0027s Gift"]}],"is_beta":false,"boss_relics":[{"not_picked":["Velvet Choker","Sozu"],"picked":"Inserter"}],"items_purged_floors":[],"is_endless":false,"potions_floor_spawned":[2,12,13,18],"killed_by":"Centurion and Healer","ascension_level":12}}