{"host":"7iv10lxbxedtd0qh","time":1612198407,"event":{"mods":["BaseMod","Colored Map","Colored Powertips","Downfall","Minty Spire (QoL Compilation)","StSLib"],"gold_per_floor":[99,110,130,146,160,170,170,170,186,186,215,234,234,234,244,244,244,244],"floor_reached":16,"language":"ENG","playtime":816,"items_purged":[],"score":111,"play_id":"139be6ae-da0c-443c-9dfc-21a1a0a71de9","local_time":"20210201175327","is_ascension_mode":true,"campfire_choices":[{"data":"Demon Form","floor":8,"key":"SMITH"},{"data":"sneckomod:UnknownRareSkill","floor":10,"key":"SMITH"}],"circlet_count":0,"master_deck":["sneckomod:Strike","sneckomod:Strike","sneckomod:Strike","sneckomod:Defend+1","sneckomod:Defend","sneckomod:Defend","sneckomod:TailWhip+1","sneckomod:SnekBite","sneckomod:Unknown","Demon Form+1","sneckomod:SoulRoll","sneckomod:CheapStock","Rip and Tear","sneckomod:Nope","sneckomod:UnknownBlock","sneckomod:Nope+1","sneckomod:SerpentMind","sneckomod:SlitherStrike","downfall:Malfunctioning","sneckomod:Memorize","sneckomod:SlitherStrike","Judgement+1"],"relics":["sneckomod:SneckoSoul","Prayer Wheel","Pantograph"],"acts_visited":["Exordium"],"potions_floor_usage":[11,15,16],"damage_taken":[{"damage":1,"enemies":"Small Slimes","floor":2,"turns":5},{"damage":6,"enemies":"2 Louse","floor":3,"turns":3},{"damage":5,"enemies":"Cultist","floor":4,"turns":5},{"damage":8,"enemies":"Lots of Slimes","floor":5,"turns":4},{"damage":9,"enemies":"Red Slaver","floor":6,"turns":2},{"damage":6,"enemies":"Exordium Wildlife","floor":9,"turns":4},{"damage":14,"enemies":"Gremlin Nob","floor":11,"turns":4},{"damage":11,"enemies":"2 Fungi Beasts","floor":12,"turns":4},{"damage":12,"enemies":"Exordium Thugs","floor":15,"turns":4},{"damage":48,"enemies":"SI_SHIV_ARCHETYPE","floor":16,"turns":6}],"seed_played":"2450099864346534537","potions_obtained":[{"floor":2,"key":"PowerPotion"},{"floor":3,"key":"BlessingOfTheForge"},{"floor":5,"key":"Energy Potion"},{"floor":15,"key":"Explosive Potion"}],"is_trial":false,"path_per_floor":["R","M","M","M","M","M","T","R","M","R","E","M","?","?","M","B"],"character_chosen":"THE_SNECKO","items_purchased":[],"campfire_rested":0,"item_purchase_floors":[],"current_hp_per_floor":[90,89,83,78,70,61,61,61,55,55,41,30,30,30,18,0,0,0],"gold":244,"neow_bonus":"ONE_RANDOM_RARE_CARD","is_daily":false,"chose_seed":false,"campfire_upgraded":2,"win_rate":0.0,"timestamp":1612198407,"path_taken":["R","M","M","M","M","M","T","R","M","R","E","M","?","?","M","BOSS"],"items_purchased_type":[],"build_version":"2020-12-22","purchased_purges":0,"victory":false,"max_hp_per_floor":[90,90,90,90,90,90,90,90,90,90,90,90,90,90,90,90,90,90],"card_choices":[{"not_picked":["sneckomod:UnknownDexterity","sneckomod:UnknownCommonAttack"],"picked":"sneckomod:SoulRoll","floor":2},{"not_picked":["sneckomod:RainOfDice","sneckomod:DiceBlock"],"picked":"sneckomod:Memorize","floor":3},{"not_picked":["sneckomod:DiceCrush","sneckomod:UnknownCommonAttack"],"picked":"sneckomod:CheapStock","floor":4},{"not_picked":["sneckomod:Unknown1Cost","sneckomod:DiceCrush"],"picked":"sneckomod:Nope","floor":5},{"not_picked":["sneckomod:UnknownBlock","sneckomod:Memorize"],"picked":"sneckomod:UnknownRareSkill","floor":6},{"not_picked":["sneckomod:QuickMove","sneckomod:IronFang"],"picked":"sneckomod:UnknownBlock","floor":9},{"not_picked":["sneckomod:SoulDraw","sneckomod:Unknown1Cost"],"picked":"sneckomod:Nope","floor":9},{"not_picked":["sneckomod:UnknownVulnerable","sneckomod:Nope"],"picked":"sneckomod:SerpentMind","floor":11},{"not_picked":["sneckomod:RainOfDice","sneckomod:SerpentIdol"],"picked":"sneckomod:Memorize","floor":12},{"not_picked":["sneckomod:WideSting","sneckomod:Unknown0Cost"],"picked":"sneckomod:SlitherStrike","floor":12},{"not_picked":["sneckomod:DiceBlock","sneckomod:UnknownWeak"],"picked":"sneckomod:Memorize","floor":15},{"not_picked":["sneckomod:Unknown0Cost","sneckomod:DiceBlock"],"picked":"sneckomod:SlitherStrike","floor":15}],"player_experience":778299,"relics_obtained":[{"floor":7,"key":"Prayer Wheel"},{"floor":11,"key":"Pantograph"}],"event_choices":[],"is_beta":false,"boss_relics":[],"items_purged_floors":[],"is_endless":false,"potions_floor_spawned":[2,3,5,15],"killed_by":"SI_SHIV_ARCHETYPE","ascension_level":1}}