{"host":"qmnyg5dk1o6rw6mz","time":1612189899,"event":{"mods":["2.2 Compatiblity","AchievementEnabler","Act Like it!","Aspiration","Astrologer","BaseMod","Beaked The Cultist","Better Altar","Better Match","Better Note","Better Sensory Stone","Better Skull","Better Third Choice","Better Vampires","Block Reminder","CapriCore","Challenge The Spire","ChefMod","Colored Map","Colored Powertips","Conspire","Defuse TimeMaze Blight","Disable Question Mark Monsters","Displayed Cursed Tome","Downfall","Energized Spire","Fox Events","Gensokyo","GifTheSpireLib","Hermit","Highlight Path","Hubris","Infinite Spire","Jedi Mod","Marisa¡]Ãú«B¡@Å]²z¨F¡^","Marked Mod","Minty Spire (QoL Compilation)","Monster B Gone","Pale of the Ancients","Permanent Neow","Quick Restart","Reimu¡]³Õ???¡^","Relic Filter","Reliquary","Replay The Spire","StSLib","Synergy Search","The Construct","The Cursed","The Dragon Tamer","The Gatherer","The Hayseed","The Poker Player","The Runesmith","The Showman","Unceasing Turn Reminder","Wide Potions","thorton"],"gold_per_floor":[114,114,114,114,132,166,176,176,176,205,205,215,40,60,60,156,156,176,176,189,189,208,208,208,208],"floor_reached":24,"language":"ENG","playtime":970,"items_purged":["Strike_R","Defend_R"],"score":241,"play_id":"a8c79cf1-9488-41ce-b3a6-9ebf29c3c6c9","local_time":"20210201223139","is_ascension_mode":true,"campfire_choices":[{"data":"Infernal Blade","floor":8.0,"key":"SMITH"},{"data":"Bash","floor":11.0,"key":"SMITH"},{"floor":15.0,"key":"REST"},{"data":"Eclipse","floor":23,"key":"SMITH"}],"circlet_count":0,"master_deck":["Bash+1","Infernal Blade+1","Bloodletting","Intimidate","Iron Wave","Whirlwind","Fire Breathing","Clash","Eclipse","Inflame","Flame Barrier","hubris:SharpeningStone","ReplayTheSpireMod:Muscle Training","Gensokyo:FourOfAKind","Gensokyo:FourOfAKind","Gensokyo:FourOfAKind","Gensokyo:FourOfAKind","Eclipse+1"],"relics":["Burning Blood","jedi:leech","hubris:Towel","jedi:cryingmask","Champion Belt","Mastiff:ReiMu","Pandora\u0027s Box","Frozen Eye"],"acts_visited":["Exordium","Gensokyo:Gensokyoer"],"potions_floor_usage":[24],"damage_taken":[{"damage":5.0,"enemies":"2 Louse","floor":1.0,"turns":2.0},{"damage":0.0,"enemies":"Small Slimes","floor":5.0,"turns":2.0},{"damage":38.0,"enemies":"3 Sentries","floor":6.0,"turns":13.0},{"damage":3.0,"enemies":"Jaw Worm","floor":7.0,"turns":2.0},{"damage":30.0,"enemies":"Lagavulin","floor":10.0,"turns":5.0},{"damage":25.0,"enemies":"Exordium Thugs","floor":12.0,"turns":5.0},{"damage":3.0,"enemies":"2 Fungi Beasts","floor":14.0,"turns":2.0},{"damage":25.0,"enemies":"Fading Forest","floor":16.0,"turns":11.0},{"damage":28.0,"enemies":"Gensokyo:AngelMirror","floor":18.0,"turns":3.0},{"damage":17.0,"enemies":"Gensokyo:CosmicMonolith","floor":20.0,"turns":3.0},{"damage":29,"enemies":"Gensokyo:Slime_Group","floor":22,"turns":3},{"damage":32,"enemies":"Gensokyo:Koishi","floor":24,"turns":4}],"seed_played":"-1149569103430281914","potions_obtained":[{"floor":6.0,"key":"hexamod:SoulburnPotion"},{"floor":10.0,"key":"Strength Potion"},{"floor":12.0,"key":"ColorlessPotion"},{"floor":14.0,"key":"sneckomod:MuddlingPotion"},{"floor":16.0,"key":"hexamod:SoulburnPotion"}],"is_trial":false,"path_per_floor":["M","?","?","?","M","E","M","R","T","E","R","M","$","M","R","B",null,"M","?","M","?","M","R","E"],"character_chosen":"IRONCLAD","items_purchased":["Iron Wave"],"campfire_rested":1,"item_purchase_floors":[13],"current_hp_per_floor":[80,80,80,73,79,47,50,50,50,26,26,7,7,10,34,25,80,58,58,47,47,24,24,0,0],"gold":208,"neow_bonus":"RANDOM_EVENT","is_daily":false,"chose_seed":false,"campfire_upgraded":3,"win_rate":0.0,"timestamp":1612189899,"path_taken":["M","?","?","?","M","E","M","R","T","E","R","M","$","M","R","BOSS","M","?","M","?","M","R","E"],"items_purchased_type":["Card"],"build_version":"2020-12-22","purchased_purges":2,"victory":false,"max_hp_per_floor":[80,80,80,80,80,80,80,80,80,80,80,80,80,80,80,80,80,80,80,80,56,56,56,56,56],"card_choices":[{"not_picked":["Warcry","Headbutt"],"picked":"Infernal Blade","floor":1.0},{"not_picked":["Flex","Anger","Sword Boomerang"],"picked":"SKIP","floor":5.0},{"not_picked":["Power Through","jedi:fear"],"picked":"Bloodletting","floor":6.0},{"not_picked":["ReplayTheSpireMod:Strike From Hell","Clothesline","hubris:ReadiedAction"],"picked":"SKIP","floor":7.0},{"not_picked":["Shrug It Off","Entrench"],"picked":"Intimidate","floor":10.0},{"not_picked":["Havoc","Warcry","ReplayTheSpireMod:Strike From Hell"],"picked":"SKIP","floor":12.0},{"not_picked":["Flex","Exhume","Sword Boomerang"],"picked":"SKIP","floor":14.0},{"not_picked":["jedi:fear+1","Combust"],"picked":"hubris:SharpeningStone","floor":18.0},{"not_picked":["Replay:Undeath\u0027s Touch","Burning Pact","Armaments"],"picked":"SKIP","floor":20.0},{"not_picked":["Perfected Strike","Intimidate"],"picked":"Eclipse","floor":22}],"player_experience":203070,"relics_obtained":[{"floor":6.0,"key":"jedi:cryingmask"},{"floor":9.0,"key":"Champion Belt"},{"floor":10.0,"key":"Mastiff:ReiMu"}],"event_choices":[{"damage_healed":0.0,"max_hp_gain":0.0,"max_hp_loss":0.0,"gold_gain":0.0,"event_name":"Big Fish","player_choice":"Box","floor":0.0,"gold_loss":0.0,"damage_taken":0.0,"relics_obtained":["jedi:leech"],"cards_obtained":["Regret"]},{"cards_removed":["Regret"],"damage_healed":0.0,"max_hp_gain":0.0,"max_hp_loss":0.0,"gold_gain":0.0,"event_name":"Living Wall","player_choice":"Forget","floor":3.0,"gold_loss":0.0,"damage_taken":0.0},{"cards_removed":["Defend_R"],"damage_healed":0.0,"max_hp_gain":0.0,"max_hp_loss":0.0,"gold_gain":0.0,"event_name":"Golden Wing","player_choice":"Card Removal","floor":4.0,"gold_loss":0.0,"damage_taken":7.0}],"is_beta":false,"boss_relics":[{"not_picked":["reliquary:RedCape","Runic Pyramid"],"picked":"Pandora\u0027s Box"}],"items_purged_floors":[13,13],"is_endless":false,"potions_floor_spawned":[6,10,12,14,16],"killed_by":"Gensokyo:Koishi","ascension_level":1}}