{"host":"5x08nt64u3vxxcfi","time":1612162493,"event":{"mods":["BaseMod","Minty Spire (QoL Compilation)","StSLib","SuperFastMode"],"gold_per_floor":[119,119,44,16,166,166,200,200,270,309,328,328,344,444,444,535,535,558,473,363,388,232,232,232,232],"floor_reached":24,"language":"KOR","playtime":368,"items_purged":[],"score":463,"play_id":"ec6b7472-0918-4321-a9f4-8dfed2a400ca","local_time":"20210201155453","is_ascension_mode":true,"campfire_choices":[{"data":"Deadly Poison","floor":6,"key":"SMITH"},{"data":"Neutralize","floor":8,"key":"SMITH"},{"data":"Noxious Fumes","floor":12,"key":"SMITH"},{"data":"Deadly Poison","floor":15,"key":"SMITH"},{"floor":23,"key":"REST"}],"circlet_count":0,"master_deck":["AscendersBane","Strike_G","Defend_G","Defend_G","Defend_G","Defend_G","Defend_G","Survivor","Neutralize+1","Deadly Poison+1","Deadly Poison+1","Doubt","Dagger Spray+1","Noxious Fumes+1","Distraction","Quick Slash","Corpse Explosion","Crippling Poison","Backflip","Leg Sweep","Well Laid Plans"],"relics":["Ring of the Snake","NeowsBlessing","Golden Idol","Orichalcum","Darkstone Periapt","Regal Pillow","Empty Cage","Letter Opener"],"acts_visited":["Exordium","TheCity"],"potions_floor_usage":[24],"damage_taken":[{"damage":0,"enemies":"Small Slimes","floor":1,"turns":1},{"damage":0,"enemies":"Lagavulin","floor":7,"turns":1},{"damage":0,"enemies":"3 Sentries","floor":10,"turns":2},{"damage":1,"enemies":"2 Louse","floor":11,"turns":3},{"damage":0,"enemies":"Cultist","floor":13,"turns":3},{"damage":19,"enemies":"Hexaghost","floor":16,"turns":9},{"damage":25,"enemies":"Spheric Guardian","floor":18,"turns":4},{"damage":6,"enemies":"3 Byrds","floor":21,"turns":3},{"damage":67,"enemies":"Slavers","floor":24,"turns":3}],"seed_played":"6338437562125221282","potions_obtained":[{"floor":11,"key":"Ancient Potion"},{"floor":16,"key":"Poison Potion"}],"is_trial":false,"path_per_floor":["M","?","?","$","?","R","E","R","T","E","M","R","M","?","R","B",null,"M","?","?","M","$","R","E"],"character_chosen":"THE_SILENT","items_purchased":["Deadly Poison","Leg Sweep","Well Laid Plans"],"campfire_rested":1,"item_purchase_floors":[4,22,22],"current_hp_per_floor":[59,59,59,59,59,59,59,59,59,59,58,58,58,58,58,39,55,30,30,30,24,24,57,0,0],"gold":232,"neow_bonus":"THREE_ENEMY_KILL","is_daily":false,"chose_seed":false,"campfire_upgraded":4,"win_rate":0.0,"timestamp":1612162493,"path_taken":["M","?","?","$","?","R","E","R","T","E","M","R","M","?","R","BOSS","M","?","?","M","$","R","E"],"items_purchased_type":["Card","Card","Card"],"build_version":"2020-12-22","purchased_purges":0,"victory":false,"max_hp_per_floor":[66,60,60,60,60,60,60,60,60,60,60,60,60,60,60,60,60,60,60,60,60,60,60,60,60],"card_choices":[{"not_picked":["Prepared","Slice"],"picked":"Deadly Poison","floor":1},{"not_picked":["Flechettes","Dagger Throw"],"picked":"Dagger Spray","floor":7},{"not_picked":["Masterful Stab","Predator"],"picked":"Noxious Fumes","floor":10},{"not_picked":["Accuracy","Sucker Punch"],"picked":"Distraction","floor":11},{"not_picked":["Slice","PiercingWail"],"picked":"Quick Slash","floor":13},{"not_picked":["Envenom","Storm of Steel"],"picked":"Corpse Explosion","floor":16},{"not_picked":["Endless Agony+1","Backflip"],"picked":"Crippling Poison","floor":18},{"not_picked":["Outmaneuver","Backstab"],"picked":"Backflip","floor":21}],"player_experience":123735,"relics_obtained":[{"floor":7,"key":"Orichalcum"},{"floor":9,"key":"Darkstone Periapt"},{"floor":10,"key":"Regal Pillow"}],"event_choices":[{"damage_healed":0,"gold_gain":0,"player_choice":"Lose Max HP","damage_taken":0,"relics_obtained":["Golden Idol"],"max_hp_gain":0,"max_hp_loss":6,"event_name":"Golden Idol","floor":2,"gold_loss":0},{"cards_removed":["Strike_G"],"damage_healed":0,"gold_gain":0,"player_choice":"Card Removal","damage_taken":0,"max_hp_gain":0,"max_hp_loss":0,"event_name":"The Cleric","floor":3,"gold_loss":75},{"damage_healed":0,"gold_gain":150,"player_choice":"AGREE","damage_taken":0,"max_hp_gain":0,"max_hp_loss":0,"event_name":"Liars Game","floor":5,"gold_loss":0,"cards_obtained":["Doubt"]},{"damage_healed":0,"gold_gain":100,"player_choice":"Gold","damage_taken":0,"max_hp_gain":0,"max_hp_loss":0,"event_name":"Wheel of Change","floor":14,"gold_loss":0},{"damage_healed":0,"gold_gain":0,"player_choice":"Obtained Relic","damage_taken":0,"relics_obtained":["Letter Opener"],"max_hp_gain":0,"max_hp_loss":0,"event_name":"Addict","floor":19,"gold_loss":85},{"cards_removed":["Strike_G"],"damage_healed":0,"gold_gain":0,"player_choice":"Upgrade and Remove","damage_taken":0,"max_hp_gain":0,"max_hp_loss":0,"event_name":"Designer","floor":20,"gold_loss":110,"cards_upgraded":["Dagger Spray"]}],"is_beta":false,"boss_relics":[{"not_picked":["Tiny House","Runic Pyramid"],"picked":"Empty Cage"}],"items_purged_floors":[],"is_endless":false,"potions_floor_spawned":[11,16,18],"killed_by":"Slavers","ascension_level":17}}