{"host":"ixpjvd0r4p7lnmut","time":1612164453,"event":{"mods":["Act Like it!","BaseMod","Block Reminder","Colored Map","Colored Powertips","Minty Spire (QoL Compilation)","Rare Cards Sparkle","Relic Stats","StSLib","The Bug Knight"],"gold_per_floor":[116,116,127,145,64,64,77,77,77,102,102,32,51,68,68,68,68],"floor_reached":16,"language":"ENG","playtime":584,"items_purged":[],"score":102,"play_id":"c04b3675-8598-4617-abc2-d89bf37a3d25","local_time":"20210131232733","is_ascension_mode":false,"campfire_choices":[{"data":"HollowMod:HowlingWraiths","floor":6,"key":"SMITH"},{"floor":11,"key":"REST"},{"floor":15,"key":"REST"}],"circlet_count":0,"master_deck":["HollowMod:NailStrikeStart","HollowMod:NailStrikeStart","HollowMod:NailStrikeStart","HollowMod:QuickDashStart","HollowMod:QuickDashStart","HollowMod:QuickDashStart","HollowMod:FocusHealStart","HollowMod:TaintedHusks","HollowMod:ZotesMagnificence","HollowMod:HowlingWraiths+1","HollowMod:SoulStrike","HollowMod:CycloneSlash","HollowMod:DesolateDive","HollowMod:GreatSlash","HollowMod:PerfectDash","HollowMod:SiblingsSouls+1","HollowMod:BaldurShell","HollowMod:CornifersMapStart+1","HollowMod:TaintedHusks+1"],"relics":["HollowMod:VesselMask","Toxic Egg 2","Letter Opener"],"acts_visited":["Exordium"],"potions_floor_usage":[7,10,16],"damage_taken":[{"damage":8,"enemies":"Small Slimes","floor":1,"turns":2},{"damage":3,"enemies":"Cultist","floor":3,"turns":2},{"damage":6,"enemies":"Jaw Worm","floor":4,"turns":2},{"damage":11,"enemies":"Exordium Thugs","floor":7,"turns":4},{"damage":42,"enemies":"Lagavulin","floor":10,"turns":6},{"damage":9,"enemies":"Lots of Slimes","floor":13,"turns":3},{"damage":7,"enemies":"Blue Slaver","floor":14,"turns":3},{"damage":42,"enemies":"Slime Boss","floor":16,"turns":7}],"seed_played":"-3730858058020540060","potions_obtained":[{"floor":3,"key":"PowerPotion"},{"floor":7,"key":"LiquidBronze"},{"floor":13,"key":"Swift Potion"}],"is_trial":false,"path_per_floor":["M","?","M","M","$","R","M","?","T","E","R","$","M","M","R","B"],"character_chosen":"THE_BUGKNIGHT","items_purchased":["HollowMod:DesolateDive","HollowMod:BaldurShell"],"campfire_rested":2,"item_purchase_floors":[5,12],"current_hp_per_floor":[60,68,65,59,59,59,54,54,54,12,32,32,23,16,36,0,0],"gold":68,"neow_bonus":"TRANSFORM_TWO_CARDS","is_daily":false,"chose_seed":false,"campfire_upgraded":1,"win_rate":0.0,"timestamp":1612164453,"path_taken":["M","?","?","M","$","R","M","?","T","E","R","?","M","M","R","BOSS"],"items_purchased_type":["Card","Card"],"build_version":"2020-12-22","purchased_purges":0,"victory":false,"max_hp_per_floor":[68,68,68,68,68,68,68,68,68,68,68,68,68,68,68,68,68],"relic_stats":{"counters":[8,29],"Letter Opener":[0],"obtain_stats":[{"HollowMod:VesselMask":0,"Letter Opener":10,"Toxic Egg 2":9},{"HollowMod:VesselMask":0,"Letter Opener":5,"Toxic Egg 2":4},{"HollowMod:VesselMask":0,"Letter Opener":16,"Toxic Egg 2":10}]},"card_choices":[{"not_picked":["HollowMod:GoodIntentions","HollowMod:HeavyBlow"],"picked":"HollowMod:HowlingWraiths","floor":1},{"not_picked":["HollowMod:ShadowDash","HollowMod:NewJinnsSoul"],"picked":"HollowMod:SoulStrike","floor":3},{"not_picked":["HollowMod:DashSlash","HollowMod:ShapeofUnn"],"picked":"HollowMod:CycloneSlash","floor":4},{"not_picked":["HollowMod:SoulShaman","HollowMod:DesolateDive"],"picked":"HollowMod:GreatSlash","floor":7},{"not_picked":["HollowMod:HowlingWraiths","HollowMod:NewJinnsSoul+1"],"picked":"HollowMod:SiblingsSouls+1","floor":10},{"not_picked":["HollowMod:SharpenedNail","HollowMod:DescendingDark"],"picked":"HollowMod:CornifersMapStart+1","floor":13},{"not_picked":["HollowMod:SiblingsSouls+1","HollowMod:VengefulVoid"],"picked":"HollowMod:TaintedHusks+1","floor":14}],"player_experience":140293,"relics_obtained":[{"floor":9,"key":"Toxic Egg 2"},{"floor":10,"key":"Letter Opener"}],"event_choices":[{"damage_healed":8,"gold_gain":0,"player_choice":"Full Heal","damage_taken":0,"max_hp_gain":0,"max_hp_loss":0,"event_name":"Wheel of Change","floor":2,"gold_loss":0},{"damage_healed":0,"gold_gain":0,"cards_transformed":["HollowMod:PogoStrike"],"player_choice":"Transformed","damage_taken":0,"max_hp_gain":0,"max_hp_loss":0,"event_name":"Transmorgrifier","floor":8,"gold_loss":0,"cards_obtained":["HollowMod:PerfectDash"]}],"is_beta":false,"boss_relics":[],"items_purged_floors":[],"is_endless":false,"potions_floor_spawned":[3,7,13],"killed_by":"Slime Boss","ascension_level":0}}