{"host":"klrvvo16pazy794l","time":1612141952,"event":{"mods":["BaseMod","Minty Spire (QoL Compilation)"],"gold_per_floor":[115,115,67,78,78,106,106,137,137,137,137,54,73,100,100,204,204,222,322,337,354,374,374,374],"floor_reached":23,"language":"ENG","playtime":933,"items_purged":[],"score":230,"play_id":"306cf1ba-d103-4b2f-8ec4-231875c148e8","local_time":"20210131191232","is_ascension_mode":true,"campfire_choices":[{"data":"Inflame","floor":7,"key":"SMITH"},{"data":"Body Slam","floor":10,"key":"SMITH"},{"floor":15,"key":"REST"}],"circlet_count":0,"master_deck":["Strike_R","Strike_R","Defend_R","Defend_R","Defend_R","Bash","Warcry+1","Headbutt","Inflame+1","Body Slam+1","Madness","Rage","Bloodletting","Demon Form","Barricade+1","Offering+1","Armaments+1","Pommel Strike","Metallicize+1","Body Slam","Sentinel"],"relics":["Burning Blood","Ginger","InkBottle","Pen Nib","Question Card","Eternal Feather","Bottled Flame","Astrolabe"],"acts_visited":["Exordium","TheCity"],"potions_floor_usage":[8,8,22,23,23],"damage_taken":[{"damage":7,"enemies":"Jaw Worm","floor":1,"turns":3},{"damage":12,"enemies":"Small Slimes","floor":4,"turns":3},{"damage":28,"enemies":"Gremlin Nob","floor":6,"turns":4},{"damage":13,"enemies":"Lagavulin","floor":8,"turns":3},{"damage":5,"enemies":"Cultist","floor":13,"turns":4},{"damage":14,"enemies":"Gremlin Nob","floor":14,"turns":3},{"damage":43,"enemies":"The Guardian","floor":16,"turns":11},{"damage":12,"enemies":"Chosen","floor":18,"turns":4},{"damage":9,"enemies":"Spheric Guardian","floor":20,"turns":2},{"damage":36,"enemies":"Centurion and Healer","floor":21,"turns":6},{"damage":28,"enemies":"Snake Plant","floor":22,"turns":4},{"damage":33,"enemies":"Slavers","floor":23,"turns":1}],"seed_played":"-770543523133560893","potions_obtained":[{"floor":1,"key":"DuplicationPotion"},{"floor":4,"key":"DistilledChaos"},{"floor":8,"key":"SkillPotion"},{"floor":18,"key":"Regen Potion"},{"floor":21,"key":"Strength Potion"}],"is_trial":false,"path_per_floor":["M","?","$","M","?","E","R","E","T","R","T","$","M","E","R","B",null,"M","?","M","M","M","E"],"character_chosen":"IRONCLAD","items_purchased":["Headbutt","Madness"],"campfire_rested":1,"item_purchase_floors":[3,12],"current_hp_per_floor":[79,79,79,73,66,44,44,37,37,37,37,37,38,30,63,26,80,74,74,71,41,19,0,0],"gold":374,"neow_bonus":"REMOVE_CARD","is_daily":false,"chose_seed":false,"campfire_upgraded":2,"win_rate":0.0,"timestamp":1612141952,"path_taken":["M","?","$","M","?","E","R","E","T","R","?","$","M","E","R","BOSS","M","?","?","M","M","E"],"items_purchased_type":["Card","Card"],"build_version":"2020-12-22","purchased_purges":0,"victory":false,"max_hp_per_floor":[80,80,80,80,80,80,80,80,80,80,80,80,80,80,80,80,80,80,80,80,80,80,80,80],"card_choices":[{"not_picked":["Second Wind","Clash"],"picked":"Warcry","floor":1},{"not_picked":["Sword Boomerang","Hemokinesis"],"picked":"Inflame","floor":4},{"not_picked":["Evolve","Pummel","Rupture"],"picked":"SKIP","floor":6},{"not_picked":["Clash","Hemokinesis"],"picked":"Body Slam","floor":8},{"not_picked":["Burning Pact","Iron Wave","Dropkick"],"picked":"Rage","floor":13},{"not_picked":["Bloodletting","Twin Strike","Ghostly Armor","Clash"],"picked":"SKIP","floor":14},{"not_picked":["Twin Strike","Ghostly Armor","Clash"],"picked":"Bloodletting","floor":14},{"not_picked":["Brutality","Exhume","Fiend Fire"],"picked":"Demon Form","floor":16},{"not_picked":["Hemokinesis","Whirlwind","Carnage"],"picked":"Pommel Strike","floor":18},{"not_picked":["Iron Wave+1","Searing Blow+1","Shockwave"],"picked":"Metallicize+1","floor":20},{"not_picked":["Havoc+1","Pommel Strike+1","Brutality"],"picked":"Body Slam","floor":21},{"not_picked":["Heavy Blade","Rupture","Anger"],"picked":"Sentinel","floor":22}],"player_experience":480598,"relics_obtained":[{"floor":6,"key":"InkBottle"},{"floor":8,"key":"Pen Nib"},{"floor":9,"key":"Question Card"},{"floor":11,"key":"Eternal Feather"},{"floor":14,"key":"Bottled Flame"}],"event_choices":[{"damage_healed":0,"gold_gain":0,"player_choice":"Grow","damage_taken":0,"max_hp_gain":0,"max_hp_loss":0,"event_name":"Living Wall","floor":2,"gold_loss":0,"cards_upgraded":["Warcry"]},{"damage_healed":0,"gold_gain":0,"player_choice":"Success","damage_taken":7,"relics_obtained":["Ginger"],"max_hp_gain":0,"max_hp_loss":0,"event_name":"Scrap Ooze","floor":5,"gold_loss":0},{"damage_healed":0,"gold_gain":100,"player_choice":"Pray","damage_taken":0,"max_hp_gain":0,"max_hp_loss":0,"event_name":"Golden Shrine","floor":19,"gold_loss":0}],"is_beta":false,"boss_relics":[{"not_picked":["Runic Pyramid","Pandora\u0027s Box"],"picked":"Astrolabe"}],"items_purged_floors":[],"is_endless":false,"potions_floor_spawned":[1,4,8,18,21],"killed_by":"Slavers","ascension_level":2}}