{"host":"yans4pr1zf0lm9bx","time":1612209650,"event":{"mods":["AchievementEnabler","BaseMod","Downfall","Minty Spire (QoL Compilation)","StSLib","SuperFastMode","slay the spire mod where everything is the same but ironclad has a cowboy hat"],"gold_per_floor":[99,111,111,128,128,14,14,42,59,69,69,69,69,103,121,121,121,121],"floor_reached":16,"language":"ENG","playtime":1010,"items_purged":[],"score":110,"play_id":"a968c6ff-7737-47c5-82ce-dfb71b34a58b","local_time":"20210201150050","is_ascension_mode":false,"campfire_choices":[{"data":"Guardian:TwinSlam","floor":1,"key":"SMITH"}],"circlet_count":0,"master_deck":["Guardian:Strike_Guardian+1","Guardian:Strike_Guardian+1","Guardian:Defend_Guardian","Guardian:Defend_Guardian","Guardian:Defend_Guardian","Guardian:CurlUp+1","Guardian:TwinSlam+1","Guardian:Gem_Cyan","Guardian:Gem_Purple","Guardian:ChargeCore","Guardian:Planning","Guardian:TimeBomb","Guardian:BronzeOrb","Guardian:Gem_Fragmented","Guardian:Gem_Synthetic","Guardian:Gem_Red","Guardian:Gem_Blue","Guardian:Gem_Cyan","Guardian:Gem_Purple","downfall:Malfunctioning","Guardian:Gem_White","Guardian:Gem_Green","Guardian:Gem_Red","Guardian:Gem_Yellow","Guardian:Gem_Fragmented","Guardian:ShieldCharger","Guardian:BronzeOrb+1"],"relics":["Guardian:ModeShifter","Singing Bowl","Kunai","Lizard Tail","Guardian:SackOfGems","Guardian:PickAxe","Molten Egg 2"],"acts_visited":["Exordium"],"potions_floor_usage":[16,16,16],"damage_taken":[{"damage":0,"enemies":"Jaw Worm","floor":2,"turns":5},{"damage":0,"enemies":"2 Louse","floor":4,"turns":3},{"damage":0,"enemies":"downfall:FleeingMerchant","floor":6,"turns":4},{"damage":1,"enemies":"Lagavulin","floor":8,"turns":13},{"damage":0,"enemies":"Cultist","floor":9,"turns":4},{"damage":0,"enemies":"3 Louse","floor":10,"turns":5},{"damage":0,"enemies":"3 Louse","floor":13,"turns":5},{"damage":27,"enemies":"Gremlin Nob","floor":14,"turns":5},{"damage":0,"enemies":"Blue Slaver","floor":15,"turns":4},{"damage":78,"enemies":"DF_ARCHETYPE_STREAMLINE","floor":16,"turns":14}],"seed_played":"9038007857033881548","potions_obtained":[{"floor":4,"key":"Weak Potion"},{"floor":14,"key":"LiquidMemories"},{"floor":15,"key":"Energy Potion"}],"is_trial":false,"path_per_floor":["R","M","?","M","?","$","T","E","M","M","T","?","?","E","M","B"],"character_chosen":"GUARDIAN","items_purchased":["Guardian:ChargeCore","Guardian:Planning"],"campfire_rested":0,"item_purchase_floors":[6,6],"current_hp_per_floor":[56,56,56,56,53,53,53,52,52,52,52,52,40,13,13,0,0,0],"gold":121,"neow_bonus":"REMOVE_TWO","is_daily":false,"chose_seed":false,"campfire_upgraded":1,"win_rate":0.0,"timestamp":1612209650,"path_taken":["R","M","?","M","?","?","T","E","?","M","?","?","?","E","M","BOSS"],"items_purchased_type":["Card","Card"],"build_version":"2020-12-22","purchased_purges":0,"victory":false,"max_hp_per_floor":[80,80,80,80,80,80,80,80,80,80,80,80,80,80,80,80,80,80],"card_choices":[{"not_picked":["Guardian:TemporalShield","Guardian:TimeCapacitor"],"picked":"Guardian:Gem_Purple","floor":2},{"not_picked":["Guardian:FloatingOrbs","Guardian:Recover"],"picked":"Guardian:Gem_Cyan","floor":4},{"not_picked":["Guardian:TemporalShield","Guardian:DecasProtection"],"picked":"Guardian:Gem_Purple","floor":6},{"not_picked":["Guardian:Incinerate","Guardian:VentSteam"],"picked":"Guardian:TimeBomb","floor":8},{"not_picked":["Guardian:GatlingBeam","Guardian:Gem_Yellow"],"picked":"Guardian:BronzeOrb","floor":9},{"not_picked":["Guardian:Gem_Crimson","Guardian:Gem_Cyan"],"picked":"Guardian:Gem_Fragmented","floor":10},{"not_picked":["Guardian:BronzeArmor","Guardian:Gem_Crimson"],"picked":"Guardian:ShieldCharger","floor":14},{"not_picked":["Guardian:Gem_Crimson","Guardian:Gem_Lightblue"],"picked":"Guardian:BronzeOrb+1","floor":15}],"player_experience":292975,"relics_obtained":[{"floor":7,"key":"Kunai"},{"floor":8,"key":"Lizard Tail"},{"floor":11,"key":"Guardian:SackOfGems"},{"floor":14,"key":"Molten Egg 2"}],"event_choices":[{"damage_healed":0,"gold_gain":0,"player_choice":"Success","damage_taken":3,"relics_obtained":["Singing Bowl"],"max_hp_gain":0,"max_hp_loss":0,"event_name":"Scrap Ooze","floor":5,"gold_loss":0}],"is_beta":false,"boss_relics":[],"items_purged_floors":[],"is_endless":false,"potions_floor_spawned":[4,13,14,15],"killed_by":"DF_ARCHETYPE_STREAMLINE","ascension_level":0}}