{"host":"swphzoo6hmc78epl","time":1612146716,"event":{"mods":["BaseMod","Highlight Path","Minty Spire (QoL Compilation)","Quick Restart"],"gold_per_floor":[364,383,2,20,31,31,41,54,135,168,168,179,208,222,222,324,324,338,143,233,245,245,245],"floor_reached":22,"language":"ENG","playtime":1011,"items_purged":["Strike_B","Defend_B"],"score":219,"play_id":"434c3c41-1a7e-4f60-ae13-aab841b66fd9","local_time":"20210131213156","is_ascension_mode":true,"campfire_choices":[{"data":"Doom and Gloom","floor":6,"key":"SMITH"},{"data":"Loop","floor":11,"key":"SMITH"},{"data":"Darkness","floor":15,"key":"SMITH"}],"circlet_count":0,"master_deck":["Defend_B","Defend_B","Defend_B","Zap","Dualcast","Lockon","Doom and Gloom+1","Panacea","Loop+1","Cold Snap","Rebound","Self Repair","Seek","Ball Lightning","Cold Snap","Capacitor","Darkness+1","Core Surge","Machine Learning+1","Redo+1","All For One+1","Barrage+1","Jack Of All Trades","Chaos"],"relics":["Cracked Core","Anchor","Gremlin Horn","Akabeko","Odd Mushroom","Astrolabe"],"acts_visited":["Exordium","TheCity"],"potions_floor_usage":[8,13,16,19],"damage_taken":[{"damage":9,"enemies":"2 Louse","floor":1,"turns":3},{"damage":4,"enemies":"Jaw Worm","floor":2,"turns":4},{"damage":1,"enemies":"Cultist","floor":4,"turns":3},{"damage":7,"enemies":"3 Louse","floor":5,"turns":3},{"damage":1,"enemies":"Exordium Thugs","floor":7,"turns":2},{"damage":0,"enemies":"Gremlin Gang","floor":8,"turns":2},{"damage":31,"enemies":"Lagavulin","floor":10,"turns":5},{"damage":0,"enemies":"2 Fungi Beasts","floor":12,"turns":1},{"damage":0,"enemies":"The Mushroom Lair","floor":13,"turns":2},{"damage":0,"enemies":"3 Louse","floor":14,"turns":1},{"damage":7,"enemies":"Slime Boss","floor":16,"turns":6},{"damage":0,"enemies":"Chosen","floor":18,"turns":3},{"damage":21,"enemies":"Spheric Guardian","floor":21,"turns":4},{"damage":31,"enemies":"Snecko","floor":22,"turns":4}],"seed_played":"-5118480317570967713","potions_obtained":[{"floor":1,"key":"FocusPotion"},{"floor":2,"key":"EssenceOfDarkness"},{"floor":4,"key":"Ancient Potion"},{"floor":10,"key":"Swift Potion"},{"floor":13,"key":"LiquidMemories"}],"is_trial":false,"path_per_floor":["M","M","$","M","M","R","M","M","T","E","R","M","?","M","R","B",null,"M","$","?","M","M"],"character_chosen":"DEFECT","items_purchased":["Panacea","Anchor","Loop","Fruit Juice"],"campfire_rested":0,"item_purchase_floors":[3,3,3,19],"current_hp_per_floor":[59,55,55,54,47,47,46,46,46,22,22,29,29,29,29,22,68,68,73,55,34,3,3],"gold":245,"neow_bonus":"TWO_FIFTY_GOLD","is_daily":false,"chose_seed":false,"campfire_upgraded":3,"win_rate":0.0,"timestamp":1612146716,"path_taken":["M","M","$","M","M","R","M","M","T","E","R","M","?","M","R","BOSS","M","$","?","?","M"],"items_purchased_type":["Card","Relic","Card","Potion"],"build_version":"2020-12-22","purchased_purges":2,"victory":false,"max_hp_per_floor":[68,68,68,68,68,68,68,68,68,68,68,68,68,68,68,68,68,68,73,73,73,73,73],"card_choices":[{"not_picked":["Rip and Tear","Turbo"],"picked":"Lockon","floor":1},{"not_picked":["Storm","Hologram"],"picked":"Doom and Gloom","floor":2},{"not_picked":["Go for the Eyes","Ball Lightning"],"picked":"Cold Snap","floor":4},{"not_picked":["Hologram","Fusion"],"picked":"Rebound","floor":5},{"not_picked":["Coolheaded","Capacitor"],"picked":"Self Repair","floor":7},{"not_picked":["Coolheaded","Hologram"],"picked":"Seek","floor":8},{"not_picked":["Hologram","Gash"],"picked":"Ball Lightning","floor":10},{"not_picked":["Steam","Barrage"],"picked":"Cold Snap","floor":12},{"not_picked":["Rip and Tear","FTL"],"picked":"Capacitor","floor":13},{"not_picked":["Turbo","Loop"],"picked":"Darkness","floor":14},{"not_picked":["Machine Learning","Reboot"],"picked":"Core Surge","floor":16},{"not_picked":["Go for the Eyes","Skim"],"picked":"Barrage+1","floor":18},{"not_picked":["Ball Lightning+1","Genetic Algorithm"],"picked":"Chaos","floor":21}],"player_experience":852805,"relics_obtained":[{"floor":9,"key":"Gremlin Horn"},{"floor":10,"key":"Akabeko"},{"floor":13,"key":"Odd Mushroom"}],"event_choices":[{"damage_healed":0,"gold_gain":0,"player_choice":"Fought Mushrooms","damage_taken":0,"max_hp_gain":0,"max_hp_loss":0,"event_name":"Mushrooms","floor":13,"gold_loss":0},{"damage_healed":0,"gold_gain":90,"player_choice":"GOLD CARD ","damage_taken":18,"max_hp_gain":0,"max_hp_loss":0,"event_name":"Knowing Skull","floor":20,"potions_obtained":[],"gold_loss":0,"cards_obtained":["Jack Of All Trades"]}],"is_beta":false,"boss_relics":[{"not_picked":["Runic Pyramid","Tiny House"],"picked":"Astrolabe"}],"items_purged_floors":[3,19],"is_endless":false,"potions_floor_spawned":[1,2,4,10,13],"killed_by":"Snecko","ascension_level":3}}