{"host":"rzpi613efy9j52u4","time":1612197233,"event":{"mods":["Aspiration","BaseMod","BetterRewards","Colored Powertips","Downfall","Googly Eyes","Hubris","Infinite Spire","Minty Spire (QoL Compilation)","Rare Cards Sparkle","Shop Mod","StSLib","The Cursed","The Disciple","The Hierophant","The Necromancer","The Poker Player"],"gold_per_floor":[115,127,138,156,167,197,372,8,8,8,8,8,55,69,69,170,170,188,288,304,334,334,334,334,334,334,334,334],"floor_reached":27,"language":"ENG","playtime":1768,"items_purged":["Doubt"],"score":261,"play_id":"1ea83dbd-e893-41a6-a64e-12ab1c66e514","local_time":"20210201113353","daily_mods":["Vintage","Flight","downfall:Lament"],"is_ascension_mode":false,"campfire_choices":[{"floor":10,"key":"REST"},{"data":"Cleave","floor":15,"key":"SMITH"},{"floor":23,"key":"REST"},{"floor":24,"key":"REST"}],"circlet_count":0,"master_deck":["Strike_R","Strike_R","Strike_R","Strike_R","Strike_R","Defend_R","Defend_R","Defend_R","Defend_R+1","Bash","Anger","Cleave+1","Enlightenment+1","Berserk","Bloodletting+1"],"relics":["Burning Blood","NeowsBlessing","Mercury Hourglass","hexamod:BolsterEngine","hubris:TenFootPole","hexamod:CandleOfCauterizing","Matryoshka","aspiration:Lifesprig","Smiling Mask","Question Card","hubris:Towel","infinitespire:PuzzleCube","Bottled Lightning","Anchor","Mark of Pain","Potion Belt","hubris:Potato","Red Mask","Nunchaku","War Paint"],"acts_visited":["Exordium","TheCity"],"potions_floor_usage":[4,6,16,21,27],"damage_taken":[{"damage":0,"enemies":"Jaw Worm","floor":1,"turns":1},{"damage":0,"enemies":"2 Louse","floor":2,"turns":1},{"damage":0,"enemies":"Small Slimes","floor":3,"turns":1},{"damage":17,"enemies":"Gremlin Gang","floor":4,"turns":3},{"damage":14,"enemies":"Blue Slaver","floor":5,"turns":3},{"damage":45,"enemies":"Lagavulin","floor":6,"turns":6},{"damage":10,"enemies":"Looter","floor":14,"turns":2},{"damage":0,"enemies":"Slime Boss","floor":16,"turns":4},{"damage":21,"enemies":"Spheric Guardian","floor":18,"turns":4},{"damage":34,"enemies":"Shell Parasite","floor":20,"turns":5},{"damage":36,"enemies":"Masked Bandits","floor":21,"turns":4},{"damage":62,"enemies":"Nightmare","floor":27,"turns":9}],"seed_played":"-4164971349298958280","potions_obtained":[{"floor":1,"key":"Explosive Potion"},{"floor":5,"key":"sneckomod:MuddlingPotion"},{"floor":6,"key":"PowerPotion"},{"floor":14,"key":"SteroidPotion"},{"floor":20,"key":"PowerPotion"}],"is_trial":true,"path_per_floor":["M","M","M","M","M","E","?","$","T","R","?","?","T","M","R","B",null,"M","?","M","?","?","R","R","AVR","T","NM"],"character_chosen":"IRONCLAD","items_purchased":["aspiration:Lifesprig","Cleave","Enlightenment"],"campfire_rested":3,"item_purchase_floors":[8,8,8],"current_hp_per_floor":[80,80,80,69,61,22,22,22,22,46,46,46,46,42,42,48,80,65,65,37,7,7,31,55,55,55,0,0],"gold":334,"neow_bonus":"","is_daily":false,"chose_seed":false,"campfire_upgraded":1,"win_rate":0.0,"timestamp":1612197233,"path_taken":["M","M","M","M","M","E","?","$","T","R","?","?","?","M","R","BOSS","M","?","?","?","?","R","R","AVR","T","NM"],"items_purchased_type":["Relic","Card","Card"],"build_version":"2020-12-13","purchased_purges":1,"victory":false,"max_hp_per_floor":[80,80,80,80,80,80,80,80,80,80,80,80,80,80,80,80,80,80,80,80,80,80,80,80,80,80,80,80],"card_choices":[{"not_picked":["Heavy Blade","Clothesline"],"picked":"Anger","floor":6},{"not_picked":["Fiend Fire","Exhume","Impervious"],"picked":"Berserk","floor":16},{"not_picked":["Corruption","Body Slam+1","Clothesline"],"picked":"Bloodletting","floor":21}],"player_experience":94166,"relics_obtained":[{"floor":1,"key":"Mercury Hourglass"},{"floor":2,"key":"hexamod:BolsterEngine"},{"floor":3,"key":"hubris:TenFootPole"},{"floor":4,"key":"hexamod:CandleOfCauterizing"},{"floor":6,"key":"Matryoshka"},{"floor":9,"key":"Smiling Mask"},{"floor":9,"key":"Question Card"},{"floor":13,"key":"infinitespire:PuzzleCube"},{"floor":13,"key":"Bottled Lightning"},{"floor":14,"key":"Anchor"},{"floor":18,"key":"Potion Belt"},{"floor":20,"key":"hubris:Potato"},{"floor":21,"key":"Red Mask"},{"floor":26,"key":"War Paint"}],"event_choices":[{"damage_healed":0,"gold_gain":175,"player_choice":"AGREE","damage_taken":0,"max_hp_gain":0,"max_hp_loss":0,"event_name":"Liars Game","floor":7,"gold_loss":0,"cards_obtained":["Doubt"]},{"damage_healed":0,"gold_gain":0,"player_choice":"Grow","damage_taken":0,"max_hp_gain":0,"max_hp_loss":0,"event_name":"Living Wall","floor":11,"gold_loss":0,"cards_upgraded":["Enlightenment"]},{"damage_healed":0,"gold_gain":100,"player_choice":"Pray","damage_taken":0,"max_hp_gain":0,"max_hp_loss":0,"event_name":"Golden Shrine","floor":19,"gold_loss":0},{"damage_healed":0,"gold_gain":0,"player_choice":"Fought Bandits","damage_taken":0,"max_hp_gain":0,"max_hp_loss":0,"event_name":"Masked Bandits","floor":21,"gold_loss":0}],"is_beta":false,"boss_relics":[{"not_picked":["aspiration:RitualDagger","hubris:GrandSneckoEye"],"picked":"Mark of Pain"}],"items_purged_floors":[8],"is_endless":false,"potions_floor_spawned":[1,5,6,14,20],"killed_by":"Nightmare","ascension_level":0}}