{"host":"jnpc5rzortks67vf","time":1612160587,"event":{"mods":["2.2 Compatiblity","AchievementEnabler","BaseMod","Colored Powertips","Downfall","Friendly Minions","Halation","HexUI Lib","Jorbs\u0027s Wanderer Trilogy","Mimic Mod","Minty Spire (QoL Compilation)","Rare Cards Sparkle","Relic Stats","Reliquary","Replay The Spire","Reworked Bosses","StSLib","The Construct","The Runesmith","Unceasing Turn Reminder"],"gold_per_floor":[109,129,129,139,159,185,134,134,203,203,218,237,255,255,255,354,354,367,383,90,90,90,90,131,141,141,141,170,170,180,195,195,195,195],"floor_reached":33,"language":"ENG","playtime":2376,"items_purged":[],"score":464,"play_id":"82b386c1-269e-4853-bcfa-55fd684729c6","local_time":"20210131232307","is_ascension_mode":false,"campfire_choices":[{"data":"stsjorbsmod:FracturedMind","floor":8,"key":"SMITH"},{"data":"stsjorbsmod:Thorns","floor":10,"key":"SMITH"},{"floor":27,"key":"RECALL"},{"data":"stsjorbsmod:ArcaneForm","floor":29,"key":"SMITH"},{"data":"stsjorbsmod:Index","floor":32,"key":"SMITH"}],"circlet_count":0,"master_deck":["stsjorbsmod:ForbiddenGrimoire+1","stsjorbsmod:Strike_Wanderer","stsjorbsmod:Strike_Wanderer","stsjorbsmod:Strike_Wanderer","stsjorbsmod:Strike_Wanderer","stsjorbsmod:Defend_Wanderer","stsjorbsmod:Defend_Wanderer","stsjorbsmod:Defend_Wanderer","stsjorbsmod:Defend_Wanderer","stsjorbsmod:FreshAdventure+1","stsjorbsmod:EyeOfTheStorm+1","stsjorbsmod:WanderingMind+1","stsjorbsmod:Channel","stsjorbsmod:FracturedMind+1","stsjorbsmod:Thorns+1","stsjorbsmod:Index+1","stsjorbsmod:Prestidigitation","stsjorbsmod:UnseenServant","stsjorbsmod:FaerieFire+1","stsjorbsmod:ArcaneWeapon","downfall:Aged","stsjorbsmod:Fear","stsjorbsmod:ArcaneForm+1","stsjorbsmod:Counterspell","stsjorbsmod:HedgeWizard","stsjorbsmod:Prestidigitation","stsjorbsmod:ParryingBlow","Parasite","CommonCold","stsjorbsmod:ArcaneWeapon","stsjorbsmod:ChatteringStrike+1","ReplayTheSpireMod:Restless Dread","Decay","stsjorbsmod:LoseGrip+1","stsjorbsmod:Determination+1"],"relics":["stsjorbsmod:GrimoireRelic","Bird Faced Urn","stsjorbsmod:MindGlassRelic","downfall:ExtraCursedKey","reliquary:WritOfMandamus","Mummified Hand","halation:StarCompass","Kunai","Replay:Mystery Machine","Singing Bowl","Toxic Egg 2"],"acts_visited":["Exordium","TheCity"],"potions_floor_usage":[16,24,24,28,28],"damage_taken":[{"damage":0,"enemies":"Small Slimes","floor":1,"turns":4},{"damage":0,"enemies":"Cultist","floor":2,"turns":3},{"damage":0,"enemies":"2 Louse","floor":4,"turns":3},{"damage":3,"enemies":"Blue Slaver","floor":5,"turns":6},{"damage":21,"enemies":"3 Sentries","floor":6,"turns":7},{"damage":6,"enemies":"Exordium Wildlife","floor":11,"turns":4},{"damage":6,"enemies":"Lots of Slimes","floor":12,"turns":4},{"damage":4,"enemies":"Large Slime","floor":13,"turns":5},{"damage":6,"enemies":"Fading Forest","floor":16,"turns":11},{"damage":0,"enemies":"Shell Parasite","floor":18,"turns":4},{"damage":0,"enemies":"3 Byrds","floor":19,"turns":3},{"damage":9,"enemies":"Gremlin Leader","floor":24,"turns":7},{"damage":3,"enemies":"Snake Plant","floor":25,"turns":3},{"damage":4,"enemies":"Book of Stabbing","floor":28,"turns":4},{"damage":13,"enemies":"Cultist and Chosen","floor":30,"turns":3},{"damage":15,"enemies":"Centurion and Healer","floor":31,"turns":5},{"damage":67,"enemies":"bossMod:newCollector","floor":33,"turns":5}],"seed_played":"-5034205029296488315","potions_obtained":[{"floor":2,"key":"Flashbang"},{"floor":12,"key":"Explosive Potion"},{"floor":13,"key":"Elixir"},{"floor":16,"key":"Adrenaline Potion"},{"floor":24,"key":"LiquidMemories"},{"floor":28,"key":"FearPotion"}],"is_trial":false,"path_per_floor":["M","M","?","M","M","E","$","R","T","R","M","M","M","?","R","B",null,"M","M","$","?","?","T","E","M","T","R","E","R","M","M","R","B"],"character_chosen":"WANDERER","items_purchased":["stsjorbsmod:Prestidigitation","Mummified Hand","stsjorbsmod:Prestidigitation"],"campfire_rested":0,"item_purchase_floors":[7,20,20],"current_hp_per_floor":[68,68,68,70,71,50,50,50,50,50,48,44,44,44,65,63,72,74,74,74,74,74,74,74,74,74,74,74,74,63,61,61,0,0],"gold":195,"neow_bonus":"RANDOM_EVENT","is_daily":false,"chose_seed":false,"campfire_upgraded":4,"win_rate":0.0,"timestamp":1612160587,"path_taken":["M","M","?","M","M","E","$","R","T","R","M","?","M","?","R","BOSS","M","M","$","?","?","?","E","M","T","R","E","R","M","?","R","BOSS"],"items_purchased_type":["Card","Relic","Card"],"build_version":"2020-12-22","purchased_purges":0,"victory":false,"max_hp_per_floor":[68,68,68,70,72,72,72,72,72,72,72,72,72,72,72,72,72,74,74,74,74,74,74,74,74,74,74,74,74,74,76,76,76,76],"relic_stats":{"Singing Bowl":2,"counters":[17,81],"Mummified Hand":[21],"Bird Faced Urn":[33],"Kunai":[5],"obtain_stats":[{"Singing Bowl":26,"Mummified Hand":20,"Bird Faced Urn":6,"stsjorbsmod:GrimoireRelic":0,"downfall:ExtraCursedKey":14,"stsjorbsmod:MindGlassRelic":9,"Kunai":23,"reliquary:WritOfMandamus":17,"Replay:Mystery Machine":24,"Toxic Egg 2":28,"halation:StarCompass":21},{"Singing Bowl":13,"Mummified Hand":11,"Bird Faced Urn":5,"stsjorbsmod:GrimoireRelic":0,"downfall:ExtraCursedKey":8,"stsjorbsmod:MindGlassRelic":5,"Kunai":11,"reliquary:WritOfMandamus":9,"Replay:Mystery Machine":12,"Toxic Egg 2":14,"halation:StarCompass":11},{"Singing Bowl":64,"Mummified Hand":54,"Bird Faced Urn":23,"stsjorbsmod:GrimoireRelic":0,"downfall:ExtraCursedKey":36,"stsjorbsmod:MindGlassRelic":23,"Kunai":54,"reliquary:WritOfMandamus":47,"Replay:Mystery Machine":61,"Toxic Egg 2":68,"halation:StarCompass":54}]},"card_choices":[{"not_picked":["stsjorbsmod:BurningFlask","stsjorbsmod:RayOfFrost"],"picked":"stsjorbsmod:WanderingMind","floor":1},{"not_picked":["stsjorbsmod:WanderingMind","stsjorbsmod:TrueStrike"],"picked":"stsjorbsmod:Channel","floor":2},{"not_picked":["stsjorbsmod:Channel","stsjorbsmod:ParryingBlow"],"picked":"stsjorbsmod:FracturedMind","floor":4},{"not_picked":["stsjorbsmod:MistyStep","stsjorbsmod:ChatteringStrike"],"picked":"stsjorbsmod:Thorns","floor":5},{"not_picked":["stsjorbsmod:HedgeWizard","stsjorbsmod:SmithingStrike"],"picked":"stsjorbsmod:Index","floor":6},{"not_picked":["stsjorbsmod:RayOfFrost","stsjorbsmod:Index"],"picked":"stsjorbsmod:UnseenServant","floor":11},{"not_picked":["stsjorbsmod:BlackTentacles","stsjorbsmod:Hibernate"],"picked":"stsjorbsmod:FaerieFire","floor":12},{"not_picked":["stsjorbsmod:RayOfFrost","stsjorbsmod:TollTheDead"],"picked":"stsjorbsmod:ArcaneWeapon","floor":13},{"not_picked":["stsjorbsmod:Feast","stsjorbsmod:MirrorImage"],"picked":"stsjorbsmod:ArcaneForm","floor":16},{"not_picked":["stsjorbsmod:BlackTentacles","stsjorbsmod:RayOfFrost"],"picked":"stsjorbsmod:Counterspell","floor":18},{"not_picked":["stsjorbsmod:Hurt","stsjorbsmod:Prepare+1"],"picked":"stsjorbsmod:HedgeWizard","floor":19},{"not_picked":["stsjorbsmod:Will+1","stsjorbsmod:OldPocket"],"picked":"stsjorbsmod:ArcaneWeapon","floor":24},{"not_picked":["stsjorbsmod:TrueStrike","stsjorbsmod:BurningFlask+1"],"picked":"stsjorbsmod:ChatteringStrike","floor":25},{"not_picked":["stsjorbsmod:MageArmor+1","stsjorbsmod:FracturedMind+1"],"picked":"stsjorbsmod:LoseGrip+1","floor":28},{"not_picked":["stsjorbsmod:ArcaneWeapon","stsjorbsmod:TollTheDead+1"],"picked":"stsjorbsmod:Determination+1","floor":30},{"not_picked":["stsjorbsmod:Prepare+1","stsjorbsmod:RefuseToForget+1","stsjorbsmod:BurningFlask+1"],"picked":"Singing Bowl","floor":31}],"player_experience":931793,"relics_obtained":[{"floor":6,"key":"Bird Faced Urn"},{"floor":9,"key":"stsjorbsmod:MindGlassRelic"},{"floor":23,"key":"Kunai"},{"floor":24,"key":"Replay:Mystery Machine"},{"floor":26,"key":"Singing Bowl"},{"floor":28,"key":"Toxic Egg 2"}],"event_choices":[{"damage_healed":0,"gold_gain":0,"player_choice":"Upgraded","damage_taken":0,"max_hp_gain":0,"max_hp_loss":0,"event_name":"Upgrade Shrine","floor":3,"gold_loss":0,"cards_upgraded":["stsjorbsmod:EyeOfTheStorm"]},{"damage_healed":0,"gold_gain":0,"player_choice":"Read","damage_taken":0,"max_hp_gain":0,"max_hp_loss":0,"event_name":"The Library","floor":22,"gold_loss":0,"cards_obtained":["stsjorbsmod:ParryingBlow"]}],"is_beta":false,"boss_relics":[{"not_picked":["Replay:Wanted Poster","construct:ClawGrip"],"picked":"reliquary:WritOfMandamus"}],"items_purged_floors":[],"is_endless":false,"potions_floor_spawned":[2,12,13,16,19,24,28],"killed_by":"bossMod:newCollector","ascension_level":0}}