{"host":"2x189hkb4impm2gi","time":1612137767,"event":{"mods":["BaseMod","Colored Map","Colored Powertips","Minty Spire (QoL Compilation)"],"gold_per_floor":[115,5,17,29,104,132,148,148,148,148,162,191,205,220,220,321,321,332,332,352,352,352],"floor_reached":21,"language":"ENG","playtime":1285,"items_purged":["Strike_B"],"score":218,"play_id":"912c669a-eb6a-4543-a5a7-47b024e13164","local_time":"20210131190247","is_ascension_mode":false,"campfire_choices":[{"floor":8,"key":"REST"},{"data":"Storm","floor":10,"key":"SMITH"},{"floor":15,"key":"REST"}],"circlet_count":0,"master_deck":["Strike_B","Strike_B","Strike_B","Defend_B","Defend_B","Defend_B","Defend_B","Zap","Dualcast","Sweeping Beam","Storm+1","Ball Lightning","Melter","Hologram","Conserve Battery","Defragment","Steam","Capacitor","Ball Lightning","Multi-Cast","Defragment","Electrodynamics","Genetic Algorithm","Capacitor","Aggregate+1"],"relics":["Cracked Core","Dream Catcher","Bottled Flame","Bird Faced Urn","Cursed Key"],"acts_visited":["Exordium","TheCity"],"potions_floor_usage":[6,12,12,12,12,16,16,16],"damage_taken":[{"damage":1,"enemies":"Cultist","floor":1,"turns":3},{"damage":0,"enemies":"2 Louse","floor":3,"turns":2},{"damage":1,"enemies":"Jaw Worm","floor":4,"turns":3},{"damage":24,"enemies":"3 Sentries","floor":6,"turns":5},{"damage":5,"enemies":"2 Fungi Beasts","floor":7,"turns":3},{"damage":27,"enemies":"Exordium Thugs","floor":11,"turns":4},{"damage":0,"enemies":"Gremlin Nob","floor":12,"turns":3},{"damage":6,"enemies":"Exordium Wildlife","floor":13,"turns":3},{"damage":10,"enemies":"Looter","floor":14,"turns":2},{"damage":22,"enemies":"Hexaghost","floor":16,"turns":7},{"damage":32,"enemies":"3 Byrds","floor":18,"turns":4},{"damage":35,"enemies":"2 Thieves","floor":20,"turns":3},{"damage":33,"enemies":"Snake Plant","floor":21,"turns":2}],"seed_played":"7038341341108060272","potions_obtained":[{"floor":1,"key":"Block Potion"},{"floor":6,"key":"EntropicBrew"},{"floor":11,"key":"DistilledChaos"},{"floor":13,"key":"Block Potion"},{"floor":14,"key":"Regen Potion"}],"is_trial":false,"path_per_floor":["M","$","M","M","?","E","M","R","T","R","M","E","M","M","R","B",null,"M","?","M","M"],"character_chosen":"DEFECT","items_purchased":["Storm"],"campfire_rested":2,"item_purchase_floors":[2],"current_hp_per_floor":[81,81,81,80,69,45,40,64,64,64,37,37,35,29,53,54,82,54,54,27,0,0],"gold":352,"neow_bonus":"TEN_PERCENT_HP_BONUS","is_daily":false,"chose_seed":false,"campfire_upgraded":1,"win_rate":0.0,"timestamp":1612137767,"path_taken":["M","?","M","?","?","E","M","R","T","R","M","E","M","M","R","BOSS","M","?","M","M"],"items_purchased_type":["Card"],"build_version":"2020-12-22","purchased_purges":1,"victory":false,"max_hp_per_floor":[82,82,82,82,82,82,82,82,82,82,82,82,82,82,82,82,82,82,82,82,82,82],"card_choices":[{"not_picked":["Beam Cell","Consume"],"picked":"Sweeping Beam","floor":1},{"not_picked":["Hologram","Melter"],"picked":"Ball Lightning","floor":3},{"not_picked":["Compile Driver","Scrape"],"picked":"Melter","floor":4},{"not_picked":["Gash","Compile Driver"],"picked":"Hologram","floor":6},{"not_picked":["Hologram","Reinforced Body"],"picked":"Conserve Battery","floor":7},{"not_picked":["Rebound","Rainbow"],"picked":"Defragment","floor":8},{"not_picked":["Coolheaded","Compile Driver"],"picked":"Steam","floor":11},{"not_picked":["Barrage","Seek"],"picked":"Capacitor","floor":12},{"not_picked":["Beam Cell","Barrage"],"picked":"Ball Lightning","floor":13},{"not_picked":["Fusion","Go for the Eyes"],"picked":"Multi-Cast","floor":14},{"not_picked":["Beam Cell","Hologram"],"picked":"Defragment","floor":15},{"not_picked":["Rainbow","Amplify"],"picked":"Electrodynamics","floor":16},{"not_picked":["Aggregate","Rebound"],"picked":"Genetic Algorithm","floor":18},{"not_picked":["Cold Snap","White Noise+1"],"picked":"Aggregate+1","floor":20}],"player_experience":22801,"relics_obtained":[{"floor":6,"key":"Dream Catcher"},{"floor":9,"key":"Bottled Flame"},{"floor":12,"key":"Bird Faced Urn"}],"event_choices":[{"damage_healed":0,"gold_gain":75,"player_choice":"Gather Gold","damage_taken":11,"max_hp_gain":0,"max_hp_loss":0,"event_name":"World of Goop","floor":5,"gold_loss":0},{"damage_healed":0,"gold_gain":0,"player_choice":"Read","damage_taken":0,"max_hp_gain":0,"max_hp_loss":0,"event_name":"The Library","floor":19,"gold_loss":0,"cards_obtained":["Capacitor"]}],"is_beta":false,"boss_relics":[{"not_picked":["Busted Crown","Snecko Eye"],"picked":"Cursed Key"}],"items_purged_floors":[2],"is_endless":false,"potions_floor_spawned":[1,6,11,13,14],"killed_by":"Snake Plant","ascension_level":0}}