{"host":"jlk2k69f9c6o7b3e","time":1612170095,"event":{"mods":["AchievementEnabler","BaseMod","Minty Spire (QoL Compilation)","StSLib"],"gold_per_floor":[118,118,128,128,144,176,176,209,234,250,263,277,277,319,319,427,427,454,369,378,378,378,378,378],"floor_reached":23,"language":"ZHS","playtime":1255,"items_purged":[],"score":282,"play_id":"107f614c-3026-4aeb-9774-11cc4f559392","local_time":"20210201170135","is_ascension_mode":true,"campfire_choices":[{"data":"Flechettes","floor":7.0,"key":"SMITH"},{"floor":13.0,"key":"REST"},{"floor":15.0,"key":"REST"}],"circlet_count":0,"master_deck":["Strike_G","Strike_G","Strike_G","Strike_G","Strike_G","Defend_G","Defend_G","Defend_G","Defend_G","Defend_G","Survivor","Neutralize","Noxious Fumes+1","Flechettes+1","Pain","Well Laid Plans","Backflip","Backstab","Well Laid Plans","Blade Dance","Terror","Prepared","Envenom","Noxious Fumes","RitualDagger"],"relics":["Ring of the Snake","NeowsBlessing","WarpedTongs","Bag of Marbles","Toy Ornithopter","Omamori","CeramicFish","Snecko Eye","Shuriken","Enchiridion"],"acts_visited":["Exordium","TheCity"],"potions_floor_usage":[],"damage_taken":[{"damage":0.0,"enemies":"Small Slimes","floor":1.0,"turns":1.0},{"damage":0.0,"enemies":"Cultist","floor":3.0,"turns":1.0},{"damage":1.0,"enemies":"Jaw Worm","floor":5.0,"turns":1.0},{"damage":21.0,"enemies":"Lagavulin","floor":6.0,"turns":6.0},{"damage":31.0,"enemies":"Gremlin Nob","floor":8.0,"turns":5.0},{"damage":0.0,"enemies":"2 Fungi Beasts","floor":10.0,"turns":1.0},{"damage":8.0,"enemies":"Blue Slaver","floor":11.0,"turns":3.0},{"damage":3.0,"enemies":"3 Louse","floor":12.0,"turns":2.0},{"damage":21.0,"enemies":"Lagavulin","floor":14.0,"turns":8.0},{"damage":13.0,"enemies":"Hexaghost","floor":16.0,"turns":9.0},{"damage":33.0,"enemies":"Shell Parasite","floor":18.0,"turns":5.0},{"damage":26,"enemies":"Slavers","floor":23,"turns":3}],"seed_played":"3522130242691723687","potions_obtained":[{"floor":1.0,"key":"Explosive Potion"},{"floor":5.0,"key":"Fire Potion"},{"floor":10.0,"key":"FairyPotion"},{"floor":11.0,"key":"ColorlessPotion"}],"is_trial":false,"path_per_floor":["M","?","M","?","M","E","R","E","T","M","M","M","R","E","R","B",null,"M","?","?","T","?","E"],"character_chosen":"THE_SILENT","items_purchased":[],"campfire_rested":2,"item_purchase_floors":[],"current_hp_per_floor":[63,63,63,63,62,41,41,10,10,15,7,4,25,9,30,17,57,24,24,18,18,2,0,0],"gold":378,"neow_bonus":"THREE_ENEMY_KILL","is_daily":false,"chose_seed":false,"campfire_upgraded":1,"win_rate":0.0,"timestamp":1612170095,"path_taken":["M","?","M","?","?","E","R","E","T","M","M","M","R","E","R","BOSS","M","?","?","?","?","E"],"items_purchased_type":[],"build_version":"2020-12-22","purchased_purges":0,"victory":false,"max_hp_per_floor":[70,70,70,70,70,70,70,70,70,70,70,70,70,70,70,70,70,70,70,70,70,70,70,70],"card_choices":[{"not_picked":["Skewer","Calculated Gamble"],"picked":"Noxious Fumes","floor":1.0},{"not_picked":["Outmaneuver","Riddle With Holes"],"picked":"Flechettes","floor":3.0},{"not_picked":["Dagger Throw","Eviscerate"],"picked":"Well Laid Plans","floor":5.0},{"not_picked":["Infinite Blades","Eviscerate"],"picked":"Backflip","floor":6.0},{"not_picked":["Expertise","Underhanded Strike"],"picked":"Backstab","floor":8.0},{"not_picked":["Flying Knee","Cloak And Dagger"],"picked":"Well Laid Plans","floor":10.0},{"not_picked":["Dagger Spray","Underhanded Strike"],"picked":"Blade Dance","floor":11.0},{"not_picked":["Bane","Expertise"],"picked":"Terror","floor":12.0},{"not_picked":["Slice","Choke"],"picked":"Prepared","floor":14.0},{"not_picked":["Phantasmal Killer","Adrenaline"],"picked":"Envenom","floor":16.0},{"not_picked":["Outmaneuver","Slice"],"picked":"Noxious Fumes","floor":18.0}],"player_experience":310354,"relics_obtained":[{"floor":6.0,"key":"Bag of Marbles"},{"floor":8.0,"key":"Toy Ornithopter"},{"floor":9.0,"key":"Omamori"},{"floor":14.0,"key":"CeramicFish"},{"floor":22.0,"key":"Enchiridion"}],"event_choices":[{"damage_healed":0.0,"max_hp_gain":0.0,"max_hp_loss":0.0,"gold_gain":0.0,"event_name":"Living Wall","player_choice":"Grow","floor":2.0,"gold_loss":0.0,"damage_taken":0.0,"cards_upgraded":["Noxious Fumes"]},{"damage_healed":0.0,"max_hp_gain":0.0,"max_hp_loss":0.0,"gold_gain":0.0,"event_name":"Accursed Blacksmith","player_choice":"Rummage","floor":4.0,"gold_loss":0.0,"damage_taken":0.0,"relics_obtained":["WarpedTongs"],"cards_obtained":["Pain"]},{"damage_healed":0.0,"max_hp_gain":0.0,"max_hp_loss":0.0,"gold_gain":0.0,"event_name":"Addict","player_choice":"Obtained Relic","floor":19.0,"gold_loss":85.0,"damage_taken":0.0,"relics_obtained":["Shuriken"]},{"damage_healed":0.0,"max_hp_gain":0.0,"max_hp_loss":0.0,"gold_gain":0.0,"event_name":"Nest","player_choice":"Joined the Cult","floor":20.0,"gold_loss":0.0,"damage_taken":6.0,"cards_obtained":["RitualDagger"]},{"damage_healed":0.0,"max_hp_gain":0.0,"max_hp_loss":0.0,"gold_gain":0.0,"event_name":"Cursed Tome","player_choice":"Obtained Book","floor":22.0,"gold_loss":0.0,"damage_taken":16.0}],"is_beta":false,"boss_relics":[{"not_picked":["Philosopher\u0027s Stone","SacredBark"],"picked":"Snecko Eye"}],"items_purged_floors":[],"is_endless":false,"potions_floor_spawned":[1,5,10,11],"killed_by":"Slavers","ascension_level":7}}