{"host":"qy1e0kd24tpj3i2m","time":1612208537,"event":{"mods":["Act Like it!","Alarm Clock","BaseMod","Better Skull","Better Vampires","Colored Map","Colored Powertips","Custom Start","Faster Ascension Climbing","Friendly Minions","GifTheSpireLib","Gremlin Skip","Highlight Path","Minty Spire (QoL Compilation)","Permanent Neow","Poor People Problems","Quick Restart","Red Circlet Mod","Relic Filter Mod","Relic Sorter","Reorder Act Four","SacredBarkPlus","Shop Mod","StSLib","SuperFastMode","Transform Curses","没有小屋子和绿帽子啦"],"gold_per_floor":[117,42,42,42,42,77,77,113,184,184,222,243,263,263,263,356,356,369,68,68,5,41,41,41],"floor_reached":23,"language":"ZHS","playtime":483,"items_purged":["Bash","Warcry"],"score":506,"play_id":"a1cd211c-6fc4-43c4-a6c8-aacab91589a2","local_time":"20210202044217","is_ascension_mode":true,"campfire_choices":[{"data":"Demon Form","floor":7.0,"key":"SMITH"},{"data":"Demon Form","floor":10.0,"key":"SMITH"},{"data":"Sword Boomerang","floor":15.0,"key":"SMITH"}],"circlet_count":0,"master_deck":["AscendersBane","Reckless Charge","Demon Form+1","Demon Form+1","Body Slam+1","Sword Boomerang+1","Impervious","Wild Strike","Immolate","Ghostly Armor","Blood for Blood","True Grit","Limit Break","Disarm","Shrug It Off+1","Rage","Feel No Pain"],"relics":["Burning Blood","NeowsBlessing","Golden Idol","Art of War","WingedGreaves","The Courier","Nunchaku","Pandora\u0027s Box","Eternal Feather","Red Mask"],"acts_visited":["Exordium","TheCity"],"potions_floor_usage":[],"damage_taken":[{"damage":0.0,"enemies":"Cultist","floor":1.0,"turns":1.0},{"damage":0.0,"enemies":"3 Sentries","floor":6.0,"turns":1.0},{"damage":0.0,"enemies":"Gremlin Nob","floor":8.0,"turns":1.0},{"damage":25.0,"enemies":"Lagavulin","floor":11.0,"turns":6.0},{"damage":6.0,"enemies":"2 Louse","floor":12.0,"turns":4.0},{"damage":4.0,"enemies":"Small Slimes","floor":13.0,"turns":3.0},{"damage":32.0,"enemies":"Hexaghost","floor":16.0,"turns":7.0},{"damage":28.0,"enemies":"Spheric Guardian","floor":18.0,"turns":4.0},{"damage":23.0,"enemies":"Masked Bandits","floor":22.0,"turns":4.0},{"damage":13,"enemies":"Book of Stabbing","floor":23,"turns":4}],"seed_played":"-5066591573891617678","potions_obtained":[{"floor":11.0,"key":"Explosive Potion"},{"floor":12.0,"key":"Swift Potion"},{"floor":13.0,"key":"Strength Potion"}],"is_trial":false,"path_per_floor":["M","$","$","?","?","E","R","E","T","R","E","M","M","?","R","B",null,"M","$","?","$","?","E"],"character_chosen":"IRONCLAD","items_purchased":["Eternal Feather","Feel No Pain"],"campfire_rested":0,"item_purchase_floors":[19,21],"current_hp_per_floor":[74,74,74,48,48,54,54,60,60,60,41,41,43,43,43,17,61,39,39,39,39,22,9,9],"gold":41,"neow_bonus":"THREE_ENEMY_KILL","is_daily":false,"chose_seed":false,"campfire_upgraded":3,"win_rate":0.0,"timestamp":1612208537,"path_taken":["M","?","$","?","?","E","R","E","T","R","E","M","M","?","R","BOSS","M","$","?","?","?","E"],"items_purchased_type":["Relic","Card"],"build_version":"2020-12-22","purchased_purges":2,"victory":false,"max_hp_per_floor":[75,75,75,75,75,75,75,75,75,75,75,75,75,75,75,75,75,75,75,75,75,75,75,75],"card_choices":[{"not_picked":["Flex","Burning Pact"],"picked":"Reckless Charge","floor":1.0},{"not_picked":["Heavy Blade","Flex"],"picked":"Demon Form","floor":6.0},{"not_picked":["Twin Strike","Iron Wave"],"picked":"Demon Form","floor":8.0},{"not_picked":["Twin Strike","Second Wind","Rampage"],"picked":"SKIP","floor":11.0},{"not_picked":["Warcry","Pommel Strike"],"picked":"Body Slam","floor":12.0},{"not_picked":["Bloodletting","Disarm"],"picked":"Sword Boomerang","floor":13.0},{"not_picked":["Demon Form","Feed"],"picked":"Impervious","floor":16.0},{"not_picked":["True Grit","Dropkick"],"picked":"Shrug It Off+1","floor":18.0}],"player_experience":971340,"relics_obtained":[{"floor":6.0,"key":"Art of War"},{"floor":8.0,"key":"WingedGreaves"},{"floor":9.0,"key":"The Courier"},{"floor":11.0,"key":"Nunchaku"},{"floor":22.0,"key":"Red Mask"}],"event_choices":[{"damage_healed":0.0,"max_hp_gain":0.0,"max_hp_loss":0.0,"gold_gain":0.0,"event_name":"Golden Idol","player_choice":"Take Damage","floor":4.0,"gold_loss":0.0,"damage_taken":26.0,"relics_obtained":["Golden Idol"]},{"damage_healed":0.0,"max_hp_gain":0.0,"max_hp_loss":0.0,"gold_gain":0.0,"event_name":"The Cleric","player_choice":"Leave","floor":5.0,"gold_loss":0.0,"damage_taken":0.0},{"damage_healed":0.0,"max_hp_gain":0.0,"max_hp_loss":0.0,"gold_gain":0.0,"event_name":"Living Wall","player_choice":"Grow","floor":14.0,"gold_loss":0.0,"damage_taken":0.0,"cards_upgraded":["Body Slam"]},{"damage_healed":0.0,"max_hp_gain":0.0,"max_hp_loss":0.0,"gold_gain":0.0,"cards_transformed":["Searing Blow"],"event_name":"Transmorgrifier","player_choice":"Transformed","floor":20.0,"gold_loss":0.0,"damage_taken":0.0,"cards_obtained":["Rage"]},{"damage_healed":0.0,"max_hp_gain":0.0,"max_hp_loss":0.0,"gold_gain":0.0,"event_name":"Masked Bandits","player_choice":"Fought Bandits","floor":22.0,"gold_loss":0.0,"damage_taken":0.0}],"is_beta":false,"boss_relics":[{"not_picked":["Cursed Key","Black Blood"],"picked":"Pandora\u0027s Box"}],"items_purged_floors":[2,19],"is_endless":false,"potions_floor_spawned":[11,12,13],"killed_by":"Book of Stabbing","ascension_level":20}}