{"host":"e1y4kviho5jwd7e6","time":1612187856,"event":{"mods":["Act Like it!","Aspiration","BaseMod","Better Altar","Better Match","Better Note","Better Skull","Better Synergies","Better Third Choice","BetterRewards","CCEM2","Colored Powertips","Communication Mod","Conjunction","Conspire","Downfall","Energized Spire","Exacting","GifTheSpireLib","Hubris","Hyrulean Relics","Minty Spire (QoL Compilation)","Quarter Circle Forward PUNCH!","Replay The Spire","Small Relic Pack","Spicy Shops","StSLib","Stuff the Spire","The Blue Laboratory","Transform Curses","Uncapped"],"gold_per_floor":[114,134,151,151,151,151,171,171,171,171,184,32,32,61,123,266,266,299,299,299,311,321,321,350,350,350,364,377,252,272,282,282,377,377,396,415,415,449,459,459,474,474,474,502,502,353,365,365,365,365],"floor_reached":51,"language":"ENG","playtime":1701,"items_purged":[],"score":775,"play_id":"0cc88019-e277-417b-bdf8-c5b63e0b6598","local_time":"20210201085736","is_ascension_mode":false,"campfire_choices":[{"data":"Bash","floor":6,"key":"SMITH"},{"data":"Shrug It Off","floor":13,"key":"SMITH"},{"data":"Fiend Fire","floor":23,"key":"SMITH"},{"data":"Strike_R","floor":25,"key":"SMITH"},{"floor":32,"key":"REST"},{"floor":40,"key":"REST"},{"floor":45,"key":"REST"},{"floor":49,"key":"REST"}],"circlet_count":0,"master_deck":["Strike_R+1","Strike_R","Strike_R","Strike_R+1","Defend_R","Defend_R","Defend_R","Bash+1","True Grit+1","Shrug It Off+1","Injury","Fiend Fire+1","Burning Pact+1","Spreading Infection","Offering+1","Prepared+1","Adrenaline+1","Pommel Strike+1","Concentrate+1","Warcry+1","hubris:Gluttony"],"relics":["Burning Blood","CCEMRelics:BundleOfDynamite","StoneCalendar","Guide Book","Toxic Egg 2","CCEMRelics:GlassOfMilk","Blue Candle","CCEMRelics:PorcelainBowl","Cursed Key","CCEMRelics:Sandal","hubris:DisguiseKit","Runic Cube","Red Skull","Art of War"],"acts_visited":["Exordium","TheCity","TheBeyond"],"potions_floor_usage":[16,22,24,33,44,50,50],"damage_taken":[{"damage":1,"enemies":"Small Slimes","floor":1,"turns":3},{"damage":0,"enemies":"conspire:RoseBush","floor":2,"turns":3},{"damage":2,"enemies":"Jaw Worm","floor":3,"turns":3},{"damage":3,"enemies":"3 Louse","floor":7,"turns":3},{"damage":2,"enemies":"2 Fungi Beasts","floor":11,"turns":3},{"damage":1,"enemies":"Gremlin Gang","floor":14,"turns":4},{"damage":21,"enemies":"The Guardian","floor":16,"turns":8},{"damage":1,"enemies":"2 Thieves","floor":18,"turns":4},{"damage":18,"enemies":"conspire:FuzzyDice","floor":21,"turns":5},{"damage":1,"enemies":"conspire:HollyBat","floor":22,"turns":5},{"damage":0,"enemies":"Snake Plant","floor":24,"turns":2},{"damage":24,"enemies":"Snecko","floor":27,"turns":3},{"damage":14,"enemies":"Shelled Parasite and Fungi","floor":28,"turns":2},{"damage":6,"enemies":"Cultist and Chosen","floor":30,"turns":3},{"damage":8,"enemies":"Snake Plant","floor":31,"turns":2},{"damage":70,"enemies":"conspire:MysteriousRune","floor":33,"turns":9},{"damage":6,"enemies":"Orb Walker","floor":35,"turns":2},{"damage":6,"enemies":"3 Shapes","floor":36,"turns":3},{"damage":10,"enemies":"Sphere and 2 Shapes","floor":38,"turns":2},{"damage":6,"enemies":"Spire Growth","floor":39,"turns":2},{"damage":7,"enemies":"Transient","floor":41,"turns":5},{"damage":62,"enemies":"R_Hoarder","floor":44,"turns":5},{"damage":8,"enemies":"3 Darklings","floor":47,"turns":3},{"damage":66,"enemies":"Replay:Hell Engine","floor":50,"turns":8}],"seed_played":"6731121444600029680","potions_obtained":[{"floor":2,"key":"blueLaboratory:LouseDecoction"},{"floor":3,"key":"blueLaboratory:FruitPreserves"},{"floor":11,"key":"Swift Potion"},{"floor":21,"key":"blueLaboratory:LouseDecoction"},{"floor":22,"key":"blueLaboratory:IronCompound"},{"floor":24,"key":"Elixir"},{"floor":31,"key":"Death Potion"},{"floor":33,"key":"blueLaboratory:BottleOfRum"},{"floor":41,"key":"SkillPotion"}],"is_trial":false,"path_per_floor":["M","M","M","?","?","R","M","?","T","?","M","$","R","M","R","B",null,"M","$","?","M","M","R","M","R","T","M","M","$","M","M","R","B",null,"M","M","?","M","M","R","M","?","T","E","R","$","M","?","R","B",null],"character_chosen":"IRONCLAD","items_purchased":["CCEMRelics:BundleOfDynamite","True Grit","Guide Book","blueLaboratory:HorrorPotion","CCEMRelics:PorcelainBowl","hubris:DisguiseKit","Art of War"],"campfire_rested":4,"item_purchase_floors":[0,0,0,0,12,29,46],"current_hp_per_floor":[57,63,79,79,72,72,75,75,75,70,74,74,74,79,79,64,80,80,80,72,60,65,65,71,71,71,53,45,45,45,43,67,34,80,80,80,80,78,78,82,81,81,81,25,49,49,47,44,68,8],"gold":365,"neow_bonus":"","is_daily":false,"chose_seed":false,"campfire_upgraded":4,"win_rate":0.0,"timestamp":1612187856,"path_taken":["M","M","M","?","?","R","M","?","T","?","?","$","R","M","R","BOSS","M","$","?","M","M","R","M","R","T","M","M","$","M","M","R","BOSS","M","M","?","?","M","R","M","?","T","E","R","$","M","?","R","BOSS"],"items_purchased_type":["Relic","Card","Relic","Potion","Relic","Relic","Relic"],"build_version":"2020-12-22","purchased_purges":0,"victory":true,"max_hp_per_floor":[80,80,80,80,80,80,80,80,80,80,80,80,80,80,80,80,80,80,80,80,80,80,80,80,80,80,80,80,80,80,80,80,80,80,80,80,80,82,82,82,82,82,82,82,82,82,82,82,82,82],"card_choices":[{"not_picked":["StuffTheSpire:RockThrow","Thunderclap","Anger"],"picked":"SKIP","floor":1},{"not_picked":["ReplayTheSpireMod:Stacked","Inflame"],"picked":"Shrug It Off","floor":2},{"not_picked":["Feel No Pain","Eclipse","Clothesline"],"picked":"SKIP","floor":3},{"not_picked":["ReplayTheSpireMod:Stacked","Cleave","Anger"],"picked":"SKIP","floor":7},{"not_picked":["Run Through","ReplayTheSpireMod:Strike From Hell","Shrug It Off+1"],"picked":"SKIP","floor":11},{"not_picked":["Headbutt","True Grit+1","Clothesline"],"picked":"SKIP","floor":14},{"not_picked":["Exhume+1","Bludgeon"],"picked":"Fiend Fire","floor":16},{"not_picked":["Iron Wave+1","Headbutt","ReplayTheSpireMod:LeadingStrike"],"picked":"SKIP","floor":18},{"not_picked":["Flex+1","Clothesline+1","Disarm+1"],"picked":"SKIP","floor":21},{"not_picked":["Replay:Undeath\u0027s Touch","Run Through","Ghostly Armor+1"],"picked":"SKIP","floor":22},{"not_picked":["Anger+1","Intimidate+1"],"picked":"Burning Pact+1","floor":24},{"not_picked":["Abandon+1","Inflame"],"picked":"Offering+1","floor":27},{"not_picked":["Flex+1","Sword Boomerang+1","Metallicize"],"picked":"SKIP","floor":28},{"not_picked":["Warcry+1","True Grit+1","StuffTheSpire:Resist+1","Sucker Punch"],"picked":"SKIP","floor":30},{"not_picked":["StuffTheSpire:RockThrow","Seeing Red+1","hubris:ReadiedAction+1"],"picked":"Prepared","floor":31},{"not_picked":["Demonic Infusion+1","Feed","Double Tap+1"],"picked":"Adrenaline","floor":33},{"not_picked":["StuffTheSpire:Incineration+1","StuffTheSpire:Slingshot","Searing Blow+1","Quick Slash"],"picked":"SKIP","floor":35},{"not_picked":["Inflame","Warcry+1","hubris:TrickCloak"],"picked":"Pommel Strike+1","floor":36},{"not_picked":["Rage+1","StuffTheSpire:RockThrow","Havoc+1","Blade Dance"],"picked":"SKIP","floor":38},{"not_picked":["Sword Boomerang","hubris:ReadiedAction+1","Body Slam+1","Cloak And Dagger"],"picked":"SKIP","floor":39},{"not_picked":["hubris:ReadiedAction+1","Impervious+1","ReplayTheSpireMod:Strike From Hell"],"picked":"Concentrate","floor":41},{"not_picked":["Anger+1","hubris:ReadiedAction+1","StuffTheSpire:Slingshot","StuffTheSpire:ReptileScales"],"picked":"SKIP","floor":44},{"not_picked":["StuffTheSpire:Pyroclast","Run Through+1","Shrug It Off+1","Cloak And Dagger"],"picked":"SKIP","floor":47}],"player_experience":952502,"relics_obtained":[{"floor":9,"key":"CCEMRelics:GlassOfMilk"},{"floor":26,"key":"CCEMRelics:Sandal"},{"floor":44,"key":"Red Skull"}],"event_choices":[{"cards_removed":["Defend_R"],"damage_healed":0,"gold_gain":0,"player_choice":"Card Removal","damage_taken":7,"max_hp_gain":0,"max_hp_loss":0,"event_name":"Golden Wing","floor":5,"gold_loss":0},{"damage_healed":0,"gold_gain":0,"player_choice":"Damaged","damage_taken":8,"max_hp_gain":0,"max_hp_loss":0,"event_name":"Wheel of Change","floor":20,"gold_loss":0},{"cards_removed":["Strike_R"],"damage_healed":0,"gold_gain":0,"player_choice":"Card Removal","damage_taken":0,"max_hp_gain":0,"max_hp_loss":0,"event_name":"Wheel of Change","floor":37,"gold_loss":0},{"damage_healed":0,"gold_gain":0,"player_choice":"Punched","damage_taken":3,"max_hp_gain":0,"max_hp_loss":0,"event_name":"Designer","floor":48,"gold_loss":0}],"is_beta":false,"boss_relics":[{"not_picked":["Ring of Chaos","Ooze Armor"],"picked":"Cursed Key"},{"not_picked":["Replay:Grab Bag","energizedSpire:MagnifyingGlass"],"picked":"Runic Cube"}],"items_purged_floors":[],"is_endless":false,"potions_floor_spawned":[2,3,11,21,22,24,31,33,38,41],"ascension_level":0}}