{"host":"7jl348xfsxr8glry","time":1612152989,"event":{"mods":["AchievementEnabler","BaseMod","Colored Map","Minty Spire (QoL Compilation)","Random Character Button","Unceasing Turn Reminder"],"gold_per_floor":[116,66,83,83,8,43,56,56,135,135,154,173,217,231,231,350,350,373,153,136,136,157,157,157,157,157,157,75,99,112,121,121,121,121],"floor_reached":33,"language":"ENG","playtime":1249,"items_purged":["Injury","Strike_R"],"score":382,"play_id":"7ef2f991-6758-4b92-b030-820a76abcc30","local_time":"20210201151629","is_ascension_mode":true,"campfire_choices":[{"data":"Armaments","floor":8,"key":"SMITH"},{"floor":15,"key":"REST"},{"floor":23,"key":"REST"},{"floor":25,"key":"REST"},{"floor":27,"key":"REST"},{"floor":32,"key":"REST"}],"circlet_count":0,"master_deck":["Strike_R","Strike_R","Strike_R","Defend_R","Defend_R","Defend_R","Bash+1","Armaments+1","Wild Strike","Demon Form","Twin Strike","Thunderclap","Pommel Strike","CurseOfTheBell","Shrug It Off","Metallicize","Pommel Strike","Power Through"],"relics":["Burning Blood","NeowsBlessing","Golden Idol","Smiling Mask","Orichalcum","Calling Bell","Art of War","Darkstone Periapt","TungstenRod","PreservedInsect","Bottled Lightning","CeramicFish"],"acts_visited":["Exordium","TheCity"],"potions_floor_usage":[13,13,16,18,18,20],"damage_taken":[{"damage":0,"enemies":"Jaw Worm","floor":1,"turns":1},{"damage":0,"enemies":"2 Louse","floor":3,"turns":1},{"damage":0,"enemies":"Lagavulin","floor":6,"turns":1},{"damage":1,"enemies":"Cultist","floor":7,"turns":4},{"damage":16,"enemies":"Blue Slaver","floor":11,"turns":3},{"damage":0,"enemies":"Large Slime","floor":12,"turns":5},{"damage":16,"enemies":"Gremlin Nob","floor":13,"turns":3},{"damage":17,"enemies":"3 Louse","floor":14,"turns":3},{"damage":0,"enemies":"Slime Boss","floor":16,"turns":5},{"damage":39,"enemies":"Spheric Guardian","floor":18,"turns":7},{"damage":13,"enemies":"2 Thieves","floor":20,"turns":4},{"damage":33,"enemies":"Snake Plant","floor":22,"turns":6},{"damage":27,"enemies":"Snecko","floor":29,"turns":7},{"damage":31,"enemies":"Shelled Parasite and Fungi","floor":30,"turns":7},{"damage":67,"enemies":"Collector","floor":33,"turns":10}],"seed_played":"7223911984659612906","potions_obtained":[{"floor":3,"key":"FearPotion"},{"floor":7,"key":"DuplicationPotion"},{"floor":11,"key":"SteroidPotion"},{"floor":14,"key":"Explosive Potion"},{"floor":16,"key":"Swift Potion"},{"floor":18,"key":"Dexterity Potion"}],"is_trial":false,"path_per_floor":["M","?","M","?","$","E","M","R","T","?","M","M","E","M","R","B",null,"M","$","M","?","M","R","?","R","T","R","?","M","M","?","R","B"],"character_chosen":"IRONCLAD","items_purchased":["PreservedInsect","Shrug It Off"],"campfire_rested":5,"item_purchase_floors":[19,19],"current_hp_per_floor":[80,80,80,80,80,80,80,80,80,80,70,76,66,55,79,80,80,47,47,40,40,13,37,37,61,61,80,80,59,34,34,58,0,0],"gold":121,"neow_bonus":"THREE_ENEMY_KILL","is_daily":false,"chose_seed":false,"campfire_upgraded":1,"win_rate":0.0,"timestamp":1612152989,"path_taken":["M","?","M","?","$","E","M","R","T","?","M","M","E","M","R","BOSS","M","?","M","?","M","R","?","R","T","R","?","?","M","?","R","BOSS"],"items_purchased_type":["Relic","Card"],"build_version":"2020-12-22","purchased_purges":2,"victory":false,"max_hp_per_floor":[80,80,80,80,80,80,80,80,80,80,80,80,80,80,80,80,80,80,80,80,80,80,80,80,80,80,80,80,80,80,80,80,80,80],"card_choices":[{"not_picked":["Clash","Heavy Blade"],"picked":"Armaments","floor":1},{"not_picked":["Feel No Pain","Carnage","Clash"],"picked":"SKIP","floor":3},{"not_picked":["Shockwave","Disarm"],"picked":"Wild Strike","floor":6},{"not_picked":["Wild Strike","Anger","Body Slam"],"picked":"SKIP","floor":7},{"not_picked":["Iron Wave","Clash"],"picked":"Demon Form","floor":11},{"not_picked":["Shrug It Off","Shockwave"],"picked":"Twin Strike","floor":12},{"not_picked":["Rage","Body Slam"],"picked":"Thunderclap","floor":13},{"not_picked":["Clash","Impervious"],"picked":"Pommel Strike","floor":14},{"not_picked":["Perfected Strike+1","True Grit+1","Disarm+1"],"picked":"SKIP","floor":18},{"not_picked":["Sever Soul","Entrench"],"picked":"Metallicize","floor":20},{"not_picked":["True Grit","Headbutt","Clothesline+1"],"picked":"SKIP","floor":22},{"not_picked":["Iron Wave","Dropkick"],"picked":"Pommel Strike","floor":29},{"not_picked":["Evolve","True Grit","Power Through"],"picked":"SKIP","floor":30}],"player_experience":184756,"relics_obtained":[{"floor":6,"key":"Smiling Mask"},{"floor":13,"key":"Orichalcum"},{"floor":17,"key":"Art of War"},{"floor":17,"key":"Darkstone Periapt"},{"floor":17,"key":"TungstenRod"},{"floor":26,"key":"Bottled Lightning"}],"event_choices":[{"cards_removed":["Defend_R"],"damage_healed":0,"gold_gain":0,"player_choice":"Card Removal","damage_taken":0,"max_hp_gain":0,"max_hp_loss":0,"event_name":"The Cleric","floor":2,"gold_loss":50},{"damage_healed":0,"gold_gain":0,"player_choice":"Take Wound","damage_taken":0,"relics_obtained":["Golden Idol"],"max_hp_gain":0,"max_hp_loss":0,"event_name":"Golden Idol","floor":4,"gold_loss":0,"cards_obtained":["Injury"]},{"damage_healed":0,"gold_gain":0,"player_choice":"Forge","damage_taken":0,"max_hp_gain":0,"max_hp_loss":0,"event_name":"Accursed Blacksmith","floor":10,"gold_loss":0,"cards_upgraded":["Bash"]},{"damage_healed":0,"gold_gain":0,"player_choice":"Ignored","damage_taken":0,"max_hp_gain":0,"max_hp_loss":0,"event_name":"Cursed Tome","floor":21,"gold_loss":0},{"damage_healed":0,"gold_gain":0,"player_choice":"Ignored","damage_taken":0,"max_hp_gain":0,"max_hp_loss":0,"event_name":"Ghosts","floor":24,"gold_loss":0},{"damage_healed":0,"gold_gain":0,"player_choice":"Paid Gold","damage_taken":0,"relics_obtained":["CeramicFish"],"max_hp_gain":0,"max_hp_loss":0,"event_name":"WeMeetAgain","floor":28,"gold_loss":82},{"damage_healed":0,"gold_gain":0,"cards_transformed":["Strike_R"],"player_choice":"Transformed","damage_taken":0,"max_hp_gain":0,"max_hp_loss":0,"event_name":"Transmorgrifier","floor":31,"gold_loss":0,"cards_obtained":["Power Through"]}],"is_beta":false,"boss_relics":[{"not_picked":["Runic Cube","Velvet Choker"],"picked":"Calling Bell"}],"items_purged_floors":[5,19],"is_endless":false,"potions_floor_spawned":[3,7,11,14,16,18],"killed_by":"Collector","ascension_level":3}}