{"host":"Bawah","time":1612161429,"event":{"mods":["BaseMod","Downfall","Marisa????????","Minty Spire (QoL Compilation)","Replay The Spire","StSLib","The Cursed"],"gold_per_floor":[99,117,117,117,135,135,135,135,168,168,168,187,199,229,242,338,338,338,354,373,223,242,342,342,80,80,92,153,181,181,216,235,235,235,235],"floor_reached":33,"language":"SPA","playtime":1956,"items_purged":[],"score":337,"play_id":"be95067a-8a5c-4165-8c09-64abb563df52","local_time":"20210201073709","is_ascension_mode":true,"campfire_choices":[{"data":"hexamod:Sear","floor":1,"key":"SMITH"},{"data":"hexamod:HauntingEcho","floor":6,"key":"SMITH"},{"data":"hexamod:PhantomFireball","floor":10,"key":"SMITH"},{"data":"hexamod:TimeOfNeed","floor":18,"key":"SMITH"},{"data":"expansioncontent:StudyTheSpire","floor":26,"key":"SMITH"},{"floor":30,"key":"REST"}],"circlet_count":0,"master_deck":["hexamod:Strike","hexamod:Strike","hexamod:Strike","hexamod:Strike","hexamod:Defend","hexamod:Defend","hexamod:Defend","hexamod:Sear+1","hexamod:AdvancingGuard","hexamod:EmpoweredFlame","hexamod:HauntingEcho+1","hexamod:PhantomFireball+1","hexamod:TimeOfNeed+1","hexamod:Firestarter","hexamod:Incineration","hexamod:ExtraCrispy","hexamod:ExtraCrispy","hexamod:TimeOfNeed","hexamod:Firestarter","expansioncontent:StudyTheSpire+1","Replay:SS_hec_1","hexamod:RadiantFlame","hexamod:PowerFromBeyond","hexamod:GhostflameInferno"],"relics":["hexamod:SpiritBrand","Meat on the Bone","hexamod:MatchstickCase","ReplayTheSpireMod:TigerMarble","bronze:MakeshiftBattery","downfall:CloakOfManyFaces","CultistMask","FaceOfCleric","NlothsMask","GremlinMask","SsserpentHead","Ancient Tea Set","Durian"],"acts_visited":["Exordium","TheCity"],"potions_floor_usage":[15,16,23,23,33,33],"damage_taken":[{"damage":0,"enemies":"2 Louse","floor":2,"turns":3},{"damage":0,"enemies":"Small Slimes","floor":5,"turns":3},{"damage":13,"enemies":"Replay:BlueRogue","floor":9,"turns":5},{"damage":0,"enemies":"Cultist","floor":11,"turns":1},{"damage":3,"enemies":"Red Slaver","floor":12,"turns":2},{"damage":27,"enemies":"Gremlin Gang","floor":13,"turns":6},{"damage":10,"enemies":"Gremlin Nob","floor":14,"turns":3},{"damage":3,"enemies":"Lots of Slimes","floor":15,"turns":4},{"damage":45,"enemies":"DF_ARCHETYPE_STREAMLINE","floor":16,"turns":8},{"damage":10,"enemies":"3 Byrds","floor":19,"turns":5},{"damage":36,"enemies":"Centurion and Healer","floor":20,"turns":6},{"damage":12,"enemies":"Snake Plant","floor":22,"turns":4},{"damage":0,"enemies":"downfall:FaceTrader","floor":23,"turns":7},{"damage":0,"enemies":"downfall:FleeingMerchant","floor":25,"turns":4},{"damage":30,"enemies":"Shelled Parasite and Fungi","floor":27,"turns":5},{"damage":11,"enemies":"Centurion and Healer","floor":28,"turns":5},{"damage":20,"enemies":"Book of Stabbing","floor":29,"turns":5},{"damage":36,"enemies":"Gremlin Leader","floor":31,"turns":6},{"damage":9,"enemies":"Cultist and Chosen","floor":32,"turns":7},{"damage":58,"enemies":"IC_MUSHROOM_ARCHETYPE","floor":33,"turns":7}],"seed_played":"-9103796272769708021","potions_obtained":[{"floor":2,"key":"Energy Potion"},{"floor":13,"key":"Regen Potion"},{"floor":14,"key":"Fire Potion"},{"floor":16,"key":"Weak Potion"},{"floor":20,"key":"GamblersBrew"},{"floor":27,"key":"ColorlessPotion"}],"is_trial":false,"path_per_floor":["R","M","?","?","M","R","T","?","E","R","M","M","M","E","M","B",null,"R","M","M","?","M","?","T","$","R","M","M","E","R","E","M","B"],"character_chosen":"THE_SPIRIT","items_purchased":["expansioncontent:StudyTheSpire","Replay:SS_hec_1"],"campfire_rested":1,"item_purchase_floors":[25,25],"current_hp_per_floor":[70,70,75,75,75,75,75,75,62,62,62,59,44,46,43,25,75,75,65,41,85,73,73,73,74,74,45,47,40,66,48,52,0,0,0],"gold":235,"neow_bonus":"TRANSFORM_CARD","is_daily":false,"chose_seed":false,"campfire_upgraded":5,"win_rate":0.0,"timestamp":1612161429,"path_taken":["R","M","?","?","M","R","T","?","E","R","M","M","?","E","M","BOSS","R","M","M","?","?","?","T","$","R","M","?","E","R","E","M","BOSS"],"items_purchased_type":["Card","Card"],"build_version":"2020-12-18","purchased_purges":0,"victory":false,"max_hp_per_floor":[70,70,75,75,75,75,75,75,75,75,75,75,75,75,75,75,75,75,75,75,85,85,85,85,86,86,87,88,89,89,95,96,96,96,96],"card_choices":[{"not_picked":["hexamod:GhostShield","hexamod:ThermalTransfer"],"picked":"hexamod:EmpoweredFlame","floor":2},{"not_picked":["hexamod:RetreatToShadows","hexamod:NecessarySacrifice"],"picked":"hexamod:HauntingEcho","floor":5},{"not_picked":["hexamod:GhostShield","hexamod:AdvancingGuard","hexamod:NightmareGuise"],"picked":"SKIP","floor":9},{"not_picked":["hexamod:HeatShield","hexamod:SpectersWail"],"picked":"hexamod:TimeOfNeed","floor":11},{"not_picked":["hexamod:FourthSeal","hexamod:SpectralAdrenaline"],"picked":"hexamod:Firestarter","floor":12},{"not_picked":["hexamod:Haunt","hexamod:SwordOfDarkness"],"picked":"hexamod:Incineration","floor":13},{"not_picked":["hexamod:NightmareGuise","hexamod:FlamesFromBeyond"],"picked":"hexamod:ExtraCrispy","floor":14},{"not_picked":["hexamod:HauntingEcho","hexamod:HeatShield"],"picked":"hexamod:ExtraCrispy","floor":15},{"not_picked":["hexamod:GhostflameInferno","hexamod:SearingWound"],"picked":"hexamod:TimeOfNeed","floor":16},{"not_picked":["hexamod:SwordOfDarkness","hexamod:InspiringFlames+1"],"picked":"hexamod:Firestarter","floor":19},{"not_picked":["hexamod:NightmareStrike","hexamod:BacktrackSmack+1","hexamod:FastForward"],"picked":"SKIP","floor":20},{"not_picked":["hexamod:SpectralAdrenaline","hexamod:EtherealExpedition","hexamod:GhostLash"],"picked":"SKIP","floor":22},{"not_picked":["hexamod:NightmareStrike","hexamod:FourthSeal","hexamod:NecessarySacrifice"],"picked":"SKIP","floor":25},{"not_picked":["hexamod:EtherealExpedition","hexamod:BurningTouch"],"picked":"hexamod:RadiantFlame","floor":27},{"not_picked":["hexamod:SkipABeat","hexamod:EtherealExpedition+1"],"picked":"hexamod:PowerFromBeyond","floor":28},{"not_picked":["hexamod:Again","hexamod:EmpoweredFlame","hexamod:GhostShield"],"picked":"SKIP","floor":29},{"not_picked":["hexamod:ThirdSeal","hexamod:HeatShield"],"picked":"hexamod:GhostflameInferno","floor":31},{"not_picked":["hexamod:GhostShield+1","hexamod:Again","hexamod:BacktrackSmack"],"picked":"SKIP","floor":32}],"player_experience":860478,"relics_obtained":[{"floor":7,"key":"Meat on the Bone"},{"floor":9,"key":"hexamod:MatchstickCase"},{"floor":14,"key":"ReplayTheSpireMod:TigerMarble"},{"floor":23,"key":"downfall:CloakOfManyFaces"},{"floor":29,"key":"Ancient Tea Set"},{"floor":31,"key":"Durian"}],"event_choices":[{"damage_healed":0,"gold_gain":0,"player_choice":"Donut","damage_taken":0,"max_hp_gain":5,"max_hp_loss":0,"event_name":"Big Fish","floor":3,"gold_loss":0}],"is_beta":true,"boss_relics":[{"not_picked":["Replay:Wanted Poster","Cursed Key"],"picked":"bronze:MakeshiftBattery"}],"items_purged_floors":[],"is_endless":false,"potions_floor_spawned":[2,13,14,16,20,22,27,31],"killed_by":"IC_MUSHROOM_ARCHETYPE","ascension_level":1}}