{"host":"ggy1mjjy92c62u6a","time":1612191877,"event":{"mods":["10 clothes from DAL","ATMod(阿瑾Mod)","Act Like it!","BaseMod","Colored Powertips","GifTheSpireLib","Library of Ruina","Library of Ruina Extra","Lobotomy","LobotomyExtend","Minty Spire (QoL Compilation)","Quick Restart","Relic Filter Mod","Relic Stats","Shop Mod","Spicy Shops","StSLib","TestMod","【功能Mod】混沌之环修复补丁","【遗物Mod】死灵法师NEW","【遗物卡牌】REMEMod"],"gold_per_floor":[110,35,35,49,60,70,470,420,40,40,40,61,61,61,61,104,122,135,160,160,285,285,301,301,326,340,340,340,354,354,354,11,31,52,52,52],"floor_reached":30,"language":"ZHS","playtime":1367,"items_purged":["LightDefense","LightAttack","LightAttack"],"score":432,"play_id":"7e1789d5-5ff1-483e-8bd3-26c693f96e6c","local_time":"20210201230437","is_ascension_mode":true,"campfire_choices":[{"data":"Twilight","floor":6.0,"key":"SMITH"},{"data":"AT_DivineConfetti","floor":10.0,"key":"SMITH"},{"data":"Guardian_lor","floor":15.0,"key":"SMITH"},{"data":"FocusedStrikes","floor":23.0,"key":"SMITH"},{"floor":25.0,"key":"REST"}],"circlet_count":0,"master_deck":["Dodge","LightDefense","LightDefense","ChargeAndCover","FocusedStrikes+1","Twilight+1","AT_DivineConfetti+1","FervidEmotions","ViolentFlame","Unlock1","Guardian_lor+1","MHz","UnavoidableGaze+1","Faith+1","Parasite","Alriune","TieShanKao","ViolentFlame+1","testmod-LimitFlipper+1","Funeral","Faith"],"relics":["PageOfLibrarian","REME_ComplimentaryCards","testmod-TestBox","testmod-HeartOfDaVinci","CogitoBucket","LetterFromLob","PageOfTodaysShyLook","Golden Idol","SharePain","Oddly Smooth Stone","ChangeAnything","REME_LowDesire","Tiny Chest","AT_RedTearstoneRing","TreeSap","PageOfAlriune","testmod-BlackFramedGlasses","PageOfWrath"],"acts_visited":["Exordium","TheBeyond"],"potions_floor_usage":[],"damage_taken":[{"damage":6.0,"enemies":"2 Louse","floor":1.0,"turns":2.0},{"damage":1.0,"enemies":"Small Slimes","floor":4.0,"turns":4.0},{"damage":0.0,"enemies":"Jaw Worm","floor":5.0,"turns":3.0},{"damage":0.0,"enemies":"Cultist","floor":1.0,"turns":2.0},{"damage":0.0,"enemies":"Jaw Worm","floor":7.0,"turns":1.0},{"damage":0.0,"enemies":"Gremlin Nob","floor":11.0,"turns":3.0},{"damage":0.0,"enemies":"Small Slimes","floor":12.0,"turns":3.0},{"damage":0.0,"enemies":"Blue Slaver","floor":13.0,"turns":2.0},{"damage":0.0,"enemies":"Large Slime","floor":14.0,"turns":2.0},{"damage":0.0,"enemies":"Hexaghost","floor":16.0,"turns":8.0},{"damage":8.0,"enemies":"3 Shapes","floor":18.0,"turns":3.0},{"damage":22.0,"enemies":"3 Darklings","floor":20.0,"turns":5.0},{"damage":5.0,"enemies":"Writhing Mass","floor":21.0,"turns":4.0},{"damage":23.0,"enemies":"Transient","floor":24.0,"turns":5.0},{"damage":20,"enemies":"4 Shapes","floor":28,"turns":2},{"damage":22,"enemies":"Maw","floor":29,"turns":4},{"damage":13,"enemies":"Reptomancer","floor":30,"turns":2}],"seed_played":"-2169639577834386050","potions_obtained":[{"floor":5.0,"key":"CultistPotion"},{"floor":1.0,"key":"LiquidBronze"},{"floor":7.0,"key":"SteroidPotion"},{"floor":24.0,"key":"Dexterity Potion"}],"is_trial":false,"path_per_floor":["M","$","?","M","M","E","M","?","?","$","?","R","M","$","T","R","E","M","M","M","R","B",null,"M","?","M","M","?","R","M","R","T","$","M","M","E"],"character_chosen":"Librarian","items_purchased":["PageOfTodaysShyLook","testmod-BlackFramedGlasses","PageOfWrath"],"campfire_rested":1,"item_purchase_floors":[4,27,27],"current_hp_per_floor":[48,48,53,52,52,79,79,79,79,60,60,60,60,60,60,60,60,60,60,60,60,74,66,66,44,39,39,39,16,38,38,38,20,2,0,0],"gold":52,"neow_bonus":"","is_daily":false,"chose_seed":false,"campfire_upgraded":4,"win_rate":0.0,"timestamp":1612191877,"path_taken":["M","$","?","M","M","E","M","?","?","$","?","R","M","$","T","R","E","?","M","M","R","BOSS","M","?","M","M","?","R","M","R","T","?","M","M","E"],"items_purchased_type":["Relic","Relic","Relic"],"build_version":"2020-12-22","purchased_purges":3,"victory":false,"max_hp_per_floor":[61,61,66,66,79,79,79,79,79,79,79,79,79,79,79,79,79,79,79,79,79,79,79,79,79,79,75,75,75,75,75,75,75,75,75,75],"relic_stats":{"counters":[19,57],"Golden Idol":72,"Tiny Chest":0,"obtain_stats":[{"AT_RedTearstoneRing":17,"AT_ATBox":0,"testmod-TestBox":0,"Golden Idol":5,"Oddly Smooth Stone":11,"PageOfAlriune":26,"testmod-BlackFramedGlasses":27,"PageOfLibrarian":0,"PageOfWrath":27,"SharePain":9,"CogitoBucket":0,"TreeSap":20,"Tiny Chest":17,"LetterFromLob":1,"ChangeAnything":12,"REME_LowDesire":17,"PageOfTodaysShyLook":4,"REME_ComplimentaryCards":0,"testmod-HeartOfDaVinci":0},{"AT_RedTearstoneRing":11,"AT_ATBox":0,"testmod-TestBox":0,"Golden Idol":4,"Oddly Smooth Stone":6,"PageOfAlriune":16,"testmod-BlackFramedGlasses":16,"PageOfLibrarian":0,"PageOfWrath":16,"SharePain":5,"CogitoBucket":0,"TreeSap":14,"Tiny Chest":11,"LetterFromLob":1,"ChangeAnything":8,"REME_LowDesire":11,"PageOfTodaysShyLook":4,"REME_ComplimentaryCards":0,"testmod-HeartOfDaVinci":0},{"AT_RedTearstoneRing":31,"AT_ATBox":0,"testmod-TestBox":0,"Golden Idol":11,"Oddly Smooth Stone":15,"PageOfAlriune":49,"testmod-BlackFramedGlasses":49,"PageOfLibrarian":0,"PageOfWrath":49,"SharePain":12,"CogitoBucket":0,"TreeSap":40,"Tiny Chest":31,"LetterFromLob":2,"ChangeAnything":19,"REME_LowDesire":31,"PageOfTodaysShyLook":11,"REME_ComplimentaryCards":0,"testmod-HeartOfDaVinci":0}]},"card_choices":[{"not_picked":["Scorched","Rudolta"],"picked":"CrumblingArmor","floor":1.0},{"not_picked":["UncannyStrike","FleshFillet","DeepDrag","ViolentFlame","FlashingStrike","IllEndYou","Diversion","ShrineToMusic"],"picked":"FervidEmotions","floor":1.0},{"not_picked":["EnergyCycle","BizarreAttack","ScratchThat","FlyingSword","UndertakePrescript","RatsGuideToSurvival","PreemptiveStrike","HiddenBlade"],"picked":"GrazeTheGrass","floor":4.0},{"not_picked":["StructuralAnalysis","Transpierce","FierceCharge","TasteMyFlamingBat","WillBeTasty","DefenseOrder","Outburst","TrashDisposal","RhinoRam"],"picked":"SKIP","floor":5.0},{"not_picked":["ScratchThat","AbsorbImpact","QuickAttack","Marionette","MultiBlock","BackAttack","HeavyPeaks","EnergyShield"],"picked":"GuidanceOfTheGears","floor":1.0},{"not_picked":["ChargeUp","HandleRequest","FleetEdge","TraceOfFumes","SetFire","SkyClearingCut","EnergyCycle","GrazeTheGrass"],"picked":"ViolentFlame","floor":7.0},{"not_picked":["BackAttack","Endure","ClassAndRespect","ExtractFuel","Gigigig","CleanUp","DirtyBlow","TendonChords"],"picked":"Unlock1","floor":11.0},{"not_picked":["StrongStrike","Riposte","BladeWhirl","EnergyShield","HiddenBlade","Castigation","RapidGashes","Quickness"],"picked":"Guardian_lor","floor":12.0},{"not_picked":["SummaryJudgment","ViolentFlame","HardRehearsal","Wallop_lor","Pound","DarkCloud","Observe","GuidanceOfTheGears","StructuralAnalysis"],"picked":"SKIP","floor":13.0},{"not_picked":["SmokingPipe","EnergyCycle","Rewind","Quickness","Rampage_lor","HandleRequest","WillOfThePrescript","AsThePrescriptOrders","CookingPrep"],"picked":"SKIP","floor":14.0},{"not_picked":["FairyFestival","LittlePrince"],"picked":"MHz","floor":16.0},{"not_picked":["FleshFillet","SharpSwipe+1","SilentMist","MultiBlock+1","PuppetBlockade","EnergyShield+1","Transpierce","ChopItOff+1","Jack Of All Trades+1"],"picked":"UnavoidableGaze+1","floor":18.0},{"not_picked":["BackstreetsDash+1","WillOfThePrescript+1","Clone","SharpSwipe","SuppressingShot+1","GuidanceOfTheGears+1","CookingPrep+1","MultiBlock","testmod-Superconductor"],"picked":"Faith+1","floor":20.0},{"not_picked":["BeautyBeast","SilentOrchestra"],"picked":"Alriune","floor":21.0},{"not_picked":["MultiBlock","FierceCharge","Outburst+1","UnavoidableGaze+1","PinpointShot","Reload","StructuralAnalysis+1","Quickness+1","AT_EmpoweredMortalDraw"],"picked":"TieShanKao","floor":21.0},{"not_picked":["Gigigig+1","GroundSmash","Rewind+1","Thrust","EnergyShield+1","ForTheFamily","DefenseOrder+1","HiddenBlade+1","testmod-Reverberation"],"picked":"ViolentFlame+1","floor":24.0},{"not_picked":["StrongStrike","DarkCloud","Parry","HiddenBlade","Slice_lor","FlashOfSunup+1","SharpNails","GutHarvesting","HandleRequest"],"picked":"testmod-LimitFlipper+1","floor":28},{"not_picked":["Variant","SnowQueen"],"picked":"Funeral","floor":29},{"not_picked":["GuardingStance","HiddenBlade","TendonChords+1","ConcentratedFire+1","EnergyStrike","Leap_lor","AsThePrescriptOrders","MindPrepared","AT_BreakingExtremeWeapon"],"picked":"Faith","floor":29}],"player_experience":95642,"relics_obtained":[{"floor":1.0,"key":"LetterFromLob"},{"floor":1.0,"key":"LetterFromLob"},{"floor":9.0,"key":"SharePain"},{"floor":11.0,"key":"Oddly Smooth Stone"},{"floor":17.0,"key":"Tiny Chest"},{"floor":17.0,"key":"AT_RedTearstoneRing"},{"floor":26.0,"key":"PageOfAlriune"}],"event_choices":[{"damage_healed":0.0,"max_hp_gain":5.0,"max_hp_loss":0.0,"gold_gain":0.0,"event_name":"Big Fish","player_choice":"Donut","floor":3.0,"gold_loss":0.0,"damage_taken":0.0},{"damage_healed":0.0,"max_hp_gain":0.0,"max_hp_loss":0.0,"gold_gain":400.0,"event_name":"恩洛斯的盘子","player_choice":"Sell","floor":2.0,"relics_lost":["AT_ATBox"],"gold_loss":0.0,"damage_taken":0.0},{"cards_removed":["LightAttack"],"damage_healed":0.0,"max_hp_gain":0.0,"max_hp_loss":0.0,"gold_gain":0.0,"event_name":"The Cleric","player_choice":"Card Removal","floor":3.0,"gold_loss":50.0,"damage_taken":0.0},{"damage_healed":0.0,"max_hp_gain":0.0,"max_hp_loss":0.0,"gold_gain":0.0,"event_name":"Golden Idol","player_choice":"Take Damage","floor":5.0,"gold_loss":0.0,"damage_taken":19.0,"relics_obtained":["Golden Idol"]},{"cards_removed":["LightDefense"],"damage_healed":0.0,"max_hp_gain":0.0,"max_hp_loss":0.0,"gold_gain":0.0,"event_name":"Falling","player_choice":"Removed Skill","floor":19.0,"gold_loss":0.0,"damage_taken":0.0},{"damage_healed":0.0,"max_hp_gain":0.0,"max_hp_loss":4.0,"gold_gain":0.0,"event_name":"Winding Halls","player_choice":"Max HP","floor":22.0,"gold_loss":0.0,"damage_taken":0.0}],"is_beta":false,"boss_relics":[{"not_picked":["testmod-Prudence","testmod-DeterminationOfClimber"],"picked":"REME_LowDesire"}],"items_purged_floors":[2,4,4],"is_endless":false,"potions_floor_spawned":[5,1,7,13,20,24,28,29],"killed_by":"Reptomancer","ascension_level":6}}