{"host":"Jinnai","time":1612152647,"event":{"mods":["BaseMod","Bestiary","Block Reminder","Colored Map","Colored Powertips","Highlight Path","Minty Spire (QoL Compilation)","Quick Restart","Relic Stats","StSLib"],"gold_per_floor":[119,130,55,75,88,88,118,136,159,159,159,159],"floor_reached":11,"language":"ENG","playtime":339,"items_purged":[],"score":150,"play_id":"3fe6b48f-e75f-4c72-92da-e331eb60ce2c","local_time":"20210131231047","is_ascension_mode":true,"campfire_choices":[{"data":"Sweeping Beam","floor":6,"key":"SMITH"}],"circlet_count":0,"master_deck":["AscendersBane","Strike_B+1","Strike_B","Strike_B","Strike_B","Defend_B","Defend_B","Defend_B","Zap","Dualcast","Ball Lightning","Multi-Cast","Coolheaded","Sweeping Beam+1","Streamline+1","Ball Lightning"],"relics":["Cracked Core","Blue Candle","Whetstone"],"acts_visited":["Exordium"],"potions_floor_usage":[11],"damage_taken":[{"damage":6,"enemies":"Cultist","floor":1,"turns":3},{"damage":10,"enemies":"Small Slimes","floor":2,"turns":3},{"damage":3,"enemies":"2 Louse","floor":4,"turns":2},{"damage":0,"enemies":"Large Slime","floor":5,"turns":4},{"damage":39,"enemies":"Gremlin Nob","floor":7,"turns":4},{"damage":6,"enemies":"Lots of Slimes","floor":8,"turns":2},{"damage":11,"enemies":"3 Sentries","floor":11,"turns":3}],"seed_played":"-8236377059408120826","potions_obtained":[{"floor":2,"key":"Block Potion"},{"floor":7,"key":"SpeedPotion"},{"floor":10,"key":"Swift Potion"}],"is_trial":false,"path_per_floor":["M","M","?","M","M","R","E","M","T","?","E"],"character_chosen":"DEFECT","items_purchased":[],"campfire_rested":0,"item_purchase_floors":[],"current_hp_per_floor":[65,55,55,52,52,52,13,7,7,7,0,0],"gold":159,"neow_bonus":"TEN_PERCENT_HP_BONUS","is_daily":false,"chose_seed":false,"campfire_upgraded":1,"win_rate":0.0,"timestamp":1612152647,"path_taken":["M","M","?","M","M","R","E","M","T","?","E"],"items_purchased_type":[],"build_version":"2020-12-18","purchased_purges":0,"victory":false,"max_hp_per_floor":[78,78,78,78,78,78,78,78,78,78,78,78],"relic_stats":{"counters":[7,21],"Blue Candle":[0],"Whetstone":["Streamline","Strike_B"],"obtain_stats":[{"Blue Candle":7,"Whetstone":9,"Cracked Core":0},{"Blue Candle":5,"Whetstone":6,"Cracked Core":0},{"Blue Candle":16,"Whetstone":18,"Cracked Core":0}]},"card_choices":[{"not_picked":["Coolheaded","Redo"],"picked":"Ball Lightning","floor":1},{"not_picked":["Stack","Beam Cell"],"picked":"Multi-Cast","floor":2},{"not_picked":["Streamline","Gash"],"picked":"Coolheaded","floor":4},{"not_picked":["Streamline","Beam Cell"],"picked":"Sweeping Beam","floor":5},{"not_picked":["Turbo","Chill"],"picked":"Streamline","floor":7},{"not_picked":["Gash","Rebound"],"picked":"Ball Lightning","floor":8}],"player_experience":1626482,"relics_obtained":[{"floor":7,"key":"Blue Candle"},{"floor":9,"key":"Whetstone"}],"event_choices":[{"cards_removed":["Defend_B"],"damage_healed":0,"gold_gain":0,"player_choice":"Card Removal","damage_taken":0,"max_hp_gain":0,"max_hp_loss":0,"event_name":"The Cleric","floor":3,"gold_loss":75},{"damage_healed":0,"gold_gain":0,"player_choice":"Got Potions","damage_taken":0,"max_hp_gain":0,"max_hp_loss":0,"event_name":"Lab","floor":10,"gold_loss":0}],"is_beta":true,"boss_relics":[],"items_purged_floors":[],"is_endless":false,"potions_floor_spawned":[2,7],"killed_by":"3 Sentries","ascension_level":20}}