{"host":"rk1e5mmpnpniq13w","time":1612146652,"event":{"mods":["BaseMod","Colored Powertips","Hubris","Minty Spire (QoL Compilation)","Replay The Spire","StSLib","The Bug Knight"],"gold_per_floor":[119,136,149,168,187,215,215,242,265,296,296,296,330,330,330,449,449,465,478,247,260,9,50,50,50,76,110,110,110,130,161,161,280,280,331,331,331,424,447,447,498,529,529,529,554,623,623,669,669,669,669,669,15,58,58,58],"floor_reached":55,"language":"ENG","playtime":3770,"items_purged":["Strike_P","Strike_P","hubris:Disease"],"score":1273,"play_id":"8eb429be-aa1c-4c24-8ec6-0ca568f8a52a","local_time":"20210131213052","is_ascension_mode":true,"campfire_choices":[{"data":"DeceiveReality","floor":7,"key":"SMITH"},{"floor":15,"key":"REST"},{"data":"Devotion","floor":24,"key":"SMITH"},{"data":"Wish","floor":28,"key":"SMITH"},{"floor":32,"key":"REST"},{"data":"Ragnarok","floor":40,"key":"SMITH"},{"floor":44,"key":"RECALL"},{"floor":47,"key":"REST"},{"floor":49,"key":"REST"},{"data":"MentalFortress","floor":52,"key":"SMITH"}],"circlet_count":0,"master_deck":["Strike_P+1","Strike_P","Defend_P+1","Defend_P+1","Defend_P+1","Defend_P+1","Eruption","Vigilance","DeusExMachina+1","FearNoEvil","SandsOfTime+1","Replay:DivineShield","BowlingBash","Replay:Anticipation","DeceiveReality+1","EmptyFist","FollowUp","BattleHymn","Replay:AtTheReady","Devotion+1","Swivel+1","FlurryOfBlows+1","Study+1","Wish+1","InnerPeace+1","Crescendo","Ragnarok+1","BattleHymn+1","The Bomb","CarveReality","Vengeance+1","Swivel+1","Wallop+1","MentalFortress+1","EmptyBody","ReplayTheSpireMod:Brewmster"],"relics":["PureWater","Shuriken","Happy Flower","Dream Catcher","PreservedInsect","Golden Idol","hubris:Towel","Quantum Egg","TeardropLocket","Black Star","Sling","Damaru","Blood Vial","Omamori","War Paint","Oddly Smooth Stone","hubris:TenFootPole","Replay:Bottled Eggs","Whetstone","Replay:Ancient Bell","ReplayTheSpireMod:TigerMarble","Mercury Hourglass","Lizard Tail","Replay:Purple Gloves","hubris:ToyBattleship","hubris:MedicalManual","Toy Ornithopter","hubris:Metronome","FossilizedHelix","hubris:SlimyHat","Replay:Rubber Ducky"],"acts_visited":["Exordium","TheCity","TheBeyond","TheEnding"],"potions_floor_usage":[6,31,31,31,31,50,55,55,55,55],"damage_taken":[{"damage":2,"enemies":"Jaw Worm","floor":1,"turns":4},{"damage":1,"enemies":"2 Louse","floor":2,"turns":2},{"damage":1,"enemies":"Cultist","floor":3,"turns":3},{"damage":0,"enemies":"Looter","floor":4,"turns":2},{"damage":2,"enemies":"Large Slime","floor":5,"turns":4},{"damage":20,"enemies":"Gremlin Nob","floor":6,"turns":5},{"damage":10,"enemies":"3 Sentries","floor":8,"turns":6},{"damage":0,"enemies":"Lagavulin","floor":10,"turns":4},{"damage":9,"enemies":"Gremlin Nob","floor":13,"turns":3},{"damage":8,"enemies":"Fading Forest","floor":16,"turns":11},{"damage":0,"enemies":"Spheric Guardian","floor":18,"turns":2},{"damage":8,"enemies":"Shell Parasite","floor":19,"turns":6},{"damage":9,"enemies":"Chosen and Byrds","floor":21,"turns":8},{"damage":16,"enemies":"Book of Stabbing","floor":23,"turns":3},{"damage":5,"enemies":"Gremlin Leader","floor":27,"turns":6},{"damage":0,"enemies":"3 Cultists","floor":30,"turns":4},{"damage":24,"enemies":"Slavers","floor":31,"turns":4},{"damage":3,"enemies":"Pondfish","floor":33,"turns":7},{"damage":0,"enemies":"3 Shapes","floor":35,"turns":4},{"damage":20,"enemies":"Mind Bloom Boss Battle","floor":38,"turns":5},{"damage":2,"enemies":"Orb Walker","floor":39,"turns":3},{"damage":16,"enemies":"Maw","floor":41,"turns":5},{"damage":21,"enemies":"Nemesis","floor":42,"turns":3},{"damage":0,"enemies":"Transient","floor":45,"turns":5},{"damage":0,"enemies":"Giant Head","floor":46,"turns":4},{"damage":5,"enemies":"4 Shapes","floor":48,"turns":4},{"damage":14,"enemies":"Replay:Hell Engine","floor":50,"turns":5},{"damage":62,"enemies":"Shield and Spear","floor":54,"turns":3},{"damage":175,"enemies":"The Heart","floor":55,"turns":3}],"seed_played":"3310144574424671890","potions_obtained":[{"floor":2,"key":"Elixir"},{"floor":3,"key":"Block Potion"},{"floor":5,"key":"PowerPotion"},{"floor":8,"key":"Elixir"},{"floor":10,"key":"Fire Potion"},{"floor":16,"key":"EntropicBrew"},{"floor":35,"key":"BlessingOfTheForge"},{"floor":42,"key":"SpeedPotion"},{"floor":45,"key":"Swift Potion"},{"floor":48,"key":"Doom Potion"}],"is_trial":false,"path_per_floor":["M","M","M","M","M","E","R","E","T","E","?","?","E","T","R","B",null,"M","M","$","M","$","E","R","?","T","E","R","?","M","E","R","B",null,"M","?","?","?","M","R","M","E","T","R","M","E","R","M","R","B",null,"R","$","E","B"],"character_chosen":"WATCHER","items_purchased":["Sling","Damaru","FossilizedHelix","ReplayTheSpireMod:Brewmster","Milkshake"],"campfire_rested":4,"item_purchase_floors":[20,22,53,53,53],"current_hp_per_floor":[70,69,68,68,66,46,46,36,36,36,36,36,27,27,47,39,60,60,52,52,43,43,27,27,27,27,24,24,24,26,4,24,23,56,58,58,58,40,40,40,26,7,7,7,9,11,31,28,48,41,61,61,61,1,0,0],"gold":58,"neow_bonus":"ONE_RANDOM_RARE_CARD","is_daily":false,"chose_seed":false,"campfire_upgraded":5,"win_rate":0.0,"timestamp":1612146652,"path_taken":["M","M","M","M","M","E","R","E","T","E","?","?","E","?","R","BOSS","M","M","$","M","$","E","R","?","T","E","R","?","M","E","R","BOSS","M","?","?","?","M","R","?","E","T","R","M","E","R","M","R","BOSS","R","$","E","BOSS"],"items_purchased_type":["Relic","Relic","Relic","Card","Potion"],"build_version":"2020-12-22","purchased_purges":3,"victory":false,"max_hp_per_floor":[72,72,72,72,72,72,72,72,72,72,67,67,67,67,67,67,67,67,67,67,67,67,67,67,67,67,67,67,67,67,67,67,67,67,67,67,67,67,67,67,67,67,67,67,67,67,67,67,67,67,67,67,67,67,67,67],"card_choices":[{"not_picked":["PathToVictory","CrushJoints"],"picked":"FearNoEvil","floor":1},{"not_picked":["Replay:AtTheReady","Indignation"],"picked":"SandsOfTime","floor":2},{"not_picked":["Fasting2","Consecrate"],"picked":"Replay:DivineShield","floor":3},{"not_picked":["Prostrate","Indignation"],"picked":"BowlingBash","floor":4},{"not_picked":["Conclude","Replay:BluntJabs"],"picked":"Replay:Anticipation","floor":5},{"not_picked":["Evaluate","Consecrate"],"picked":"DeceiveReality","floor":6},{"not_picked":["PathToVictory","Evaluate"],"picked":"EmptyFist","floor":8},{"not_picked":["Indignation","Brilliance"],"picked":"FollowUp","floor":10},{"not_picked":["ClearTheMind","ForeignInfluence"],"picked":"BattleHymn","floor":13},{"not_picked":["Halt","Collect"],"picked":"Replay:AtTheReady","floor":15},{"not_picked":["Judgement","Blasphemy"],"picked":"Devotion","floor":16},{"not_picked":["WindmillStrike","PathToVictory"],"picked":"Swivel+1","floor":18},{"not_picked":["EmptyMind","Replay:BluntJabs","FlurryOfBlows"],"picked":"SKIP","floor":19},{"not_picked":["EmptyBody","Protect+1"],"picked":"FlurryOfBlows+1","floor":21},{"not_picked":["DeceiveReality","Replay:Battleflow+1"],"picked":"Study","floor":23},{"not_picked":["Halt+1","Devotion"],"picked":"Wish","floor":27},{"not_picked":["Halt+1","FlyingSleeves"],"picked":"InnerPeace+1","floor":30},{"not_picked":["Crescendo","ClearTheMind","Pray"],"picked":"SKIP","floor":31},{"not_picked":["Weave","Conclude"],"picked":"Crescendo","floor":32},{"not_picked":["Omniscience","SpiritShield"],"picked":"Ragnarok","floor":33},{"not_picked":["ReplayTheSpireMod:IOU","Overencumbered"],"picked":"hubris:Gluttony","floor":34},{"not_picked":["hubris:Sloth","ReplayTheSpireMod:Faulty Equipment"],"picked":"Regret","floor":34},{"not_picked":["ReplayTheSpireMod:Faulty Equipment","hubris:Sloth"],"picked":"hubris:Disease","floor":34},{"not_picked":["WreathOfFlame+1","PathToVictory"],"picked":"BattleHymn+1","floor":35},{"not_picked":["Dramatic Entrance","Blind"],"picked":"The Bomb","floor":37},{"not_picked":["ThirdEye","Pray+1"],"picked":"CarveReality","floor":38},{"not_picked":["Nirvana+1","FearNoEvil"],"picked":"Vengeance+1","floor":39},{"not_picked":["WreathOfFlame","Replay:Vibes","CutThroughFate+1"],"picked":"SKIP","floor":41},{"not_picked":["BattleHymn","CutThroughFate+1"],"picked":"Swivel+1","floor":42},{"not_picked":["WreathOfFlame+1","Replay:Hum+1"],"picked":"Wallop+1","floor":45},{"not_picked":["Replay:AllIn","Weave+1"],"picked":"MentalFortress","floor":46},{"not_picked":["Replay:Cycle+1","WindmillStrike+1"],"picked":"EmptyBody","floor":47},{"not_picked":["JustLucky","Prostrate","EmptyFist+1"],"picked":"SKIP","floor":48},{"not_picked":["Blasphemy","ForeignInfluence","Consecrate"],"picked":"SKIP","floor":54}],"player_experience":412555,"relics_obtained":[{"floor":6,"key":"Shuriken"},{"floor":8,"key":"Happy Flower"},{"floor":9,"key":"Dream Catcher"},{"floor":10,"key":"PreservedInsect"},{"floor":13,"key":"Quantum Egg"},{"floor":14,"key":"TeardropLocket"},{"floor":23,"key":"Blood Vial"},{"floor":23,"key":"Omamori"},{"floor":26,"key":"War Paint"},{"floor":27,"key":"Oddly Smooth Stone"},{"floor":27,"key":"hubris:TenFootPole"},{"floor":31,"key":"Replay:Bottled Eggs"},{"floor":31,"key":"Whetstone"},{"floor":38,"key":"Replay:Purple Gloves"},{"floor":42,"key":"hubris:ToyBattleship"},{"floor":42,"key":"hubris:MedicalManual"},{"floor":46,"key":"Toy Ornithopter"},{"floor":46,"key":"hubris:Metronome"},{"floor":54,"key":"hubris:SlimyHat"},{"floor":54,"key":"Replay:Rubber Ducky"}],"event_choices":[{"damage_healed":0,"gold_gain":0,"player_choice":"Lose Max HP","damage_taken":0,"relics_obtained":["Golden Idol"],"max_hp_gain":0,"max_hp_loss":5,"event_name":"Golden Idol","floor":11,"gold_loss":0},{"damage_healed":0,"gold_gain":0,"player_choice":"Ignored","damage_taken":0,"max_hp_gain":0,"max_hp_loss":0,"event_name":"Vampires","floor":29,"gold_loss":0},{"damage_healed":0,"gold_gain":0,"player_choice":"Ignored","damage_taken":0,"max_hp_gain":0,"max_hp_loss":0,"event_name":"Tomb of Lord Red Mask","floor":36,"gold_loss":0},{"damage_healed":0,"gold_gain":0,"player_choice":"Memory 1","damage_taken":0,"max_hp_gain":0,"max_hp_loss":0,"event_name":"SensoryStone","floor":37,"gold_loss":0},{"damage_healed":0,"gold_gain":0,"player_choice":"Fight","damage_taken":0,"max_hp_gain":0,"max_hp_loss":0,"event_name":"MindBloom","floor":38,"gold_loss":0}],"is_beta":false,"boss_relics":[{"not_picked":["hubris:Stopwatch","Tiny House"],"picked":"Black Star"},{"not_picked":["Replay:Bronze Core","Ring of Chaos"],"picked":"Replay:Ancient Bell"},{"not_picked":["Centennial Puzzle","Juzu Bracelet"],"picked":"ReplayTheSpireMod:TigerMarble"},{"not_picked":["Replay:WaspNest","StrikeDummy"],"picked":"Mercury Hourglass"},{"not_picked":["CloakClasp","hubris:BundleOfHerbs"],"picked":"Lizard Tail"}],"items_purged_floors":[20,22,53],"is_endless":false,"potions_floor_spawned":[2,3,5,8,10,16,18,19,21,35,42,45,48,54],"killed_by":"The Heart","ascension_level":5}}