{"host":"19r1ww88x2tc73i0","time":1612201522,"event":{"mods":["BaseMod","BetterRewards","Colored Map","Minty Spire (QoL Compilation)","Relic Stats","StSLib","SuperFastMode","slay the spire mod where everything is the same but ironclad has a cowboy hat"],"gold_per_floor":[109,120,137,157,157,157,182,199,199,215,230,67,67,128,128,199,199,219,219,229,229,56,83,93,128,128,128,128],"floor_reached":27,"language":"ENG","playtime":1236,"items_purged":[],"score":514,"play_id":"2e634fee-658c-4868-b411-5d9278bec517","local_time":"25640202004522","is_ascension_mode":true,"campfire_choices":[{"data":"Bash","floor":6.0,"key":"SMITH"},{"data":"Spot Weakness","floor":13.0,"key":"SMITH"},{"data":"Immolate","floor":15.0,"key":"SMITH"}],"circlet_count":0,"master_deck":["AscendersBane","Strike_R","Strike_R","Strike_R","Strike_R","Strike_R+1","Defend_R+1","Defend_R","Defend_R","Defend_R","Bash+1","Iron Wave","Sentinel+1","Thunderclap","Shrug It Off+1","Reaper","Shrug It Off","Immolate+1","Metallicize+1","Spot Weakness+1","Headbutt","Limit Break+1","Flame Barrier","Shockwave+1","Limit Break+1","Fire Breathing+1","Bludgeon"],"relics":["Burning Blood","Mango","Red Skull","Frozen Egg 2","Question Card","Snecko Eye","DollysMirror","War Paint","Singing Bowl","Molten Egg 2"],"acts_visited":["Exordium","TheCity"],"potions_floor_usage":[],"damage_taken":[{"damage":10.0,"enemies":"2 Louse","floor":1.0,"turns":3.0},{"damage":11.0,"enemies":"Jaw Worm","floor":2.0,"turns":5.0},{"damage":2.0,"enemies":"Cultist","floor":3.0,"turns":4.0},{"damage":10.0,"enemies":"3 Louse","floor":4.0,"turns":5.0},{"damage":30.0,"enemies":"3 Sentries","floor":7.0,"turns":10.0},{"damage":21.0,"enemies":"Exordium Thugs","floor":8.0,"turns":5.0},{"damage":12.0,"enemies":"Large Slime","floor":10.0,"turns":6.0},{"damage":5.0,"enemies":"Gremlin Gang","floor":11.0,"turns":4.0},{"damage":0.0,"enemies":"3 Sentries","floor":14.0,"turns":3.0},{"damage":22.0,"enemies":"The Guardian","floor":16.0,"turns":10.0},{"damage":7.0,"enemies":"Shell Parasite","floor":18.0,"turns":4.0},{"damage":10.0,"enemies":"2 Thieves","floor":20.0,"turns":4.0},{"damage":0.0,"enemies":"Cultist and Chosen","floor":21.0,"turns":1.0},{"damage":40.0,"enemies":"Gremlin Leader","floor":23.0,"turns":4.0},{"damage":24.0,"enemies":"Snecko","floor":24.0,"turns":8.0},{"damage":61.0,"enemies":"Slavers","floor":25.0,"turns":5.0},{"damage":13,"enemies":"Sentry and Sphere","floor":27,"turns":3}],"seed_played":"-6838202311674747838","potions_obtained":[{"floor":8.0,"key":"Energy Potion"},{"floor":10.0,"key":"BlessingOfTheForge"},{"floor":16.0,"key":"SmokeBomb"},{"floor":18.0,"key":"Strength Potion"},{"floor":25.0,"key":"Explosive Potion"}],"is_trial":false,"path_per_floor":["M","M","M","M","?","R","E","M","T","M","M","$","R","?","R","B",null,"M","?","M","M","$","E","M","E","T","M"],"character_chosen":"IRONCLAD","items_purchased":["Metallicize+1","Spot Weakness","DollysMirror"],"campfire_rested":0,"item_purchase_floors":[12,12,22],"current_hp_per_floor":[78,73,77,73,48,48,24,23,23,17,24,24,24,31,31,15,65,64,64,60,66,66,82,64,9,9,0,0],"gold":128,"neow_bonus":"ONE_RARE_RELIC","is_daily":false,"chose_seed":false,"campfire_upgraded":3,"win_rate":0.0,"timestamp":1612201522,"path_taken":["M","M","M","M","?","R","E","M","T","M","M","$","R","?","R","BOSS","M","?","?","M","$","E","M","E","T","M"],"items_purchased_type":["Card","Card","Relic"],"build_version":"2020-12-22","purchased_purges":0,"victory":false,"max_hp_per_floor":[82,82,82,82,82,82,82,82,82,82,82,82,82,82,82,82,82,82,82,82,82,82,82,82,82,82,82,82],"relic_stats":{"Singing Bowl":0,"counters":[17,84],"Snecko Eye":[47,48,57,52],"War Paint":["Defend_R","Sentinel"],"Question Card":6,"obtain_stats":[{"Singing Bowl":25,"DollysMirror":22,"Snecko Eye":17,"Mango":0,"Molten Egg 2":26,"Frozen Egg 2":9,"War Paint":23,"Question Card":14,"Burning Blood":0,"Red Skull":7},{"Singing Bowl":16,"DollysMirror":13,"Snecko Eye":10,"Mango":0,"Molten Egg 2":16,"Frozen Egg 2":6,"War Paint":14,"Question Card":9,"Burning Blood":0,"Red Skull":5},{"Singing Bowl":81,"DollysMirror":64,"Snecko Eye":55,"Mango":0,"Molten Egg 2":81,"Frozen Egg 2":32,"War Paint":68,"Question Card":45,"Burning Blood":0,"Red Skull":27}],"Burning Blood":90},"card_choices":[{"not_picked":["Warcry","Wild Strike"],"picked":"Iron Wave","floor":1.0},{"not_picked":["Infernal Blade","Iron Wave"],"picked":"Sentinel","floor":2.0},{"not_picked":["Shockwave","Warcry"],"picked":"Thunderclap","floor":3.0},{"not_picked":["Sword Boomerang","Armaments"],"picked":"Shrug It Off","floor":4.0},{"not_picked":["Flex","Clothesline"],"picked":"Reaper","floor":7.0},{"not_picked":["Rampage","Clothesline"],"picked":"Shrug It Off","floor":8.0},{"not_picked":["Warcry","Headbutt"],"picked":"Immolate","floor":10.0},{"not_picked":["Body Slam","Sever Soul","Wild Strike"],"picked":"SKIP","floor":11.0},{"not_picked":["Bloodletting","Warcry"],"picked":"Headbutt","floor":14.0},{"not_picked":["Juggernaut+1","Bludgeon","Fiend Fire"],"picked":"Limit Break","floor":16.0},{"not_picked":["Carnage","Power Through","Perfected Strike"],"picked":"Flame Barrier","floor":18.0},{"not_picked":["Twin Strike","Disarm","Flex+1"],"picked":"Shockwave+1","floor":20.0},{"not_picked":["Clash+1","Anger+1","Wild Strike","True Grit"],"picked":"SKIP","floor":23.0},{"not_picked":["Ghostly Armor","Wild Strike","Pummel"],"picked":"Fire Breathing+1","floor":24.0},{"not_picked":["Twin Strike","Fire Breathing+1","Sword Boomerang"],"picked":"Bludgeon","floor":25.0}],"player_experience":987761,"relics_obtained":[{"floor":7.0,"key":"Red Skull"},{"floor":9.0,"key":"Frozen Egg 2"},{"floor":14.0,"key":"Question Card"},{"floor":23.0,"key":"War Paint"},{"floor":25.0,"key":"Singing Bowl"},{"floor":26.0,"key":"Molten Egg 2"}],"event_choices":[{"damage_healed":0.0,"max_hp_gain":0.0,"max_hp_loss":0.0,"gold_gain":0.0,"event_name":"Shining Light","player_choice":"Entered Light","floor":5.0,"gold_loss":0.0,"damage_taken":25.0,"cards_upgraded":["Shrug It Off","Strike_R"]},{"damage_healed":0.0,"max_hp_gain":0.0,"max_hp_loss":0.0,"gold_gain":0.0,"event_name":"Dead Adventurer","player_choice":"Searched \u00271\u0027 times","floor":14.0,"gold_loss":0.0,"damage_taken":0.0},{"damage_healed":0.0,"max_hp_gain":0.0,"max_hp_loss":0.0,"gold_gain":0.0,"event_name":"Upgrade Shrine","player_choice":"Upgraded","floor":19.0,"gold_loss":0.0,"damage_taken":0.0,"cards_upgraded":["Limit Break"]}],"is_beta":false,"boss_relics":[{"not_picked":["Calling Bell","Cursed Key"],"picked":"Snecko Eye"}],"items_purged_floors":[],"is_endless":false,"potions_floor_spawned":[8,10,11,16,18,25],"killed_by":"Sentry and Sphere","ascension_level":20}}