{"host":"qcf259yvvmr1jh6w","time":1612196218,"event":{"mods":["Act Like it!","Aspiration","BaseMod","Beaked The Cultist","Better Third Choice","BetterRewards","Colored Map","Conspire","Custom Start","Downfall","Energized Spire","Hubris","Infinite Spire","Mimic Mod","Minty Spire (QoL Compilation)","Relic Sorter","Replay The Spire","Reworked Bosses","StSLib","The Construct","The Jungle"],"gold_per_floor":[99,112,112,112,123,137,137,137,150,167,187,197,197,197,207,207,207],"floor_reached":16,"language":"ENG","playtime":1008,"items_purged":[],"score":96,"play_id":"1f5eb001-4b15-468b-a878-306780bb52ea","local_time":"20210201171658","is_ascension_mode":false,"campfire_choices":[{"data":"Slimebound:Split","floor":1,"key":"SMITH"},{"floor":13,"key":"REST"}],"circlet_count":0,"master_deck":["Slimebound:Strike_Slimebound","Slimebound:Tackle","Slimebound:Defend_Slimebound","Slimebound:Defend_Slimebound","Slimebound:Defend_Slimebound","Slimebound:Split+1","Slimebound:CorrosiveSpit","Slimebound:WasteNot","Slimebound:SelfFormingGoo","Slimebound:SlimeBarrage","Slimebound:SplitMire","Slimebound:DisruptingSlam","Slimebound:PressTheAttack","Slimebound:SplitAcid","Slimebound:PressTheAttack","Slimebound:ItLooksTasty","Slimebound:Nibble"],"relics":["Slimebound:AbsorbEndCombat","downfall:BrokenWingStatue","BranchBurnRelic"],"acts_visited":["Exordium"],"potions_floor_usage":[11,15,16],"damage_taken":[{"damage":6,"enemies":"Cultist","floor":2,"turns":5},{"damage":0,"enemies":"conspire:RoseBush","floor":5,"turns":4},{"damage":5,"enemies":"2 Louse","floor":6,"turns":3},{"damage":5,"enemies":"Blue Slaver","floor":9,"turns":4},{"damage":12,"enemies":"Large Slime","floor":10,"turns":3},{"damage":7,"enemies":"3 Louse","floor":11,"turns":2},{"damage":13,"enemies":"Red Slaver","floor":12,"turns":2},{"damage":9,"enemies":"2 Fungi Beasts","floor":15,"turns":3},{"damage":57,"enemies":"IC_STATUS_ARCHETYPE","floor":16,"turns":8}],"seed_played":"30921395371416186","potions_obtained":[{"floor":6,"key":"Fire Potion"},{"floor":11,"key":"Fire Potion"},{"floor":15,"key":"Energy Potion"}],"is_trial":false,"path_per_floor":["R_BF","M","?","?","M","M","T","?","M","M","M","M","R","?","M","B"],"character_chosen":"SLIMEBOUND","items_purchased":[],"campfire_rested":1,"item_purchase_floors":[],"current_hp_per_floor":[59,55,55,55,55,52,52,52,49,43,38,25,42,42,44,0,0],"gold":207,"neow_bonus":"TRANSFORM_TWO_CARDS","is_daily":false,"chose_seed":false,"campfire_upgraded":1,"win_rate":0.0,"timestamp":1612196218,"path_taken":["R_BF","M","?","?","M","M","T","?","M","M","M","M","R","?","M","BOSS"],"items_purchased_type":[],"build_version":"2020-12-22","purchased_purges":0,"victory":false,"max_hp_per_floor":[59,59,59,59,59,59,59,59,59,59,59,59,59,59,59,59,59],"card_choices":[{"not_picked":["Slimebound:GrowthPunch","Slimebound:SplitBruiser"],"picked":"Slimebound:SlimeBarrage","floor":2},{"not_picked":["Slimebound:Prepare","Slimebound:SlimeSpikes"],"picked":"Slimebound:SplitMire","floor":5},{"not_picked":["Slimebound:SplitLeeching","Slimebound:FinishingTackle"],"picked":"Slimebound:DisruptingSlam","floor":6},{"not_picked":["Slimebound:GoopSpray","Slimebound:AcidTongue"],"picked":"Slimebound:PressTheAttack","floor":9},{"not_picked":["Slimebound:Recycling","Slimebound:Schlurp"],"picked":"Slimebound:SplitAcid","floor":10},{"not_picked":["Slimebound:HauntingLick","Slimebound:Gluttony"],"picked":"Slimebound:PressTheAttack","floor":11},{"not_picked":["Slimebound:GoopTackle","Slimebound:LeechingTouch"],"picked":"Slimebound:ItLooksTasty","floor":12},{"not_picked":["Slimebound:Schlurp","Slimebound:LivingWall"],"picked":"Slimebound:Nibble","floor":15}],"player_experience":140751,"relics_obtained":[{"floor":7,"key":"Dead Branch"}],"event_choices":[{"damage_healed":0,"gold_gain":0,"player_choice":"Disagree","damage_taken":0,"max_hp_gain":0,"max_hp_loss":0,"event_name":"conspire:LoneGhost","floor":3,"gold_loss":0}],"is_beta":false,"boss_relics":[],"items_purged_floors":[],"is_endless":false,"potions_floor_spawned":[6,11,15],"killed_by":"IC_STATUS_ARCHETYPE","ascension_level":0}}