{"host":"m8o7tt929h4qck9e","time":1612180039,"event":{"mods":["Aspiration","BaseMod","Better Third Choice","BetterRewards","Card Forge","Colored Powertips","Conspire","Defuse TimeMaze Blight","Friendly Minions","Hubris","Infinite Spire","Jedi Mod","Minty Spire (QoL Compilation)","Replay The Spire","Shop Mod","Spicy Shops","StSLib","The Death Knight","The Jungle","Transform Curses","??????REMEMod"],"gold_per_floor":[112,124,124,40,59,59,93,93,117,117,117,133,133,68,68,166,166,185,185,185,198,216,216,248,248,275,275,275,213,231,249,249,353,353,365,203,215,215,290,290,339,366,366,366,366,379,394,408,408,408,408],"floor_reached":50,"language":"ENG","playtime":41289,"items_purged":["DeathKnight:Strike_DeathKnight","DeathKnight:Defend_DeathKnight","DeathKnight:Strike_DeathKnight","DeathKnight:Strike_DeathKnight"],"score":592,"play_id":"44671ef8-c5b3-4d83-acde-f73cfb7fb2b6","local_time":"20210201064719","is_ascension_mode":false,"campfire_choices":[{"data":"Discovery","floor":6.0,"key":"SMITH"},{"data":"DeathKnight:BloodStrike","floor":8.0,"key":"SMITH"},{"data":"conspire:Purge","floor":11.0,"key":"SMITH"},{"data":"DeathKnight:RuneStrike","floor":13.0,"key":"SMITH"},{"data":"DeathKnight:RuneTap","floor":15.0,"key":"SMITH"},{"data":"DeathKnight:Defend_DeathKnight","floor":23.0,"key":"SMITH"},{"data":"infinitespire:Execution","floor":25.0,"key":"SMITH"},{"data":"jedi:cleanse","floor":27.0,"key":"SMITH"},{"data":"DeathKnight:IcyTouch","floor":32.0,"key":"SMITH"},{"data":"ReplayTheSpireMod:Private Reserves","floor":40.0,"key":"SMITH"},{"data":"REME_Flogging","floor":49.0,"key":"SMITH"}],"circlet_count":0,"master_deck":["DeathKnight:Defend_DeathKnight+1","DeathKnight:RuneTap+1","DeathKnight:RuneStrike+1","DeathKnight:MindFreeze","conspire:Banana","conspire:Purge+1","Discovery+1","DeathKnight:DeathStrike","DeathKnight:BloodStrike+1","DeathKnight:DancingRuneblade+1","jedi:cleanse+1","DeathKnight:IcyTouch+1","ReplayTheSpireMod:Private Reserves+1","infinitespire:Execution+1","DeathKnight:Razorice","REME_Flogging+1","Bandage Up","DeathKnight:DeathAndDecay","Bandage Up"],"relics":["DeathKnight:ReforgedRuneblade","Hammer of Thor","Seething Fire","Anvil of the Gods","REME_ComplimentaryCards","jedi:crownofsimplicity","jedi:fakemustache","Toy Ornithopter","infinitespire:EmpoweringShard","White Beast Statue","REME_LowDesire","DeathKnight:CorpseWagon","aspiration:ChemicalBlood","hubris:EmptyBottle","Replay:Baseball","DeathKnight:Scourgestone","Medical Kit","hubris:TerracottaHorce","conspire:SlowCooker","MerchantsRug","DeathKnight:LanathelsBloodyNail","Ring of Chaos","Ring of Misfortune","Bronze Scales","Regal Pillow","Replay:Rubber Ducky","Mummified Hand"],"acts_visited":["Exordium","TheCity","TheBeyond"],"potions_floor_usage":[],"damage_taken":[{"damage":7.0,"enemies":"Jaw Worm","floor":1.0,"turns":5.0},{"damage":5.0,"enemies":"Cultist","floor":2.0,"turns":4.0},{"damage":5.0,"enemies":"conspire:RoseBush","floor":5.0,"turns":4.0},{"damage":0.0,"enemies":"Replay:BlueRogue","floor":7.0,"turns":8.0},{"damage":7.0,"enemies":"3 Louse","floor":12.0,"turns":4.0},{"damage":10.0,"enemies":"Fading Forest","floor":16.0,"turns":11.0},{"damage":0.0,"enemies":"Spheric Guardian","floor":18.0,"turns":3.0},{"damage":7.0,"enemies":"Shell Parasite","floor":21.0,"turns":3.0},{"damage":14.0,"enemies":"Sentry and Sphere","floor":22.0,"turns":5.0},{"damage":20.0,"enemies":"Nightmare","floor":24.0,"turns":7.0},{"damage":5.0,"enemies":"Centurion and Healer","floor":30.0,"turns":4.0},{"damage":0.0,"enemies":"Snake Plant","floor":31.0,"turns":2.0},{"damage":16.0,"enemies":"hubris:MusketHawk","floor":33.0,"turns":5.0},{"damage":0.0,"enemies":"3 Shapes","floor":35.0,"turns":3.0},{"damage":0.0,"enemies":"3 Darklings","floor":37.0,"turns":3.0},{"damage":55.0,"enemies":"4 Shapes","floor":39.0,"turns":6.0},{"damage":8.0,"enemies":"Sphere and 2 Shapes","floor":41.0,"turns":4.0},{"damage":29.0,"enemies":"R_Hoarder","floor":42.0,"turns":4.0},{"damage":0.0,"enemies":"Maw","floor":46.0,"turns":4.0},{"damage":8.0,"enemies":"Jaw Worm Horde","floor":47.0,"turns":3.0},{"damage":12.0,"enemies":"Writhing Mass","floor":48.0,"turns":3.0},{"damage":0,"enemies":"infinitespire:MassOfShapes","floor":50,"turns":1}],"seed_played":"-6786821725343764633","potions_obtained":[{"floor":2.0,"key":"LifebloodPotion"},{"floor":5.0,"key":"jedi:hoardpotion"},{"floor":7.0,"key":"Toxic Potion"},{"floor":12.0,"key":"LifebloodPotion"},{"floor":16.0,"key":"LiquidMemories"},{"floor":22.0,"key":"SmokeBomb"},{"floor":22.0,"key":"Dexterity Potion"},{"floor":30.0,"key":"LiquidMemories"},{"floor":33.0,"key":"jedi:StrikingPotion"},{"floor":35.0,"key":"BlessingOfTheForge"},{"floor":37.0,"key":"REME_GoldPotion"},{"floor":39.0,"key":"Swift Potion"},{"floor":41.0,"key":"AttackPotion"},{"floor":42.0,"key":"Dexterity Potion"},{"floor":46.0,"key":"Adrenaline Potion"},{"floor":47.0,"key":"PowerPotion"},{"floor":48.0,"key":"BlessingOfTheForge"}],"is_trial":false,"path_per_floor":["M","M","?","$","M","R","E","R","T","?","R","M","R","$","R","B",null,"M","?","AVR","M","M","R","NM","R","T","R","?","$","M","M","R","B",null,"M","$","M","?","M","R","M","E","T","AVR","T","M","M","M","R","B"],"character_chosen":"DEATH_KNIGHT","items_purchased":["jedi:crownofsimplicity","jedi:fakemustache","DeathKnight:MindFreeze","conspire:Banana","Discovery","DeathKnight:DancingRuneblade+1","Medical Kit","MerchantsRug","DeathKnight:LanathelsBloodyNail","Bandage Up","DeathKnight:DeathAndDecay"],"campfire_rested":0,"item_purchase_floors":[0,0,0,0,4,14,29,36,36,36,36],"current_hp_per_floor":[69,65,65,70,66,66,74,74,74,74,74,76,76,80,80,76,81,82,82,82,76,80,80,78,78,78,78,78,83,86,87,87,80,86,89,89,90,90,68,68,84,79,79,79,79,94,91,95,95,95,95],"gold":408,"neow_bonus":"","is_daily":false,"chose_seed":false,"campfire_upgraded":11,"win_rate":0.0,"timestamp":1612180039,"path_taken":["M","M","?","$","?","R","E","R","T","?","R","M","R","$","R","BOSS","M","?","AVR","M","M","R","NM","R","T","R","?","$","M","M","R","BOSS","M","$","M","?","M","R","M","E","T","AVR","?","M","?","M","R","BOSS"],"items_purchased_type":["Relic","Relic","Card","Card","Card","Card","Relic","Relic","Relic","Card","Card"],"build_version":"2020-12-22","purchased_purges":4,"victory":false,"max_hp_per_floor":[76,77,77,77,78,78,79,79,79,79,79,80,80,80,80,81,81,82,82,82,83,84,84,85,85,85,85,85,85,86,87,87,88,88,89,89,90,90,91,91,92,93,93,93,93,94,95,96,96,96,96],"card_choices":[{"not_picked":["DeathKnight:DreadStrike","DeathKnight:Hemostasis","DeathKnight:DancingRuneblade"],"picked":"SKIP","floor":1.0},{"not_picked":["DeathKnight:WraithWalk","DeathKnight:BloodTap","DeathKnight:IceboundArmor"],"picked":"SKIP","floor":2.0},{"not_picked":["DeathKnight:IcyTouch","DeathKnight:BloodBoil"],"picked":"DeathKnight:DeathStrike","floor":5.0},{"not_picked":["DeathKnight:DeathGrip","DeathKnight:DeathsAdvance"],"picked":"DeathKnight:BloodStrike","floor":7.0},{"not_picked":["DeathKnight:UnholyPresence","DeathKnight:DeathAndDecay","DeathKnight:HornOfWinter"],"picked":"SKIP","floor":12.0},{"not_picked":["DeathKnight:DreadStrike","DeathKnight:Ossuary+1","DeathKnight:DeathGrip+1"],"picked":"jedi:cleanse","floor":18.0},{"not_picked":["DeathKnight:DeathGrip","DeathKnight:ArmyOfTheDead","DeathKnight:RunicCorruption+1","Survey Options"],"picked":"SKIP","floor":21.0},{"not_picked":["DeathKnight:FoulBulwark","DeathKnight:UnholyFrenzy+1","PanicButton"],"picked":"DeathKnight:IcyTouch","floor":22.0},{"not_picked":["DeathKnight:RunicDetonation","DeathKnight:BoneSpear","DeathKnight:ScourgeStrike"],"picked":"ReplayTheSpireMod:Private Reserves","floor":24.0},{"not_picked":["infinitespire:Fortify","infinitespire:Starlight"],"picked":"infinitespire:Execution","floor":24.0},{"not_picked":["DeathKnight:FesteringStrike","DeathKnight:BoneSpear","DeathKnight:UnholyFrenzy+1","ReplayTheSpireMod:Necrogeddon"],"picked":"SKIP","floor":30.0},{"not_picked":["DeathKnight:FesteringStrike+1","DeathKnight:Culling","DeathKnight:BloodTap+1","REME_BodyOfCthun"],"picked":"SKIP","floor":31.0},{"not_picked":["DeathKnight:BoneStorm","DeathKnight:RunicDetonation","Chrysalis"],"picked":"DeathKnight:Razorice","floor":33.0},{"not_picked":["DeathKnight:ThirstingStrike+1","DeathKnight:HornOfWinter","DeathKnight:RaiseAlly+1"],"picked":"REME_Flogging","floor":35.0},{"not_picked":["DeathKnight:IceboundArmor","DeathKnight:Contagion","DeathKnight:FrosPresence+1"],"picked":"Bandage Up","floor":37.0},{"not_picked":["DeathKnight:ShatteringStrikes+1","DeathKnight:BloodBoil","DeathKnight:IcyTouch","Magnetism"],"picked":"SKIP","floor":39.0},{"not_picked":["DeathKnight:Parry","DeathKnight:BladedArmor","DeathKnight:FoulBulwark+1","Dark Shackles+1"],"picked":"SKIP","floor":41.0},{"not_picked":["DeathKnight:FrosPresence+1","DeathKnight:UnholyAssault","DeathKnight:UnholyFrenzy+1","Dark Shackles+1"],"picked":"SKIP","floor":42.0},{"not_picked":["DeathKnight:Hysteria","DeathKnight:HornOfWinter+1","DeathKnight:ScourgeStrike+1","Poisoned Strike"],"picked":"SKIP","floor":46.0},{"not_picked":["DeathKnight:FrosPresence","DeathKnight:HowlingBlast+1","DeathKnight:MutagenicPlague","Dark Shackles+1"],"picked":"SKIP","floor":47.0},{"not_picked":["DeathKnight:UnholyPresence","DeathKnight:Obliterate","DeathKnight:HornOfWinter","REME_BodyOfCthun"],"picked":"SKIP","floor":48.0}],"player_experience":29783,"relics_obtained":[{"floor":7.0,"key":"infinitespire:EmpoweringShard"},{"floor":9.0,"key":"Blue Doll"},{"floor":17.0,"key":"DeathKnight:CorpseWagon"},{"floor":17.0,"key":"aspiration:ChemicalBlood"},{"floor":24.0,"key":"Replay:Baseball"},{"floor":26.0,"key":"DeathKnight:Scourgestone"},{"floor":38.0,"key":"Ring of Chaos"},{"floor":38.0,"key":"Ring of Misfortune"},{"floor":42.0,"key":"Bronze Scales"},{"floor":43.0,"key":"Regal Pillow"},{"floor":45.0,"key":"Mummified Hand"}],"event_choices":[{"damage_healed":0.0,"max_hp_gain":0.0,"max_hp_loss":0.0,"gold_gain":0.0,"event_name":"WeMeetAgain","player_choice":"Gave Potion","floor":3.0,"gold_loss":0.0,"damage_taken":0.0,"relics_obtained":["Toy Ornithopter"]},{"damage_healed":0.0,"max_hp_gain":0.0,"max_hp_loss":0.0,"gold_gain":0.0,"event_name":"Big Fish","player_choice":"Box","floor":10.0,"gold_loss":0.0,"damage_taken":0.0,"relics_obtained":["White Beast Statue"],"cards_obtained":["Regret"]}],"is_beta":false,"boss_relics":[{"not_picked":["Painkiller Herb","Runic Dome"],"picked":"REME_LowDesire"},{"not_picked":["Black Star","hubris:HollowSoul"],"picked":"Replay:Grab Bag"},{"not_picked":["Replay:Fungal Core","Sozu"],"picked":"hubris:TerracottaHorce"},{"not_picked":["jedi:battlestandard","ReplayTheSpireMod:DimensionalGlitch"],"picked":"conspire:SlowCooker"},{"not_picked":["aspiration:IroncladSkillbook","aspiration:DefectSkillbook"],"picked":"DeathKnight:ScourgeInsignia"}],"items_purged_floors":[0,0,0,20],"is_endless":false,"potions_floor_spawned":[2,5,7,12,16,18,21,22,24,30,31,33,35,37,39,41,42,46,47,48],"killed_by":"infinitespire:MassOfShapes","ascension_level":0}}