{"host":"f0dbpmn0khgeoqc0","time":1612217743,"event":{"mods":["2.2 Compatiblity","AchievementEnabler","Act Like it!","Ascension Unlocker","Aspiration","BaseMod","Better Altar","Better Match","Better Sensory Stone","Better Skull","Better Third Choice","BetterRewards","Block Reminder","Colored Map","Colored Powertips","Conspire","DNKmod","Disable Question Mark Monsters","Displayed Cursed Tome","Downfall","Evolution","Friendly Minions","Hermit","Highlight Path","Humility","Infinite Spire","Jorbs\u0027s Wanderer Trilogy","Koishi","Marisa????????","Minty Spire (QoL Compilation)","Monster B Gone","MostiFishMod","Permanent Neow","Random Character Button","Relic Filter","Relic Stats","Replay The Spire","Spicy Shops","Spire Arcade","StSLib","Td1madao Mod","The Gatherer","Treasure Hunter","Wandering Minibosses","??????REMEMod"],"gold_per_floor":[416,416,440,466,492,492,543,571,580,580,113,146,165,9,9,114,114,137,147,147,172,322,367,376,376,385,385,411,458,467,513,513,610,610,628,585,585,608,16,16,16,16,49,78,126,148,148,182,182,182,182,182,182,81,130,130],"floor_reached":57,"language":"ENG","playtime":2206,"items_purged":["Load Balancing+1"],"score":4061,"play_id":"e40aba35-0e7d-430c-bde5-270dffc9a275","local_time":"20210201171543","is_ascension_mode":true,"campfire_choices":[{"data":"Defend System","floor":6,"key":"SMITH"},{"data":"Here Defend Chip","floor":6,"key":"SMITH"},{"data":"Thunder Jump","floor":10,"key":"SMITH"},{"data":"Here Defend Chip+1","floor":10,"key":"SMITH"},{"data":"Here Defend Chip+2","floor":15,"key":"SMITH"},{"data":"Here Defend Chip+3","floor":15,"key":"SMITH"},{"data":"De Ware Chip","floor":25,"key":"SMITH"},{"data":"Here Defend Chip+4","floor":25,"key":"SMITH"},{"floor":27,"key":"RECALL"},{"data":"Preparedness","floor":32,"key":"SMITH"},{"data":"Coercion","floor":32,"key":"SMITH"},{"data":"Cooling Song","floor":40,"key":"SMITH"},{"data":"ReplayTheSpireMod:Private Reserves","floor":40,"key":"SMITH"},{"data":"Here Defend Chip+5","floor":47,"key":"SMITH"},{"data":"Here Defend Chip+6","floor":47,"key":"SMITH"},{"data":"Here Defend Chip+7","floor":49,"key":"SMITH"},{"data":"Here Defend Chip+8","floor":49,"key":"SMITH"},{"data":"Afterwards","floor":53,"key":"SMITH"},{"data":"Load Balancing","floor":53,"key":"SMITH"}],"circlet_count":0,"master_deck":["AscendersBane","Strike_C","Strike_C","Strike_C","Defend_C","Defend_C","Defend_C","Defend_C","Knight Kick","Chip","TreasureHunter","Here Defend Chip+9","Memory Alloy+1","TH:BikiniMail+1","Defend System+1","ReplayTheSpireMod:Private Reserves+1","Afterwards+1","Sudden Beat","Cooling Song+1","Black Execution+1","De Ware Chip+1","TH:TreasureMap+1","Thunder Jump+1","TH:CopperCoins+1","Black Dance","Retrieval Recycling+1","TH:BikiniMail+1","Black Dance","Shockwave Tdmadao+1","Necronomicurse","TH:CopperCoins+1","Memory Alloy+1","Three Hit","Coercion+1","TH:CursedSword+1","Black Warm Hole+1","TH:CursedSword+1","Break Into","TH:TreasureMap+1","Shockwave Tdmadao+1","TH:DeckOfManyThings+1","TH:TreasureMap+1","Preparedness+1","TH:TreasureMap+1","Bursts+1","Floating Even","Floating Even","Data Freezing+1","Memory Alloy+1","Im Angry+1","TH:CursedSword+1","Im Angry+1","TH:CursedSword+1","Floating Even+1","TH:TreasureMap+1","TH:CursedSword+1","Preparedness"],"relics":["Apod","DaveBox","ShadowXiaoBlade","Sling","BrkXgEgg","Cola","ClockworkSouvenir","BionicSphere","conspire:TreasureMap","Oddly Smooth Stone","Replay:Arrowhead","CeramicFish","SynthV:TestCard","Replay:Rubber Ducky","Strawberry","Lsj Skin","Chemical X","Pet Ghost","Necronomicon","ChewingGum","wanderingMiniBosses:AbyssPearl","Nloth\u0027s Gift","Replay:Wax Seal","sneckomod:BabySnecko","Chameleon Ring","Replay:Bottled Flurry","Mummified Hand","ChiXiaoBlade","DollysMirror","Replay:Bottled Snecko","HandDrill","ReplayTheSpireMod:TigerMarble","Bag of Marbles","Bronze Scales","Membership Card","StrikeDummy"],"acts_visited":["Exordium","TheCity","TheBeyond","TheEnding"],"potions_floor_usage":[7],"damage_taken":[{"damage":0,"enemies":"Jaw Worm","floor":1,"turns":4},{"damage":0,"enemies":"Cultist","floor":3,"turns":3},{"damage":0,"enemies":"Small Slimes","floor":4,"turns":3},{"damage":0,"enemies":"Red Slaver","floor":5,"turns":3},{"damage":0,"enemies":"Lagavulin","floor":7,"turns":4},{"damage":0,"enemies":"3 Louse","floor":8,"turns":2},{"damage":0,"enemies":"Exordium Thugs","floor":13,"turns":3},{"damage":4,"enemies":"Hexaghost","floor":16,"turns":5},{"damage":0,"enemies":"Shell Parasite","floor":18,"turns":2},{"damage":0,"enemies":"2 Thieves","floor":19,"turns":4},{"damage":0,"enemies":"Snake Plant","floor":21,"turns":3},{"damage":0,"enemies":"Gremlin Leader","floor":23,"turns":2},{"damage":0,"enemies":"3 Cultists","floor":28,"turns":2},{"damage":0,"enemies":"Slavers","floor":29,"turns":2},{"damage":0,"enemies":"Book of Stabbing","floor":31,"turns":2},{"damage":3,"enemies":"Champ","floor":33,"turns":5},{"damage":0,"enemies":"3 Darklings","floor":35,"turns":5},{"damage":0,"enemies":"Orb Walker","floor":38,"turns":1},{"damage":0,"enemies":"Sphere and 2 Shapes","floor":44,"turns":2},{"damage":0,"enemies":"R_Hoarder","floor":45,"turns":3},{"damage":0,"enemies":"3 Darklings","floor":46,"turns":2},{"damage":0,"enemies":"Nemesis","floor":48,"turns":2},{"damage":0,"enemies":"Awakened One","floor":50,"turns":5},{"damage":0,"enemies":"Time Eater","floor":51,"turns":2},{"damage":0,"enemies":"Shield and Spear","floor":55,"turns":2},{"damage":11,"enemies":"The Heart","floor":56,"turns":3}],"seed_played":"-5521465971836058901","potions_obtained":[{"floor":1,"key":"AttackPotion"},{"floor":4,"key":"SkillPotion"},{"floor":8,"key":"Slimebound:ThreeZeroPotion"},{"floor":19,"key":"DuplicationPotion"},{"floor":23,"key":"DuplicationPotion"},{"floor":33,"key":"Reflective Coating"}],"is_trial":false,"path_per_floor":["M","?","M","M","M","R","E","M","T","R","$","T","M","$","R","B",null,"M","M","?","M","?","E","?","R","T","R","M","E","T","E","R","B",null,"M","$","?","M","$","R","$","?","T","M","E","M","R","E","R","B","B",null,"R","$","E","B",null],"character_chosen":"TD1MADAO_CLASS","items_purchased":["Sling","BrkXgEgg","Here Defend Chip","Memory Alloy+1","TH:BikiniMail+1","Cola","ClockworkSouvenir","BionicSphere","Defend System","ReplayTheSpireMod:Private Reserves","Afterwards","conspire:TreasureMap","Oddly Smooth Stone","CeramicFish","Black Dance","Chemical X","Retrieval Recycling+1","Shockwave Tdmadao+1","Floating Even","DollysMirror","Replay:Bottled Snecko","HandDrill","Im Angry+1","Membership Card"],"campfire_rested":0,"item_purchase_floors":[0,0,0,0,0,0,0,0,0,0,0,0,0,0,11,11,11,14,36,39,39,39,39,54],"current_hp_per_floor":[60,60,60,60,60,60,67,67,67,67,67,67,67,67,67,63,71,71,71,71,71,71,71,71,71,71,71,71,71,71,71,71,68,73,73,73,73,73,73,73,73,73,73,73,73,74,74,74,74,74,74,74,74,74,74,63],"gold":130,"neow_bonus":"","is_daily":false,"chose_seed":false,"campfire_upgraded":18,"win_rate":0.0,"timestamp":1612217743,"path_taken":["M","?","M","M","M","R","E","M","T","R","?","?","M","$","R","BOSS","M","M","?","?","?","E","?","R","T","R","M","E","?","E","R","BOSS","M","$","?","?","?","R","$","?","T","M","E","?","R","E","R","BOSS","BOSS","R","$","E","BOSS"],"items_purchased_type":["Relic","Relic","Card","Card","Card","Relic","Relic","Relic","Card","Card","Card","Relic","Relic","Relic","Card","Relic","Card","Card","Card","Relic","Relic","Relic","Card","Relic"],"build_version":"2020-12-22","purchased_purges":1,"victory":true,"max_hp_per_floor":[67,67,67,67,67,67,74,74,74,74,74,74,74,74,74,74,74,74,74,74,74,74,74,74,74,74,74,74,74,74,74,74,74,74,74,74,74,74,74,74,74,74,74,74,74,74,74,74,74,74,74,74,74,74,74,74],"relic_stats":{"counters":[93,332],"Mummified Hand":[82],"CeramicFish":378,"Bronze Scales":[181],"Necronomicon":[29],"Nloth\u0027s Gift":12,"HandDrill":[4],"Chemical X":[11],"obtain_stats":[{"Replay:Accelerometer":4,"Whetstone":12,"Boot":19,"Sling":38,"Old Coin":0,"conspire:GlowingRock":41,"Sundial":34,"MealTicket":10,"Necronomicon":16,"Replay:Bottled Flurry":29,"HandDrill":39,"Replay:Wax Seal":23,"Cola":33,"conspire:TreasureMap":0,"Pear":6,"Eternal Feather":45,"Pen Nib":41,"REME_LimitBreaker":31,"Akabeko":0,"MutagenicStrength":19,"BionicSphere":0,"Pandora\u0027s Box":17,"StrikeDummy":55,"aspiration:Lifesprig":54,"Lantern":41,"DaveBox":0,"DianPoetry":8,"wanderingMiniBosses:AbyssPearl":19,"Ancient Tea Set":47,"Smiling Mask":13,"Pet Ghost":12,"Replay:Rubber Ducky":7,"WingedGreaves":34,"Chemical X":11,"NeowsBlessing":0,"Damaru":9,"The Courier":35,"BrkXgEgg":0,"Omamori":48,"infinitespire:CheckeredPen":50,"Frozen Egg 2":0,"GoldenEye":6,"Replay:Arrowhead":0,"sneckomod:BabySnecko":24,"HaiYi:Twilight":19,"Ornamental Fan":46,"Orrery":0,"REME_HandOfSuture":34,"Turnip":51,"Bottled Lightning":43,"Apod":8,"conspire:DeflatedDodgeball":44,"Toy Ornithopter":33,"REME_ComplimentaryCards":0,"aspiration:Stellarator":45,"CeramicFish":0,"TH:Strongbox":0,"EVO:Axolotl":0,"Sozu":17,"Centennial Puzzle":8,"DollysMirror":39,"Strawberry":7,"Philosopher\u0027s Stone":34,"Toxic Egg 2":0,"Girya":50,"wanderingMiniBosses:ThiefScarf":30,"Oddly Smooth Stone":0,"conspire:SlowCooker":48,"infinitespire:Beetle Shell":55,"aspiration:SeaSaltIceCream":6,"War Paint":13,"Shuriken":35,"Bronze Scales":26,"ChiXiaoBlade":38,"Molten Egg 2":43,"infinitespire:EmpoweringShard":46,"Nloth\u0027s Gift":20,"ReplayTheSpireMod:TigerMarble":43,"bronze:BronzeCore":0,"Replay:PocketPolymizer":17,"MostiFishMod:Haymaker":6,"Juzu Bracelet":0,"TeardropLocket":0,"ClockworkSouvenir":37,"Chameleon Ring":26,"Mummified Hand":27,"Red Mask":20,"Replay:Bottled Snecko":39,"ReplayTheSpireMod:Ninjato":0,"aspiration:RunicSpoon":51,"ShadowXiaoBlade":17,"infinitespire:FocusingShard":31,"aspiration:HummingbirdHeart":48,"Lsj Skin":9,"Orichalcum":37,"White Beast Statue":47,"Calling Bell":34,"Anchor":19,"SynthV:TestCard":1,"infinitespire:WardingShard":9,"wanderingMiniBosses:CarrionFlame":35,"ChewingGum":17,"Bag of Marbles":39,"Membership Card":0,"REME_CardOfGreed":39,"aspiration:RitualDagger":47,"TungstenRod":12,"FossilizedHelix":31},{"Replay:Accelerometer":70,"Whetstone":23,"Boot":9,"Sling":11,"Old Coin":0,"conspire:GlowingRock":60,"Sundial":59,"MealTicket":22,"Necronomicon":75,"Replay:Bottled Flurry":81,"HandDrill":85,"Replay:Wax Seal":79,"Cola":58,"conspire:TreasureMap":67,"Pear":3,"Eternal Feather":61,"Pen Nib":12,"REME_LimitBreaker":57,"Akabeko":16,"MutagenicStrength":27,"BionicSphere":67,"Pandora\u0027s Box":50,"StrikeDummy":92,"aspiration:Lifesprig":41,"Lantern":60,"DaveBox":0,"DianPoetry":48,"wanderingMiniBosses:AbyssPearl":77,"Ancient Tea Set":14,"Smiling Mask":24,"Pet Ghost":73,"Replay:Rubber Ducky":72,"WingedGreaves":59,"Chemical X":73,"NeowsBlessing":0,"Damaru":21,"The Courier":59,"BrkXgEgg":67,"Omamori":39,"infinitespire:CheckeredPen":65,"Frozen Egg 2":43,"GoldenEye":20,"Replay:Arrowhead":67,"sneckomod:BabySnecko":79,"HaiYi:Twilight":9,"Ornamental Fan":62,"Orrery":16,"REME_HandOfSuture":59,"Turnip":66,"Bottled Lightning":12,"Apod":48,"conspire:DeflatedDodgeball":13,"Toy Ornithopter":58,"REME_ComplimentaryCards":0,"aspiration:Stellarator":61,"CeramicFish":67,"TH:Strongbox":43,"EVO:Axolotl":0,"Sozu":8,"Centennial Puzzle":4,"DollysMirror":85,"Strawberry":72,"Philosopher\u0027s Stone":32,"Toxic Egg 2":43,"Girya":65,"wanderingMiniBosses:ThiefScarf":57,"Oddly Smooth Stone":67,"conspire:SlowCooker":39,"infinitespire:Beetle Shell":42,"aspiration:SeaSaltIceCream":3,"War Paint":49,"Shuriken":59,"Bronze Scales":55,"ChiXiaoBlade":11,"Molten Egg 2":37,"infinitespire:EmpoweringShard":62,"Nloth\u0027s Gift":77,"ReplayTheSpireMod:TigerMarble":85,"bronze:BronzeCore":0,"Replay:PocketPolymizer":75,"MostiFishMod:Haymaker":47,"Juzu Bracelet":16,"TeardropLocket":16,"ClockworkSouvenir":34,"Chameleon Ring":79,"Mummified Hand":55,"Red Mask":53,"Replay:Bottled Snecko":85,"ReplayTheSpireMod:Ninjato":67,"aspiration:RunicSpoon":66,"ShadowXiaoBlade":26,"infinitespire:FocusingShard":58,"aspiration:HummingbirdHeart":65,"Lsj Skin":73,"Orichalcum":34,"White Beast Statue":63,"Calling Bell":59,"Anchor":52,"SynthV:TestCard":1,"infinitespire:WardingShard":4,"wanderingMiniBosses:CarrionFlame":33,"ChewingGum":75,"Bag of Marbles":60,"Membership Card":43,"REME_CardOfGreed":60,"aspiration:RitualDagger":63,"TungstenRod":23,"FossilizedHelix":57},{"Replay:Accelerometer":266,"Whetstone":85,"Boot":32,"Sling":47,"Old Coin":0,"conspire:GlowingRock":219,"Sundial":217,"MealTicket":83,"Necronomicon":283,"Replay:Bottled Flurry":298,"HandDrill":311,"Replay:Wax Seal":294,"Cola":210,"conspire:TreasureMap":256,"Pear":3,"Eternal Feather":224,"Pen Nib":52,"REME_LimitBreaker":206,"Akabeko":68,"MutagenicStrength":101,"BionicSphere":256,"Pandora\u0027s Box":179,"StrikeDummy":329,"aspiration:Lifesprig":141,"Lantern":219,"DaveBox":0,"DianPoetry":164,"wanderingMiniBosses:AbyssPearl":289,"Ancient Tea Set":58,"Smiling Mask":88,"Pet Ghost":275,"Replay:Rubber Ducky":273,"WingedGreaves":217,"Chemical X":275,"NeowsBlessing":0,"Damaru":80,"The Courier":217,"BrkXgEgg":256,"Omamori":136,"infinitespire:CheckeredPen":243,"Frozen Egg 2":146,"GoldenEye":78,"Replay:Arrowhead":256,"sneckomod:BabySnecko":294,"HaiYi:Twilight":32,"Ornamental Fan":228,"Orrery":68,"REME_HandOfSuture":217,"Turnip":250,"Bottled Lightning":52,"Apod":164,"conspire:DeflatedDodgeball":55,"Toy Ornithopter":210,"REME_ComplimentaryCards":0,"aspiration:Stellarator":224,"CeramicFish":256,"TH:Strongbox":146,"EVO:Axolotl":0,"Sozu":27,"Centennial Puzzle":6,"DollysMirror":311,"Strawberry":273,"Philosopher\u0027s Stone":117,"Toxic Egg 2":146,"Girya":243,"wanderingMiniBosses:ThiefScarf":206,"Oddly Smooth Stone":256,"conspire:SlowCooker":136,"infinitespire:Beetle Shell":144,"aspiration:SeaSaltIceCream":3,"War Paint":171,"Shuriken":217,"Bronze Scales":195,"ChiXiaoBlade":47,"Molten Egg 2":130,"infinitespire:EmpoweringShard":228,"Nloth\u0027s Gift":289,"ReplayTheSpireMod:TigerMarble":311,"bronze:BronzeCore":0,"Replay:PocketPolymizer":283,"MostiFishMod:Haymaker":163,"Juzu Bracelet":68,"TeardropLocket":68,"ClockworkSouvenir":123,"Chameleon Ring":294,"Mummified Hand":195,"Red Mask":188,"Replay:Bottled Snecko":311,"ReplayTheSpireMod:Ninjato":256,"aspiration:RunicSpoon":250,"ShadowXiaoBlade":97,"infinitespire:FocusingShard":210,"aspiration:HummingbirdHeart":243,"Lsj Skin":275,"Orichalcum":123,"White Beast Statue":235,"Calling Bell":217,"Anchor":186,"SynthV:TestCard":1,"infinitespire:WardingShard":6,"wanderingMiniBosses:CarrionFlame":121,"ChewingGum":283,"Bag of Marbles":219,"Membership Card":146,"REME_CardOfGreed":219,"aspiration:RitualDagger":235,"TungstenRod":85,"FossilizedHelix":206}]},"card_choices":[{"not_picked":["Preloading","Trader"],"picked":"Sudden Beat","floor":1},{"not_picked":["Lunge","Fixing","Oblique Hack","White Contract"],"picked":"Cooling Song","floor":3},{"not_picked":["Energy Supply","Afterwards","Gravity Defend","Rupture"],"picked":"Black Execution","floor":4},{"not_picked":["Fixing","White Contract","Fire Up","Cursed Blade"],"picked":"De Ware Chip","floor":5},{"not_picked":["TH:PixieDust","TH:BikiniMail","TH:ElvenBoots"],"picked":"TH:TreasureMap","floor":7},{"not_picked":["Preloading","Reflection Mechanism","Rupture","Awareness"],"picked":"Load Balancing","floor":7},{"not_picked":["Pod Fire","Three Hit","Resistance","Cursed Blade"],"picked":"Thunder Jump","floor":8},{"not_picked":["TH:ArmorSpikes","TH:PixieDust","TH:Mimic"],"picked":"TH:CopperCoins","floor":9},{"not_picked":["TH:EnergyPotion","TH:PixieDust","TH:ArmorSpikes"],"picked":"TH:BikiniMail","floor":12},{"not_picked":["Oblique Hack","Resistance","Judgment","Reinforcement Parts"],"picked":"Black Dance","floor":13},{"not_picked":["TH:EnergyPotion","TH:ElvenBoots","TH:ArmorSpikes"],"picked":"TH:CopperCoins","floor":16},{"not_picked":["Optimization+1","Im Angry+1","Overclocking+1","Black Warm Hole+1"],"picked":"Memory Alloy+1","floor":16},{"not_picked":["New Defend Magic","Paralysis","Transfer Energy","Thunder Jump"],"picked":"Three Hit","floor":18},{"not_picked":["Gravity Defend+1","Paralysis+1","Lunge","Energy Supply","Machining"],"picked":"SKIP","floor":19},{"not_picked":["White Contract","Machining","Chip Synthesis+1","Money Cant Rescue"],"picked":"Coercion","floor":21},{"not_picked":["TH:CopperCoins","TH:ElvenBoots","TH:ArmorSpikes"],"picked":"TH:CursedSword","floor":23},{"not_picked":["Machining","Retrieval Recycling+1","Overclocking+1","Optimization+1"],"picked":"Black Warm Hole+1","floor":23},{"not_picked":["TH:BikiniMail","TH:CopperCoins","TH:PixieDust"],"picked":"TH:CursedSword","floor":26},{"not_picked":["Resistance","Provocative","Lunge","Here Defend Chip"],"picked":"Break Into","floor":28},{"not_picked":["TH:EnergyPotion","TH:Mimic","TH:PixieDust"],"picked":"TH:TreasureMap","floor":29},{"not_picked":["Black Execution","Rupture","Transfer Energy","Cursed Blade"],"picked":"Shockwave Tdmadao+1","floor":29},{"not_picked":["TH:Mimic","TH:PixieDust","TH:ArmorSpikes"],"picked":"TH:DeckOfManyThings","floor":30},{"not_picked":["TH:ArmorSpikes","TH:ElvenBoots","TH:Mimic"],"picked":"TH:TreasureMap","floor":31},{"not_picked":["Recovery Mechanism","Break Into","Reflection Mechanism+1","Energy Supply"],"picked":"Preparedness","floor":31},{"not_picked":["TH:ElvenBoots","TH:PixieDust","TH:EnergyPotion"],"picked":"TH:TreasureMap","floor":33},{"not_picked":["Format All Data+1","Retrieval Recycling+1","Moon Tear+1","Black Contract+1"],"picked":"Bursts+1","floor":33},{"not_picked":["Judgment","Three Hit+1","Provocative+1","Black Execution+1","Sudden Beat+1"],"picked":"SKIP","floor":35},{"not_picked":["Preparedness","Preloading+1","Light Attack+1","Three Hit"],"picked":"Data Freezing+1","floor":38},{"not_picked":["TH:Mimic","TH:TreasureMap","TH:PixieDust"],"picked":"TH:CursedSword","floor":43},{"not_picked":["Winding Magic","Here Defend Chip+1","De Ware Chip","Three Hit"],"picked":"Im Angry+1","floor":44},{"not_picked":["TH:BikiniMail","TH:PixieDust","TH:TreasureMap"],"picked":"TH:CursedSword","floor":45},{"not_picked":["Data Freezing+1","Reinforcement Parts","Judgment+1","Ruin Defend"],"picked":"Floating Even+1","floor":45},{"not_picked":["Preloading","Provocative","Fixing+1","Black Execution","Sudden Beat+1"],"picked":"SKIP","floor":46},{"not_picked":["TH:BikiniMail","TH:ElvenBoots","TH:Mimic"],"picked":"TH:TreasureMap","floor":48},{"not_picked":["White Contract+1","Sudden Beat","Resistance","Break Into","Format All Data+1"],"picked":"SKIP","floor":48},{"not_picked":["TH:PixieDust","TH:EnergyPotion","TH:ElvenBoots"],"picked":"TH:CursedSword","floor":55},{"not_picked":["Here Defend Chip+1","Trader","Black Execution","Sudden Beat+1"],"picked":"Preparedness","floor":55}],"player_experience":600206,"relics_obtained":[{"floor":1,"key":"SynthV:TestCard"},{"floor":7,"key":"Replay:Rubber Ducky"},{"floor":7,"key":"Strawberry"},{"floor":9,"key":"Lsj Skin"},{"floor":12,"key":"Pet Ghost"},{"floor":16,"key":"Necronomicon"},{"floor":19,"key":"wanderingMiniBosses:AbyssPearl"},{"floor":23,"key":"Replay:Wax Seal"},{"floor":26,"key":"Chameleon Ring"},{"floor":29,"key":"Replay:Bottled Flurry"},{"floor":31,"key":"Mummified Hand"},{"floor":43,"key":"ReplayTheSpireMod:TigerMarble"},{"floor":45,"key":"Bag of Marbles"},{"floor":48,"key":"Bronze Scales"},{"floor":55,"key":"StrikeDummy"}],"event_choices":[{"cards_removed":["Strike_C"],"damage_healed":0,"gold_gain":0,"player_choice":"Purged","damage_taken":0,"max_hp_gain":0,"max_hp_loss":0,"event_name":"Purifier","floor":2,"gold_loss":0},{"damage_healed":0,"gold_gain":0,"player_choice":"Traded Relic","damage_taken":0,"relics_obtained":["Nloth\u0027s Gift"],"max_hp_gain":0,"max_hp_loss":0,"event_name":"N\u0027loth","floor":20,"relics_lost":["REME_ComplimentaryCards"],"gold_loss":0},{"damage_healed":0,"gold_gain":0,"player_choice":"Upgraded","damage_taken":0,"max_hp_gain":0,"max_hp_loss":0,"event_name":"Upgrade Shrine","floor":37,"gold_loss":0,"cards_upgraded":["Black Execution"]},{"cards_removed":["downfall:Bewildered"],"damage_healed":0,"gold_gain":0,"player_choice":"Removed Curses","damage_taken":0,"max_hp_gain":0,"max_hp_loss":0,"event_name":"Fountain of Cleansing","floor":42,"gold_loss":0}],"is_beta":false,"boss_relics":[{"not_picked":["conspire:RoyalGoblet","bronze:MakeshiftBattery"],"picked":"ChewingGum"},{"not_picked":["Replay:Bronze Core","Runic Pyramid"],"picked":"ChiXiaoBlade"}],"items_purged_floors":[54],"is_endless":false,"potions_floor_spawned":[1,4,8,19,23,31,33,45],"ascension_level":20,"is_humility":true}}