{"host":"vyjryxuuuxkt43k4","time":1612194063,"event":{"mods":["AchievementEnabler","BaseMod","Colored Map","DeckTracker","Keyboard Shortcuts","Minty Spire (QoL Compilation)","Permanent Neow","Quick Restart","Rare Cards Sparkle","Relic Stats","StSLib","SuperFastMode","everything is the same but u backflip on backflip"],"gold_per_floor":[111,129,146,146,11,28,28,45,45,56,56,84,108,134,134,134,134],"floor_reached":16,"language":"KOR","playtime":793,"items_purged":[],"score":196,"play_id":"a8ee54e0-b8a9-4eea-a97a-af1ed36cf184","local_time":"20210202004103","is_ascension_mode":true,"campfire_choices":[{"data":"Concentrate","floor":7.0,"key":"SMITH"},{"data":"Acrobatics","floor":11.0,"key":"SMITH"},{"floor":15,"key":"REST"}],"circlet_count":0,"master_deck":["AscendersBane","Strike_G","Strike_G","Strike_G","Strike_G","Defend_G","Defend_G","Defend_G","Defend_G","Defend_G","Survivor","Neutralize","Finisher","Slice","Concentrate+1","Tactician","Grand Finale","Backflip","Escape Plan","Acrobatics+1","Underhanded Strike","Quick Slash","Leg Sweep"],"relics":["Ring of the Snake","Prayer Wheel","Pocketwatch","Orichalcum","Du-Vu Doll"],"acts_visited":["Exordium"],"potions_floor_usage":[16],"damage_taken":[{"damage":0.0,"enemies":"Cultist","floor":1.0,"turns":4.0},{"damage":0.0,"enemies":"2 Louse","floor":2.0,"turns":2.0},{"damage":6.0,"enemies":"Jaw Worm","floor":3.0,"turns":5.0},{"damage":1.0,"enemies":"Blue Slaver","floor":6.0,"turns":6.0},{"damage":32.0,"enemies":"Large Slime","floor":8.0,"turns":14.0},{"damage":0.0,"enemies":"Exordium Thugs","floor":10.0,"turns":3.0},{"damage":19.0,"enemies":"3 Sentries","floor":12.0,"turns":9.0},{"damage":18,"enemies":"Gremlin Nob","floor":14,"turns":4},{"damage":41,"enemies":"Slime Boss","floor":16,"turns":11}],"seed_played":"-5040716657069639935","potions_obtained":[{"floor":3.0,"key":"SpeedPotion"},{"floor":6.0,"key":"FairyPotion"},{"floor":10.0,"key":"Dexterity Potion"},{"floor":12.0,"key":"Explosive Potion"}],"is_trial":false,"path_per_floor":["M","M","M","?","$","M","R","M","T","M","R","E","T","E","R","B"],"character_chosen":"THE_SILENT","items_purchased":["Grand Finale"],"campfire_rested":1,"item_purchase_floors":[5],"current_hp_per_floor":[59,59,53,53,53,52,52,20,20,20,20,1,1,19,38,0,0],"gold":134,"neow_bonus":"THREE_CARDS","is_daily":false,"chose_seed":false,"campfire_upgraded":2,"win_rate":0.0,"timestamp":1612194063,"path_taken":["M","M","?","?","?","M","R","M","T","M","R","E","?","E","R","BOSS"],"items_purchased_type":["Card"],"build_version":"2020-12-22","purchased_purges":0,"victory":false,"max_hp_per_floor":[66,66,66,66,66,66,66,66,66,66,66,66,66,66,66,66,66],"relic_stats":{"counters":[9,58],"Prayer Wheel":1,"Orichalcum":[42],"obtain_stats":[{"Du-Vu Doll":14,"Prayer Wheel":9,"Orichalcum":13,"Ring of the Snake":0,"Pocketwatch":12},{"Du-Vu Doll":8,"Prayer Wheel":5,"Orichalcum":7,"Ring of the Snake":0,"Pocketwatch":7},{"Du-Vu Doll":47,"Prayer Wheel":31,"Orichalcum":43,"Ring of the Snake":0,"Pocketwatch":43}],"Ring of the Snake":[18],"Pocketwatch":[18]},"card_choices":[{"not_picked":["Poisoned Stab","Flying Knee"],"picked":"Finisher","floor":0.0},{"not_picked":["Noxious Fumes","Bane"],"picked":"Slice","floor":1.0},{"not_picked":["Flying Knee","Cloak And Dagger"],"picked":"Concentrate","floor":2.0},{"not_picked":["Quick Slash","Acrobatics"],"picked":"Tactician","floor":3.0},{"not_picked":["PiercingWail","Deflect"],"picked":"Backflip","floor":6.0},{"not_picked":["Endless Agony","Wraith Form v2"],"picked":"Escape Plan","floor":8.0},{"not_picked":["Masterful Stab","Backstab"],"picked":"Acrobatics","floor":10.0},{"not_picked":["Bane","Poisoned Stab"],"picked":"Underhanded Strike","floor":10.0},{"not_picked":["Leg Sweep","Backflip"],"picked":"Quick Slash","floor":12.0},{"not_picked":["Dagger Throw","Sucker Punch"],"picked":"Leg Sweep","floor":14}],"player_experience":588827,"relics_obtained":[{"floor":9.0,"key":"Prayer Wheel"},{"floor":12.0,"key":"Pocketwatch"},{"floor":13.0,"key":"Orichalcum"},{"floor":14,"key":"Du-Vu Doll"}],"event_choices":[{"cards_removed":["Strike_G"],"damage_healed":0.0,"max_hp_gain":0.0,"max_hp_loss":0.0,"gold_gain":0.0,"event_name":"Living Wall","player_choice":"Forget","floor":4.0,"gold_loss":0.0,"damage_taken":0.0}],"is_beta":false,"boss_relics":[],"items_purged_floors":[],"is_endless":false,"potions_floor_spawned":[3,6,10,12],"killed_by":"Slime Boss","ascension_level":15}}