{"host":"92108ef2q9tm8rod","time":1612189428,"event":{"mods":["BaseMod","Defuse TimeMaze Blight","Minty Spire (QoL Compilation)","StSLib","The Jungle"],"gold_per_floor":[109,109,123,147,170,170,170,206,206,206,221,256,256,292,292,421,421,442,466,511,362,378,378,411,454,478,511,555,580,580,428,428,548,548,573,229,229,245,260,299,299,343,343,382,396,396,415,438,438,438],"floor_reached":51,"language":"ENG","playtime":4053,"items_purged":["theJungle:Gourd","theJungle:Gourd"],"score":1185,"play_id":"61e2db31-dd12-45d4-b303-b00fe7032b45","local_time":"20210201142348","daily_mods":["SealedDeck","Blue Cards","Heirloom","Flight"],"is_ascension_mode":false,"campfire_choices":[{"data":"Fusion","floor":6,"key":"SMITH"},{"floor":7,"key":"DIG"},{"data":"Dodge and Roll","floor":13,"key":"SMITH"},{"floor":15,"key":"DIG"},{"data":"Defragment","floor":23,"key":"SMITH"},{"data":"Defragment","floor":30,"key":"SMITH"},{"data":"Noxious Fumes","floor":32,"key":"SMITH"},{"data":"Coolheaded","floor":41,"key":"SMITH"},{"floor":46,"key":"DIG"},{"floor":49,"key":"DIG"}],"circlet_count":0,"master_deck":["Sweeping Beam+1","Fusion+1","Capacitor","Dodge and Roll+1","Footwork","Ball Lightning+1","Defragment+1","Chill","Deflect","Defragment+1","Coolheaded+1","Noxious Fumes+1","theJungle:Gourd","theJungle:Gourd","Noxious Fumes+1","Catalyst+1","Catalyst+1"],"relics":["Ring of the Serpent","Shovel","Golden Idol","Gremlin Horn","Blood Vial","Meat on the Bone","StrikeDummy","Omamori","Thread and Needle","Calling Bell","CeramicFish","HornCleat","Bird Faced Urn","Strawberry","Kunai","Gambling Chip","Potion Belt","Smiling Mask","Mercury Hourglass","Whetstone","DollysMirror","Regal Pillow","Akabeko","Snake Skull","Ancient Tea Set","Torii","Orichalcum"],"acts_visited":["Exordium","Exordium","TheBeyond"],"potions_floor_usage":[14,14,16,24,29,31,35,44,50,50,50,50],"damage_taken":[{"damage":0,"enemies":"Jaw Worm","floor":1,"turns":5},{"damage":0,"enemies":"Cultist","floor":3,"turns":4},{"damage":0,"enemies":"Small Slimes","floor":4,"turns":4},{"damage":1,"enemies":"Looter","floor":5,"turns":3},{"damage":5,"enemies":"3 Sentries","floor":8,"turns":6},{"damage":0,"enemies":"Lots of Slimes","floor":11,"turns":3},{"damage":0,"enemies":"Lagavulin","floor":12,"turns":5},{"damage":0,"enemies":"3 Sentries","floor":14,"turns":7},{"damage":16,"enemies":"Hexaghost","floor":16,"turns":11},{"damage":0,"enemies":"Shell Parasite","floor":18,"turns":6},{"damage":1,"enemies":"theJungle:Flameango_and_Byrd","floor":19,"turns":7},{"damage":17,"enemies":"theJungle:2_Snecko_Cultists","floor":22,"turns":6},{"damage":0,"enemies":"theJungle:2_Phrogs","floor":24,"turns":9},{"damage":5,"enemies":"theJungle:MamaSnecko","floor":25,"turns":12},{"damage":0,"enemies":"theJungle:Cassacara","floor":27,"turns":8},{"damage":0,"enemies":"theJungle:2_Phrogs","floor":28,"turns":7},{"damage":0,"enemies":"Snake Plant","floor":29,"turns":4},{"damage":0,"enemies":"theJungle:FunGuy","floor":33,"turns":8},{"damage":11,"enemies":"3 Shapes","floor":35,"turns":5},{"damage":17,"enemies":"3 Darklings","floor":38,"turns":5},{"damage":0,"enemies":"Maw","floor":39,"turns":6},{"damage":21,"enemies":"Reptomancer","floor":40,"turns":6},{"damage":0,"enemies":"Giant Head","floor":42,"turns":7},{"damage":14,"enemies":"Nemesis","floor":44,"turns":7},{"damage":3,"enemies":"Sphere and 2 Shapes","floor":45,"turns":6},{"damage":0,"enemies":"Jaw Worm Horde","floor":47,"turns":5},{"damage":1,"enemies":"Maw","floor":48,"turns":7},{"damage":0,"enemies":"Donu and Deca","floor":50,"turns":8}],"seed_played":"2147020398295989907","potions_obtained":[{"floor":3,"key":"GhostInAJar"},{"floor":4,"key":"GamblersBrew"},{"floor":8,"key":"Explosive Potion"},{"floor":12,"key":"FearPotion"},{"floor":14,"key":"FearPotion"},{"floor":16,"key":"Dexterity Potion"},{"floor":19,"key":"Strength Potion"},{"floor":22,"key":"Poison Potion"},{"floor":27,"key":"DistilledChaos"},{"floor":33,"key":"Energy Potion"},{"floor":38,"key":"Strength Potion"},{"floor":42,"key":"ColorlessPotion"},{"floor":45,"key":"SteroidPotion"},{"floor":47,"key":"PowerPotion"}],"is_trial":true,"path_per_floor":["M","?","M","M","M","R","R","E","T","?","M","E","R","E","R","B",null,"M","M","?","$","M","R","E","E","T","E","E","M","R","$","R","B",null,"M","$","?","M","M","E","R","E","T","E","M","R","M","M","R","B",null],"character_chosen":"THE_SILENT","items_purchased":["Strawberry","Fruit Juice","Whetstone","DollysMirror"],"campfire_rested":0,"item_purchase_floors":[21,31,36,36],"current_hp_per_floor":[70,53,53,53,52,52,52,47,47,47,49,51,51,53,53,39,70,70,70,70,77,62,62,72,72,72,77,77,77,77,82,82,82,82,75,75,80,71,82,71,71,82,82,71,82,82,82,81,81,82],"gold":438,"neow_bonus":"","is_daily":false,"chose_seed":false,"campfire_upgraded":6,"win_rate":0.0,"timestamp":1612189428,"path_taken":["M","?","M","M","M","R","R","E","T","?","M","E","R","E","R","BOSS","M","M","?","$","M","R","E","E","T","E","E","M","R","$","R","BOSS","M","$","?","M","M","E","R","E","T","E","?","R","M","M","R","BOSS"],"items_purchased_type":["Relic","Potion","Relic","Relic"],"build_version":"2020-12-22","purchased_purges":2,"victory":true,"max_hp_per_floor":[70,70,70,70,70,70,70,70,70,70,70,70,70,70,70,70,70,70,70,70,77,77,77,77,77,77,77,77,77,77,82,82,82,82,82,82,82,82,82,82,82,82,82,82,82,82,82,82,82,82],"card_choices":[{"not_picked":["Chill","Blizzard","Distraction"],"picked":"SKIP","floor":1},{"not_picked":["Force Field","Riddle With Holes","Doom and Gloom"],"picked":"SKIP","floor":3},{"not_picked":["Dagger Throw","Force Field"],"picked":"Coolheaded","floor":4},{"not_picked":["Cold Snap","Doom and Gloom"],"picked":"Noxious Fumes","floor":5},{"not_picked":["PiercingWail","Thunder Strike","Dodge and Roll"],"picked":"SKIP","floor":8},{"not_picked":["BootSequence","Defragment","Doom and Gloom"],"picked":"SKIP","floor":11},{"not_picked":["Leap","Double Energy","Poisoned Stab"],"picked":"SKIP","floor":12},{"not_picked":["Sunder","Streamline","Heel Hook"],"picked":"SKIP","floor":14},{"not_picked":["Doom and Gloom","Reprogram","Sweeping Beam"],"picked":"SKIP","floor":18},{"not_picked":["Coolheaded+1","Deadly Poison","Crippling Poison+1"],"picked":"SKIP","floor":19},{"not_picked":["Storm","Skim","Setup"],"picked":"SKIP","floor":22},{"not_picked":["Terror","Storm of Steel","Distraction+1"],"picked":"SKIP","floor":24},{"not_picked":["Streamline+1","Escape Plan"],"picked":"Noxious Fumes+1","floor":25},{"not_picked":["Bouncing Flask","Coolheaded","Scrape+1"],"picked":"SKIP","floor":27},{"not_picked":["Consume","Hello World"],"picked":"Catalyst+1","floor":28},{"not_picked":["Calculated Gamble","Melter","Streamline"],"picked":"SKIP","floor":29},{"not_picked":["Doom and Gloom","Coolheaded","Deadly Poison"],"picked":"SKIP","floor":35},{"not_picked":["Underhanded Strike","Turbo+1","PiercingWail+1"],"picked":"SKIP","floor":38},{"not_picked":["Leap+1","Gash+1","Coolheaded+1"],"picked":"SKIP","floor":39},{"not_picked":["Night Terror","Chill+1","Crippling Poison+1"],"picked":"SKIP","floor":40},{"not_picked":["Reprogram+1","Reboot","Rebound"],"picked":"SKIP","floor":42},{"not_picked":["Hologram","Steam+1","Slice"],"picked":"SKIP","floor":44},{"not_picked":["Heel Hook","Escape Plan","Darkness"],"picked":"SKIP","floor":45},{"not_picked":["Dodge and Roll","Hello World","Skewer"],"picked":"SKIP","floor":47},{"not_picked":["Darkness+1","Streamline+1","Steam"],"picked":"SKIP","floor":48}],"player_experience":3364185,"relics_obtained":[{"floor":7,"key":"Gremlin Horn"},{"floor":8,"key":"Blood Vial"},{"floor":9,"key":"Meat on the Bone"},{"floor":12,"key":"StrikeDummy"},{"floor":14,"key":"Omamori"},{"floor":15,"key":"Thread and Needle"},{"floor":17,"key":"CeramicFish"},{"floor":17,"key":"HornCleat"},{"floor":17,"key":"Bird Faced Urn"},{"floor":24,"key":"Kunai"},{"floor":25,"key":"Gambling Chip"},{"floor":26,"key":"Potion Belt"},{"floor":27,"key":"Smiling Mask"},{"floor":28,"key":"Mercury Hourglass"},{"floor":40,"key":"Regal Pillow"},{"floor":42,"key":"Akabeko"},{"floor":43,"key":"Snake Skull"},{"floor":44,"key":"Ancient Tea Set"},{"floor":46,"key":"Torii"},{"floor":49,"key":"Orichalcum"}],"event_choices":[{"damage_healed":0,"gold_gain":0,"player_choice":"Take Damage","damage_taken":17,"relics_obtained":["Golden Idol"],"max_hp_gain":0,"max_hp_loss":0,"event_name":"Golden Idol","floor":2,"gold_loss":0},{"damage_healed":0,"gold_gain":0,"player_choice":"Leave","damage_taken":0,"max_hp_gain":0,"max_hp_loss":0,"event_name":"FaceTrader","floor":10,"gold_loss":0},{"cards_removed":["theJungle:Gourd"],"damage_healed":5,"gold_gain":0,"player_choice":"Offered Special","damage_taken":0,"max_hp_gain":0,"max_hp_loss":0,"event_name":"Bonfire Elementals","floor":37,"gold_loss":0}],"is_beta":false,"boss_relics":[{"not_picked":["Philosopher\u0027s Stone","WristBlade"],"picked":"Calling Bell"},{"not_picked":["Cursed Key","Sozu"],"picked":"Ring of the Serpent"}],"items_purged_floors":[31,36],"is_endless":false,"potions_floor_spawned":[3,4,8,12,14,16,19,22,27,33,38,42,45,47],"ascension_level":0}}