{"host":"8j9942ssdstg70ua","time":1612155701,"event":{"mods":["BaseMod","Colored Map","Downfall","Minty Spire (QoL Compilation)","Relic Sorter","StSLib"],"gold_per_floor":[99,119,30,40,59,71,123,138,38,51,86,86,102,48,67,165,165,165,265,265,284,384,401,401,420,420,74,74,74,74,89,102,102,102,102],"floor_reached":33,"language":"ENG","playtime":2726,"items_purged":["bronze:Strike"],"score":276,"play_id":"5ca39311-3319-403d-a0f4-79ccf8a826c1","local_time":"20210131210141","is_ascension_mode":false,"campfire_choices":[{"floor":1,"key":"RECALL"},{"data":"bronze:Repulsor","floor":9,"key":"SMITH"},{"floor":12,"key":"REST"},{"data":"bronze:MaxOutput","floor":18,"key":"SMITH"},{"floor":28,"key":"REST"},{"data":"bronze:Boost","floor":30,"key":"SMITH"}],"circlet_count":0,"master_deck":["bronze:Strike","bronze:Strike","bronze:Strike","bronze:Defend","bronze:Defend","bronze:Defend","bronze:Defend","bronze:Replicate","bronze:Goto","bronze:MaxOutput","bronze:Format","bronze:Repulsor+1","bronze:DelayedSlice","bronze:Shield","bronze:Boost+1","bronze:FineTuning","bronze:Break","bronze:BuggyMess","bronze:MaxOutput+1","bronze:Format","Writhe","bronze:BugBarrage","bronze:BugBarrage","bronze:BurnOut","bronze:BugBarrage"],"relics":["bronze:BronzeCore","Oddly Smooth Stone","downfall:HeartBlessingRed","Bag of Marbles","Philosopher\u0027s Stone","Ice Cream","Pear","Regal Pillow","Blue Candle","Bottled Lightning"],"acts_visited":["Exordium","TheCity"],"potions_floor_usage":[14,16,16,19,27],"damage_taken":[{"damage":10,"enemies":"Cultist","floor":2,"turns":4},{"damage":0,"enemies":"downfall:FleeingMerchant","floor":3,"turns":4},{"damage":0,"enemies":"Small Slimes","floor":4,"turns":3},{"damage":1,"enemies":"Jaw Worm","floor":5,"turns":3},{"damage":0,"enemies":"Large Slime","floor":6,"turns":5},{"damage":7,"enemies":"Red Slaver","floor":8,"turns":4},{"damage":0,"enemies":"Blue Slaver","floor":10,"turns":3},{"damage":10,"enemies":"Gremlin Nob","floor":11,"turns":4},{"damage":0,"enemies":"Lots of Slimes","floor":13,"turns":3},{"damage":11,"enemies":"downfall:FleeingMerchant","floor":14,"turns":4},{"damage":1,"enemies":"3 Louse","floor":15,"turns":3},{"damage":41,"enemies":"SI_SHIV_ARCHETYPE","floor":16,"turns":9},{"damage":4,"enemies":"Colosseum Nobs","floor":19,"turns":4},{"damage":0,"enemies":"Chosen","floor":21,"turns":3},{"damage":15,"enemies":"Shelled Parasite and Fungi","floor":23,"turns":5},{"damage":18,"enemies":"Sentry and Sphere","floor":25,"turns":4},{"damage":22,"enemies":"downfall:FleeingMerchant","floor":27,"turns":4},{"damage":11,"enemies":"Centurion and Healer","floor":31,"turns":5},{"damage":10,"enemies":"Snecko","floor":32,"turns":4},{"damage":43,"enemies":"DF_ARCHETYPE_CLAW","floor":33,"turns":5}],"seed_played":"8393527956750001736","potions_obtained":[{"floor":2,"key":"LiquidBronze"},{"floor":4,"key":"GamblersBrew"},{"floor":5,"key":"SmokeBomb"},{"floor":15,"key":"Guardian:BlockOnCardUsePotion"},{"floor":16,"key":"SkillPotion"},{"floor":23,"key":"Ancient Potion"},{"floor":25,"key":"PowerPotion"}],"is_trial":false,"path_per_floor":["R","M","$","M","M","M","T","M","R","M","E","R","M","$","M","B",null,"R","?","?","M","?","M","T","M","?","$","R","?","R","M","M","B"],"character_chosen":"THE_AUTOMATON","items_purchased":["bronze:Repulsor","bronze:MaxOutput","Bottled Lightning"],"campfire_rested":2,"item_purchase_floors":[3,14,27],"current_hp_per_floor":[77,67,67,67,66,66,66,59,59,59,49,72,72,61,60,19,77,77,83,83,83,83,68,68,50,45,23,64,64,64,53,43,0,0,0],"gold":102,"neow_bonus":"TEN_PERCENT_HP_BONUS","is_daily":false,"chose_seed":false,"campfire_upgraded":3,"win_rate":0.0,"timestamp":1612155701,"path_taken":["R","M","$","M","M","M","T","?","R","M","E","R","M","$","M","BOSS","R","?","?","?","?","?","T","M","?","$","R","?","R","?","M","BOSS"],"items_purchased_type":["Card","Card","Relic"],"build_version":"2020-12-22","purchased_purges":1,"victory":false,"max_hp_per_floor":[77,77,77,77,77,77,77,77,77,77,77,77,77,77,77,77,77,77,87,87,87,87,87,87,87,87,87,87,87,87,87,87,87,87,87],"card_choices":[{"not_picked":["bronze:Optimize","bronze:Turbo"],"picked":"bronze:MaxOutput","floor":2},{"not_picked":["bronze:Iterate","bronze:Frontload"],"picked":"bronze:Format","floor":3},{"not_picked":["bronze:CutThrough","bronze:Branch","bronze:BronzeArmor"],"picked":"SKIP","floor":4},{"not_picked":["bronze:BitShift","bronze:ChosenStrike"],"picked":"bronze:DelayedSlice","floor":5},{"not_picked":["bronze:Frontload","bronze:Philosophize"],"picked":"bronze:Shield","floor":6},{"not_picked":["bronze:ClassDefault","bronze:Turbo"],"picked":"bronze:Boost","floor":8},{"not_picked":["bronze:Virus","bronze:DarkDash"],"picked":"bronze:FineTuning","floor":10},{"not_picked":["bronze:DigitalCarnage","bronze:Invalidate"],"picked":"bronze:Break","floor":11},{"not_picked":["bronze:FollowUp","bronze:DarkDash","bronze:NullPointer"],"picked":"SKIP","floor":13},{"not_picked":["bronze:Iterate","bronze:Philosophize"],"picked":"bronze:BuggyMess","floor":14},{"not_picked":["bronze:DigitalCarnage","bronze:BitShift","bronze:Turbo"],"picked":"SKIP","floor":15},{"not_picked":["bronze:FindAndReplace","bronze:Verify"],"picked":"bronze:Format","floor":16},{"not_picked":["bronze:Deprecate","bronze:Backtrace+1","bronze:DarkDash"],"picked":"SKIP","floor":21},{"not_picked":["bronze:FineTuning","bronze:DelayedSlice"],"picked":"bronze:BugBarrage","floor":23},{"not_picked":["bronze:FollowUp+1","bronze:FineTuning"],"picked":"bronze:BugBarrage","floor":25},{"not_picked":["bronze:OilSpill+1","bronze:DarkDash"],"picked":"bronze:BurnOut","floor":27},{"not_picked":["bronze:Deprecate","bronze:WhirlingStrike"],"picked":"bronze:BugBarrage","floor":31},{"not_picked":["bronze:ChosenStrike","bronze:Optimize","bronze:FineTuning"],"picked":"SKIP","floor":32}],"player_experience":30837,"relics_obtained":[{"floor":7,"key":"Oddly Smooth Stone"},{"floor":11,"key":"Bag of Marbles"},{"floor":19,"key":"Ice Cream"},{"floor":19,"key":"Pear"}],"event_choices":[],"is_beta":false,"boss_relics":[{"not_picked":["Black Star","Coffee Dripper"],"picked":"Philosopher\u0027s Stone"}],"items_purged_floors":[27],"is_endless":false,"potions_floor_spawned":[2,4,5,6,15,16,23,25],"killed_by":"DF_ARCHETYPE_CLAW","ascension_level":0}}