{"host":"dzc8cchcquikqbpv","time":1612207553,"event":{"mods":["BaseMod","Better Third Choice","BetterRewards","Block Reminder","Colored Map","Colored Powertips","Curses Come First","Dark Map","Downfall","Fox Events","Good Game Mod","Highlight Path","Infinite Spire","Minty Spire (QoL Compilation)","Permanent Neow","Quick Restart","Rare Cards Sparkle","Relic Filter Mod","Replay The Spire","Shop Mod","Spire Arcade","StSLib","Uncapped"],"gold_per_floor":[113,133,133,133,153,153,181,181,181,181,181,208,208,226,226,327,327,341,354,369,369,241,268,268,287,310,310,310,327,352,352,352,448,448,494,544,599,599,655,655,729,729,810,877,947,947,1047,1145,1145,1145],"floor_reached":51,"language":"ENG","playtime":2732,"items_purged":[],"score":1039,"play_id":"b9029502-a75a-40f5-9918-accbfe9990c1","local_time":"20210201192553","is_ascension_mode":true,"campfire_choices":[{"floor":6.0,"key":"REST"},{"floor":8.0,"key":"REST"},{"floor":10.0,"key":"REST"},{"floor":13.0,"key":"REST"},{"floor":15.0,"key":"REST"},{"floor":24,"key":"REST"},{"floor":28,"key":"REST"},{"floor":32,"key":"REST"},{"data":"Echo Form","floor":40,"key":"SMITH"},{"data":"Zap","floor":42,"key":"SMITH"},{"floor":46,"key":"REST"},{"floor":49,"key":"REST"}],"circlet_count":0,"master_deck":["Strike_B","Strike_B","Strike_B","Defend_B","Defend_B","Defend_B","Defend_B","Zap+1","Dualcast","Meteor Strike+1","Turbo","Consume+1","Aggregate+1","Conserve Battery","Pot Of Greed+1","Pot Of Greed+1","White Noise+1","Turbo+1","Electrodynamics+1","Tempest+1","Sweeping Beam","Seek+1","Echo Form+1","Hologram+1","Chaos+1","Compile Driver+1","Pot Of Greed+1","BasicCrystalCard+1","downfall:Haunted","downfall:Haunted","downfall:Aged","downfall:Malfunctioning","Looming Evil","Thunder Strike","Double Energy+1"],"relics":["FrozenCore","REME:ComplimentaryCards","Matryoshka","StoneCalendar","Ginger","Ice Cream","HandDrill","Toxic Egg 2","Grinning Jar","Lantern","infinitespire:CheckeredPen","Toy Ornithopter","CultistMask","MerchantsRug","Guide Book","Oddly Smooth Stone","infinitespire:Satchel","Blue Doll","FossilizedHelix","Pen Nib","Nilry\u0027s Codex","infinitespire:EvilPickle","Torii","Replay:Antivirus Software","Replay:Ringing Soul","Darkstone Periapt","Durian"],"acts_visited":["TheCity","TheBeyond"],"potions_floor_usage":[33,36],"damage_taken":[{"damage":0.0,"enemies":"Cultist","floor":1.0,"turns":2.0},{"damage":0.0,"enemies":"2 Louse","floor":2.0,"turns":2.0},{"damage":1.0,"enemies":"Jaw Worm","floor":5.0,"turns":3.0},{"damage":21.0,"enemies":"3 Sentries","floor":7.0,"turns":7.0},{"damage":71.0,"enemies":"Gremlin Nob","floor":12.0,"turns":5.0},{"damage":1.0,"enemies":"Exordium Thugs","floor":14.0,"turns":3.0},{"damage":27.0,"enemies":"The Guardian","floor":16.0,"turns":8.0},{"damage":2,"enemies":"Chosen","floor":18,"turns":3},{"damage":20,"enemies":"Shell Parasite","floor":19,"turns":4},{"damage":11,"enemies":"Centurion and Healer","floor":20,"turns":3},{"damage":14,"enemies":"Slavers","floor":23,"turns":2},{"damage":0,"enemies":"Snecko","floor":25,"turns":2},{"damage":7,"enemies":"Snake Plant","floor":29,"turns":2},{"damage":9,"enemies":"Gremlin Leader","floor":30,"turns":3},{"damage":44,"enemies":"Pondfish","floor":33,"turns":7},{"damage":0,"enemies":"Orb Walker","floor":35,"turns":2},{"damage":0,"enemies":"Mind Bloom Boss Battle","floor":36,"turns":4},{"damage":0,"enemies":"3 Shapes","floor":37,"turns":2},{"damage":18,"enemies":"Sphere and 2 Shapes","floor":39,"turns":4},{"damage":0,"enemies":"R_Hoarder","floor":41,"turns":4},{"damage":0,"enemies":"Spire Growth","floor":44,"turns":3},{"damage":9,"enemies":"4 Shapes","floor":45,"turns":2},{"damage":57,"enemies":"Nightmare","floor":48,"turns":6},{"damage":7,"enemies":"Replay:Hell Engine","floor":50,"turns":7}],"seed_played":"-4831166173261326802","potions_obtained":[{"floor":7.0,"key":"PotionOfCapacity"},{"floor":12.0,"key":"SkillPotion"},{"floor":16.0,"key":"bronze:BurnAndBuffPotion"},{"floor":18,"key":"Milkshake"},{"floor":20,"key":"Weak Potion"},{"floor":23,"key":"Death Potion"},{"floor":25,"key":"ColorlessPotion"},{"floor":35,"key":"Strength Potion"},{"floor":39,"key":"Ancient Potion"},{"floor":45,"key":"SpeedPotion"}],"is_trial":false,"path_per_floor":["M","M","?","?","M","R","E","R","T","R","AVR","E","R","M","R","B",null,"M","M","M","?","$","E","R","M","T","?","R","M","E","?","R","B",null,"M","?","M","?","M","R","E","R","T","M","M","R","?","NM","R","B",null],"character_chosen":"DEFECT","items_purchased":["BargainBundle","Matryoshka","Turbo","DistilledChaos","Dexterity Potion","sneckomod:MuddlingPotion","Ice Cream","HandDrill","MerchantsRug","Guide Book"],"campfire_rested":10,"item_purchase_floors":[0,0,0,0,0,0,0,0,22,22],"current_hp_per_floor":[28,28,28,28,27,49,28,50,50,72,72,1,23,22,44,32,75,73,53,42,42,42,28,50,50,50,50,72,65,56,40,62,23,75,75,75,75,75,57,57,57,57,57,57,51,74,112,63,100,93],"gold":1145,"neow_bonus":"","is_daily":false,"chose_seed":false,"campfire_upgraded":2,"win_rate":0.0,"timestamp":1612207553,"path_taken":["M","?","?","?","M","R","E","R","T","R","AVR","E","R","M","R","BOSS","M","M","M","?","$","E","R","?","T","?","R","?","E","?","R","BOSS","M","?","M","?","M","R","E","R","T","M","M","R","?","NM","R","BOSS"],"items_purchased_type":["Relic","Relic","Card","Potion","Potion","Potion","Relic","Relic","Relic","Relic"],"build_version":"2020-12-22","purchased_purges":0,"victory":true,"max_hp_per_floor":[75,75,75,75,75,75,75,75,75,75,75,75,75,75,75,75,75,75,75,75,75,75,75,75,75,75,75,75,75,75,75,75,75,75,75,75,75,75,75,75,75,75,75,75,78,78,116,124,124,124],"card_choices":[{"not_picked":["Steam","Stack"],"picked":"Consume","floor":1.0},{"not_picked":["Go for the Eyes","Beam Cell","Doom and Gloom"],"picked":"SKIP","floor":2.0},{"not_picked":["Genetic Algorithm","FTL"],"picked":"Conserve Battery","floor":5.0},{"not_picked":["Stack+1","Loop","Steam+1"],"picked":"SKIP","floor":7.0},{"not_picked":["Cold Snap","FTL"],"picked":"White Noise+1","floor":12.0},{"not_picked":["Stack+1","Static Discharge"],"picked":"Turbo+1","floor":14.0},{"not_picked":["Core Surge","Fission+1"],"picked":"Electrodynamics","floor":16.0},{"not_picked":["Sweeping Beam","ReplayTheSpireMod:System Scan+1"],"picked":"Tempest+1","floor":18},{"not_picked":["Go for the Eyes","Panic Button+1","Tempest+1"],"picked":"SKIP","floor":19},{"not_picked":["Buffer","Leap+1"],"picked":"Sweeping Beam","floor":20},{"not_picked":["Hologram+1","Undo+1"],"picked":"Seek+1","floor":23},{"not_picked":["Conserve Battery+1","Go for the Eyes","Turbo+1"],"picked":"SKIP","floor":25},{"not_picked":["ReplayTheSpireMod:Calculation Training+1","Panic Button+1","Coolheaded+1"],"picked":"SKIP","floor":29},{"not_picked":["Beam Cell","Streamline","Darkness+1"],"picked":"SKIP","floor":30},{"not_picked":["Buffer","Amplify+1"],"picked":"Echo Form","floor":33},{"not_picked":["Coolheaded+1","Reinforced Body+1","Go for the Eyes+1"],"picked":"SKIP","floor":35},{"not_picked":["ReplayRNGCard+1","Streamline+1"],"picked":"Hologram+1","floor":36},{"not_picked":["ReplayGash+1","Chill+1"],"picked":"Chaos+1","floor":37},{"not_picked":["Stack+1","Beam Cell+1"],"picked":"Compile Driver+1","floor":39},{"not_picked":["Fusion+1","Undo+1","Fission+1"],"picked":"SKIP","floor":41},{"not_picked":["ReplayTheSpireMod:Calculation Training+1","Redo+1","Lockon"],"picked":"SKIP","floor":44},{"not_picked":["Heatsinks+1","Hologram+1"],"picked":"BasicCrystalCard+1","floor":45},{"not_picked":["Storm","Hyperbeam"],"picked":"Double Energy+1","floor":48}],"player_experience":78179,"relics_obtained":[{"floor":7.0,"key":"Toxic Egg 2"},{"floor":9.0,"key":"Grinning Jar"},{"floor":9.0,"key":"Lantern"},{"floor":12.0,"key":"Toy Ornithopter"},{"floor":23,"key":"Oddly Smooth Stone"},{"floor":26,"key":"infinitespire:Satchel"},{"floor":26,"key":"Blue Doll"},{"floor":30,"key":"Pen Nib"},{"floor":31,"key":"Nilry\u0027s Codex"},{"floor":36,"key":"Torii"},{"floor":41,"key":"Replay:Antivirus Software"},{"floor":43,"key":"Replay:Ringing Soul"},{"floor":48,"key":"Durian"}],"event_choices":[{"damage_healed":0.0,"max_hp_gain":0.0,"max_hp_loss":0.0,"gold_gain":0.0,"event_name":"Living Wall","player_choice":"Grow","floor":3.0,"gold_loss":0.0,"damage_taken":0.0,"cards_upgraded":["Consume"]},{"damage_healed":0,"gold_gain":0,"player_choice":"Trade","damage_taken":0,"relics_obtained":["CultistMask"],"max_hp_gain":0,"max_hp_loss":0,"event_name":"FaceTrader","floor":21,"gold_loss":0},{"damage_healed":0,"gold_gain":0,"player_choice":"Gave Potion","damage_taken":0,"relics_obtained":["FossilizedHelix"],"max_hp_gain":0,"max_hp_loss":0,"event_name":"WeMeetAgain","floor":27,"gold_loss":0},{"damage_healed":0,"gold_gain":0,"player_choice":"Obtained Book","damage_taken":16,"max_hp_gain":0,"max_hp_loss":0,"event_name":"Cursed Tome","floor":31,"gold_loss":0},{"damage_healed":0,"gold_gain":0,"player_choice":"Fight","damage_taken":0,"max_hp_gain":0,"max_hp_loss":0,"event_name":"MindBloom","floor":36,"gold_loss":0},{"damage_healed":0,"gold_gain":0,"player_choice":"Memory 1","damage_taken":0,"max_hp_gain":0,"max_hp_loss":0,"event_name":"SensoryStone","floor":38,"gold_loss":0}],"is_beta":false,"boss_relics":[{"not_picked":["Fusion Hammer","Empty Cage"],"picked":"Philosopher\u0027s Stone"},{"not_picked":["Abe\u0027s Treasure","ReplayTheSpireMod:SealedPack"],"picked":"FrozenCore"}],"items_purged_floors":[],"is_endless":false,"potions_floor_spawned":[5,7,12,16,18,20,23,25,35,39,45,48],"ascension_level":1}}