{"host":"btk6hapgokl8j5e3","time":1612200644,"event":{"mods":["Act Like it!","BaseMod","BetterRewards","Colored Powertips","Downfall","Friendly Minions","GifTheSpireLib","Hallownest","Minty Spire (QoL Compilation)","StSLib","The Animator","The Bug Knight","The Necromancer"],"gold_per_floor":[109,109,126,141,151,151,36,36,36,65,65,95,95,115,115,217,217,229,154,165,120,134,163,163,197,197,222,222,17,32,45,45,141,141,155,175,50,60,60,85,85,111,111,111,27,27,52,66,66,66,66,66,17,42,42,42],"floor_reached":55,"language":"ENG","playtime":4748,"items_purged":["HollowMod:NailStrikeStart","HollowMod:NailStrikeStart","HollowMod:SoulMaster"],"score":803,"play_id":"9f235513-9e3f-4e95-9f3c-edf550be3705","local_time":"20210201183044","is_ascension_mode":true,"campfire_choices":[{"data":"HollowMod:DesolateDive","floor":6,"key":"SMITH"},{"data":"HollowMod:FocusHealStart","floor":11,"key":"SMITH"},{"data":"HollowMod:SoulStrike","floor":13,"key":"SMITH"},{"data":"HollowMod:SoulSplash","floor":15,"key":"SMITH"},{"data":"HollowMod:RecoilStrike","floor":24,"key":"SMITH"},{"data":"HollowMod:ZotesMagnificence","floor":32,"key":"SMITH"},{"floor":44,"key":"RECALL"},{"floor":46,"key":"REST"},{"floor":49,"key":"REST"},{"floor":52,"key":"REST"}],"circlet_count":0,"master_deck":["HollowMod:QuickDashStart","HollowMod:QuickDashStart","HollowMod:FocusHealStart+1","HollowMod:PogoStrike","HollowMod:SoulSplash+1","HollowMod:SoulStrike+1","HollowMod:DesolateDive+1","HollowMod:ZotesMagnificence+1","HollowMod:VengefulSpirit+1","HollowMod:SoulMaster","HollowMod:DashSlash+1","HollowMod:DoubleDash+1","HollowMod:RecoilStrike+1","HollowMod:Weaversong+1","HollowMod:HowlingWraiths","HollowMod:SoulVessel","Pride","HollowMod:BaldurShell+1","HollowMod:PerfectDash+1"],"relics":["HollowMod:VesselMask","Hallownest:DreamNailRelic","Odd Mushroom","Torii","Bird Faced Urn","HollowMod:StagPassRelic","Velvet Choker","Whetstone","Gambling Chip","Smiling Mask","Ancient Tea Set","Fusion Hammer","Mummified Hand","Art of War","Hallownest:KingsIdolRelic","StrikeDummy","Oddly Smooth Stone","Bronze Scales"],"acts_visited":["Hallownest:Greenpath","Hallownest:CityofTears","Hallownest:KingdomsEdge","TheEnding"],"potions_floor_usage":[16,23,23,35,42,48,50,50,54],"damage_taken":[{"damage":0,"enemies":"Hallownest:2_Baldur","floor":1,"turns":5},{"damage":1,"enemies":"Hallownest:monsterHuskWarrior","floor":3,"turns":3},{"damage":0,"enemies":"Hallownest:2_MossCreeps","floor":4,"turns":5},{"damage":0,"enemies":"Hallownest:monsterMossCharger","floor":5,"turns":2},{"damage":11,"enemies":"Hallownest:eliteCrystalGuardian","floor":10,"turns":5},{"damage":9,"enemies":"Hallownest:eliteVengeflyKing","floor":12,"turns":4},{"damage":4,"enemies":"Hallownest:2_Tiktiks_1_Baldur_1_Crawlid","floor":14,"turns":2},{"damage":47,"enemies":"Hallownest:BossHornet","floor":16,"turns":7},{"damage":3,"enemies":"Hallownest:3_Youths","floor":18,"turns":5},{"damage":16,"enemies":"Hallownest:2_Mistakes","floor":20,"turns":3},{"damage":20,"enemies":"Hallownest:3_Mistakes","floor":22,"turns":8},{"damage":1,"enemies":"Hallownest:eliteWatcherKnight","floor":23,"turns":8},{"damage":1,"enemies":"Hallownest:eliteSoulWarrior","floor":25,"turns":4},{"damage":1,"enemies":"Hallownest:Nosk","floor":27,"turns":5},{"damage":1,"enemies":"Hallownest:Master_and_Novice","floor":30,"turns":3},{"damage":0,"enemies":"Hallownest:monsterShrumalOgre","floor":31,"turns":3},{"damage":20,"enemies":"Hallownest:BossMantisLord","floor":33,"turns":4},{"damage":9,"enemies":"Hallownest:3_Siblings","floor":35,"turns":4},{"damage":2,"enemies":"Hallownest:Shield_Heavy","floor":36,"turns":3},{"damage":21,"enemies":"Hallownest:Slobbering_and_Violent","floor":38,"turns":4},{"damage":22,"enemies":"Hallownest:eliteHiveKnight","floor":40,"turns":5},{"damage":17,"enemies":"Hallownest:StalkingDevout","floor":42,"turns":5},{"damage":16,"enemies":"Hallownest:eliteHiveKnight","floor":47,"turns":6},{"damage":1,"enemies":"Hallownest:Shield_Sturdy","floor":48,"turns":4},{"damage":10,"enemies":"Hallownest:Radiance","floor":50,"turns":9},{"damage":59,"enemies":"Shield and Spear","floor":54,"turns":7},{"damage":45,"enemies":"The Heart","floor":55,"turns":2}],"seed_played":"3791195106788798622","potions_obtained":[{"floor":4,"key":"PowerPotion"},{"floor":5,"key":"SmokeBomb"},{"floor":10,"key":"EssenceOfSteel"},{"floor":14,"key":"hexamod:SoulburnPotion"},{"floor":18,"key":"sneckomod:MuddlingPotion"},{"floor":23,"key":"SpeedPotion"},{"floor":25,"key":"Explosive Potion"},{"floor":40,"key":"Block Potion"},{"floor":42,"key":"Guardian:BlockOnCardUsePotion"}],"is_trial":false,"path_per_floor":["M","?","M","M","M","R","?","?","T","E","R","E","R","M","R","B",null,"M","$","M","?","M","E","R","E","T","E","?","$","M","M","R","B",null,"M","M","?","M","?","E","?","E","T","R","$","R","E","M","R","B",null,"R","$","E","B"],"character_chosen":"THE_BUGKNIGHT","items_purchased":["HollowMod:Weaversong","HollowMod:BaldurShell","ColorlessPotion"],"campfire_rested":3,"item_purchase_floors":[29,45,53],"current_hp_per_floor":[64,64,69,75,75,75,75,68,68,57,57,60,60,56,56,21,68,68,68,58,64,52,65,65,72,72,73,73,73,74,74,74,54,74,71,72,72,61,61,51,47,50,50,50,50,72,68,74,74,74,74,74,74,22,0,0],"gold":42,"neow_bonus":"REMOVE_TWO","is_daily":false,"chose_seed":false,"campfire_upgraded":6,"win_rate":0.0,"timestamp":1612200644,"path_taken":["M","?","M","?","M","R","?","?","T","E","R","E","R","?","R","BOSS","M","$","M","?","?","E","R","E","T","E","?","$","?","M","R","BOSS","M","M","?","M","?","E","?","E","T","R","$","R","E","M","R","BOSS","R","$","E","BOSS"],"items_purchased_type":["Card","Card","Potion"],"build_version":"2020-12-22","purchased_purges":3,"victory":false,"max_hp_per_floor":[75,75,75,75,75,75,75,68,68,68,68,68,68,68,68,68,68,68,68,68,74,74,74,74,74,74,74,74,74,74,74,74,74,74,74,74,74,74,74,74,74,74,74,74,74,74,74,74,74,74,74,74,74,74,74,74],"card_choices":[{"not_picked":["HollowMod:SoulStrike","HollowMod:SiblingsSouls"],"picked":"HollowMod:SoulSplash","floor":1},{"not_picked":["HollowMod:NewGlowingWomb","HollowMod:InfectedCysts","HollowMod:CornifersMapStart"],"picked":"SKIP","floor":3},{"not_picked":["HollowMod:VengefulVoid","HollowMod:TaintedHusks"],"picked":"HollowMod:SoulStrike","floor":4},{"not_picked":["HollowMod:SoulVessel","HollowMod:Grubsong"],"picked":"HollowMod:DesolateDive","floor":5},{"not_picked":["HollowMod:DoubleDash","HollowMod:InfectedAttack"],"picked":"HollowMod:ZotesMagnificence","floor":10},{"not_picked":["HollowMod:DoubleDash","HollowMod:VengefulVoid","HollowMod:SiblingsSouls"],"picked":"SKIP","floor":12},{"not_picked":["HollowMod:SoulVessel","HollowMod:AbyssShriek"],"picked":"HollowMod:VengefulSpirit","floor":14},{"not_picked":["HollowMod:HornetsHelp","HollowMod:Weaversong"],"picked":"HollowMod:SoulMaster","floor":16},{"not_picked":["HollowMod:MantisMark","HollowMod:BlackTendrils+1"],"picked":"HollowMod:DashSlash","floor":18},{"not_picked":["HollowMod:VengefulVoid+1","HollowMod:ShapeofUnn"],"picked":"HollowMod:DoubleDash+1","floor":20},{"not_picked":["HollowMod:DescendingDark","HollowMod:SharpenedShadows","HollowMod:AbyssShriek"],"picked":"SKIP","floor":22},{"not_picked":["HollowMod:PureNailStrike","HollowMod:InfectedCysts+1"],"picked":"HollowMod:RecoilStrike","floor":23},{"not_picked":["HollowMod:GoodIntentions","HollowMod:ShadowDash","HollowMod:VengefulVoid"],"picked":"SKIP","floor":25},{"not_picked":["HollowMod:TaintedHusks","HollowMod:CycloneSlash","HollowMod:SoulShaman"],"picked":"SKIP","floor":27},{"not_picked":["HollowMod:InfectedCysts+1","HollowMod:InfectionAssault+1","HollowMod:LordofShades"],"picked":"SKIP","floor":30},{"not_picked":["HollowMod:DoubleDash","HollowMod:DescendingDark","HollowMod:DreamGate"],"picked":"SKIP","floor":31},{"not_picked":["HollowMod:GrimmsGift","HollowMod:FastStrike+1","HollowMod:VengefulVoid+1"],"picked":"SKIP","floor":35},{"not_picked":["HollowMod:NewJinnsSoul","HollowMod:InfectedAttack"],"picked":"HollowMod:HowlingWraiths","floor":36},{"not_picked":["HollowMod:NewLittleFool","HollowMod:InfectedCysts"],"picked":"HollowMod:SoulVessel","floor":38},{"not_picked":["HollowMod:VengefulVoid","HollowMod:DescendingDark+1"],"picked":"HollowMod:SoulMaster","floor":40},{"not_picked":["HollowMod:SoulSplash","HollowMod:DescendingDark+1","HollowMod:SharpenedNail+1"],"picked":"SKIP","floor":42},{"not_picked":["HollowMod:Grubsong","HollowMod:VoidDash"],"picked":"HollowMod:PerfectDash+1","floor":47},{"not_picked":["HollowMod:InfectedCysts","HollowMod:AbyssShriek+1","HollowMod:ChannelNail+1"],"picked":"SKIP","floor":48},{"not_picked":["HollowMod:NewGlowingWomb+1","HollowMod:SoulMaster","HollowMod:CycloneSlash"],"picked":"SKIP","floor":54}],"player_experience":416761,"relics_obtained":[{"floor":9,"key":"Torii"},{"floor":10,"key":"Bird Faced Urn"},{"floor":12,"key":"HollowMod:StagPassRelic"},{"floor":23,"key":"Whetstone"},{"floor":25,"key":"Gambling Chip"},{"floor":26,"key":"Smiling Mask"},{"floor":27,"key":"Ancient Tea Set"},{"floor":40,"key":"Art of War"},{"floor":42,"key":"StrikeDummy"},{"floor":47,"key":"Oddly Smooth Stone"},{"floor":54,"key":"Bronze Scales"}],"event_choices":[],"is_beta":false,"boss_relics":[{"not_picked":["Tiny House","Snecko Eye"],"picked":"Velvet Choker"},{"not_picked":["HollowMod:VoidIdolRelic","Coffee Dripper"],"picked":"Fusion Hammer"}],"items_purged_floors":[19,29,45],"is_endless":false,"potions_floor_spawned":[4,5,10,14,18,22,23,25,40,42],"killed_by":"The Heart","ascension_level":1}}