{"host":"63yhhrjweyj22b0v","time":1612156291,"event":{"mods":["BaseMod","Minty Spire (QoL Compilation)","Quick Restart"],"gold_per_floor":[111,127,127,127,142,317,317,10,10,0,0,0,12,29,29,132,132,150,150,2,17,17,17,36,51,122,122,141,141,141,172,172,271,271,291,291,302,352,60,92,92,107,132,132,146,146,46,57,57,57],"floor_reached":51,"language":"ENG","playtime":2081,"items_purged":["Doubt","Writhe"],"score":685,"play_id":"66a4e3b2-133f-452e-a57c-8e169ff711aa","local_time":"20210131231131","is_ascension_mode":false,"campfire_choices":[{"data":"Consume","floor":7,"key":"SMITH"},{"data":"Zap","floor":11,"key":"SMITH"},{"floor":15,"key":"REST"},{"floor":23,"key":"REST"},{"data":"Buffer","floor":27,"key":"SMITH"},{"floor":29,"key":"REST"},{"floor":32,"key":"REST"},{"floor":41,"key":"REST"},{"floor":44,"key":"REST"},{"data":"Echo Form","floor":46,"key":"SMITH"},{"data":"Thunder Strike","floor":49,"key":"SMITH"}],"circlet_count":0,"master_deck":["Strike_B","Strike_B","Strike_B","Strike_B","Defend_B","Defend_B","Defend_B","Defend_B","Zap+1","Dualcast","Consume+1","Self Repair","Buffer+1","Go for the Eyes","Creative AI+1","Defragment+1","Lockon","Tempest","Barrage","Barrage","Tempest","Echo Form+1","Conserve Battery+1","Dramatic Entrance","Reinforced Body+1","Redo+1","Melter","Thunder Strike+1"],"relics":["Cracked Core","NeowsBlessing","Sundial","Chemical X","Blood Vial","Kunai","Shuriken","Nuclear Battery","Runic Capacitor","Meat on the Bone","InkBottle","TungstenRod","SacredBark","Ginger","Lee\u0027s Waffle","Boot","Lantern"],"acts_visited":["Exordium","TheCity","TheBeyond"],"potions_floor_usage":[16,16,31,33,38,45,50],"damage_taken":[{"damage":0,"enemies":"Jaw Worm","floor":1,"turns":1},{"damage":0,"enemies":"Cultist","floor":2,"turns":1},{"damage":0,"enemies":"2 Louse","floor":5,"turns":1},{"damage":11,"enemies":"Red Slaver","floor":13,"turns":3},{"damage":5,"enemies":"3 Louse","floor":14,"turns":4},{"damage":41,"enemies":"The Guardian","floor":16,"turns":10},{"damage":24,"enemies":"Spheric Guardian","floor":18,"turns":5},{"damage":22,"enemies":"Shell Parasite","floor":21,"turns":7},{"damage":18,"enemies":"Chosen and Byrds","floor":24,"turns":6},{"damage":25,"enemies":"Snake Plant","floor":25,"turns":4},{"damage":22,"enemies":"Cultist and Chosen","floor":28,"turns":4},{"damage":12,"enemies":"Book of Stabbing","floor":31,"turns":4},{"damage":71,"enemies":"Champ","floor":33,"turns":8},{"damage":16,"enemies":"Orb Walker","floor":35,"turns":4},{"damage":21,"enemies":"3 Darklings","floor":37,"turns":5},{"damage":0,"enemies":"Mind Bloom Boss Battle","floor":38,"turns":4},{"damage":70,"enemies":"Giant Head","floor":40,"turns":8},{"damage":10,"enemies":"4 Shapes","floor":42,"turns":3},{"damage":0,"enemies":"Jaw Worm Horde","floor":45,"turns":3},{"damage":0,"enemies":"Transient","floor":48,"turns":5},{"damage":68,"enemies":"Awakened One","floor":50,"turns":8}],"seed_played":"1997169981360552470","potions_obtained":[{"floor":1,"key":"DuplicationPotion"},{"floor":5,"key":"SkillPotion"},{"floor":13,"key":"FairyPotion"},{"floor":18,"key":"FairyPotion"},{"floor":24,"key":"Weak Potion"},{"floor":31,"key":"LiquidBronze"},{"floor":35,"key":"Weak Potion"},{"floor":37,"key":"FocusPotion"},{"floor":42,"key":"Swift Potion"},{"floor":45,"key":"SpeedPotion"}],"is_trial":false,"path_per_floor":["M","M","?","T","M","?","R","$","T","?","R","?","M","M","R","B",null,"M","?","$","M","?","R","M","M","T","R","M","R","?","E","R","B",null,"M","?","M","?","$","E","R","M","T","R","M","R","$","M","R","B",null],"character_chosen":"DEFECT","items_purchased":["Chemical X","Blood Vial","Runic Capacitor","Lee\u0027s Waffle","Melter"],"campfire_rested":6,"item_purchase_floors":[8,8,20,39,39],"current_hp_per_floor":[75,75,75,75,75,75,75,75,75,75,75,57,55,59,75,41,75,58,58,58,45,45,67,58,54,54,54,46,68,54,51,75,25,80,71,71,59,61,87,36,62,54,54,80,87,87,87,87,87,31],"gold":57,"neow_bonus":"THREE_ENEMY_KILL","is_daily":false,"chose_seed":false,"campfire_upgraded":5,"win_rate":0.0,"timestamp":1612156291,"path_taken":["M","M","?","?","?","?","R","?","T","?","R","?","M","M","R","BOSS","M","?","$","?","?","R","M","M","T","R","M","R","?","E","R","BOSS","M","?","M","?","$","E","R","M","T","R","M","R","$","M","R","BOSS"],"items_purchased_type":["Relic","Relic","Relic","Relic","Card"],"build_version":"2020-12-22","purchased_purges":2,"victory":true,"max_hp_per_floor":[75,75,75,75,75,75,75,75,75,75,75,75,75,75,75,75,75,75,75,75,75,75,75,75,75,75,75,75,75,80,80,80,80,80,80,80,80,80,87,87,87,87,87,87,87,87,87,87,87,87],"card_choices":[{"not_picked":["Blizzard","Coolheaded","Aggregate"],"picked":"SKIP","floor":1},{"not_picked":["Double Energy","Streamline"],"picked":"Consume","floor":2},{"not_picked":["Steam","Storm"],"picked":"Self Repair","floor":5},{"not_picked":["Ball Lightning","Stack"],"picked":"Buffer","floor":13},{"not_picked":["Undo","Cold Snap"],"picked":"Go for the Eyes","floor":14},{"not_picked":["Core Surge","Buffer"],"picked":"Creative AI","floor":16},{"not_picked":["Compile Driver","Leap"],"picked":"Defragment+1","floor":18},{"not_picked":["Redo","Cold Snap"],"picked":"Lockon","floor":21},{"not_picked":["Streamline","BootSequence"],"picked":"Tempest","floor":24},{"not_picked":["Go for the Eyes","Rebound"],"picked":"Barrage","floor":25},{"not_picked":["Self Repair","Steam"],"picked":"Barrage","floor":28},{"not_picked":["Barrage","Gash+1"],"picked":"Tempest","floor":31},{"not_picked":["Seek","Amplify"],"picked":"Echo Form","floor":33},{"not_picked":["Leap","Coolheaded"],"picked":"Conserve Battery+1","floor":35},{"not_picked":["Jack Of All Trades","Transmutation"],"picked":"Dramatic Entrance","floor":36},{"not_picked":["Ball Lightning","Hologram"],"picked":"Reinforced Body+1","floor":37},{"not_picked":["Stack","Ball Lightning"],"picked":"Redo+1","floor":38},{"not_picked":["Conserve Battery","Static Discharge+1"],"picked":"Thunder Strike","floor":40},{"not_picked":["Heatsinks","Storm","Skim+1"],"picked":"SKIP","floor":42},{"not_picked":["Ball Lightning","Sweeping Beam+1","Recycle"],"picked":"SKIP","floor":45},{"not_picked":["Darkness","Gash+1","Conserve Battery+1"],"picked":"SKIP","floor":48}],"player_experience":609124,"relics_obtained":[{"floor":4,"key":"Sundial"},{"floor":9,"key":"Kunai"},{"floor":26,"key":"InkBottle"},{"floor":31,"key":"TungstenRod"},{"floor":38,"key":"Ginger"},{"floor":40,"key":"Boot"},{"floor":43,"key":"Lantern"}],"event_choices":[{"damage_healed":0,"gold_gain":0,"player_choice":"Ignored","damage_taken":0,"max_hp_gain":0,"max_hp_loss":0,"event_name":"Golden Wing","floor":3,"gold_loss":0},{"damage_healed":0,"gold_gain":175,"player_choice":"AGREE","damage_taken":0,"max_hp_gain":0,"max_hp_loss":0,"event_name":"Liars Game","floor":6,"gold_loss":0,"cards_obtained":["Doubt"]},{"damage_healed":0,"gold_gain":0,"player_choice":"Left Gold","damage_taken":0,"max_hp_gain":0,"max_hp_loss":0,"event_name":"World of Goop","floor":10,"gold_loss":10},{"damage_healed":0,"gold_gain":0,"player_choice":"Success","damage_taken":18,"relics_obtained":["Shuriken"],"max_hp_gain":0,"max_hp_loss":0,"event_name":"Scrap Ooze","floor":12,"gold_loss":0},{"damage_healed":0,"gold_gain":0,"player_choice":"Forge","damage_taken":0,"max_hp_gain":0,"max_hp_loss":0,"event_name":"Accursed Blacksmith","floor":19,"gold_loss":0,"cards_upgraded":["Creative AI"]},{"damage_healed":0,"gold_gain":0,"player_choice":"Opened","damage_taken":0,"relics_obtained":["Meat on the Bone"],"max_hp_gain":0,"max_hp_loss":0,"event_name":"The Mausoleum","floor":22,"gold_loss":0,"cards_obtained":["Writhe"]},{"damage_healed":0,"gold_gain":0,"player_choice":"Shed Blood","damage_taken":19,"max_hp_gain":5,"max_hp_loss":0,"event_name":"Forgotten Altar","floor":30,"gold_loss":0},{"damage_healed":0,"gold_gain":0,"player_choice":"Memory 1","damage_taken":0,"max_hp_gain":0,"max_hp_loss":0,"event_name":"SensoryStone","floor":36,"gold_loss":0},{"damage_healed":0,"gold_gain":0,"player_choice":"Fight","damage_taken":0,"max_hp_gain":0,"max_hp_loss":0,"event_name":"MindBloom","floor":38,"gold_loss":0}],"is_beta":false,"boss_relics":[{"not_picked":["Runic Pyramid","Cursed Key"],"picked":"Nuclear Battery"},{"not_picked":["Empty Cage","Runic Dome"],"picked":"SacredBark"}],"items_purged_floors":[39,47],"is_endless":false,"potions_floor_spawned":[1,5,13,18,24,28,31,35,37,42,45],"ascension_level":0}}