{"host":"iittsup1ixgwip8e","time":1612218579,"event":{"mods":["A Magickal Journey","Aspiration","BaseMod","Challenge The Spire","Clockwork Mod","Colored Powertips","Conspire","Downfall","Energized Spire","Exacting","GifTheSpireLib","Halation","Hermit","Hubris","Infinite Spire","Mari Mod (Legacy)","Mari\u0027s V1 Patch","Marisa????????","Mimic Mod","Minty Spire (QoL Compilation)","Quick Restart","READ ME - Guardian Mod","Reliquary","Replay The Spire","Shop Mod","Spikes Relics","Spire Arcade","StSLib","Stuff the Spire","The Animator","The Cursed","The Disciple","The Jungle","The Marked","The Runesmith","The Servant 0.9.4","The Valiant","The Vixen"],"gold_per_floor":[111,125,125,145,145,145,29,29,29],"floor_reached":8,"language":"ENG","playtime":477,"items_purged":[],"score":46,"play_id":"9e73d741-382d-4914-8c78-052e283981be","local_time":"20210201172939","is_ascension_mode":false,"campfire_choices":[],"circlet_count":0,"master_deck":["Strike_B","Strike_B","Strike_B","Strike_B","Defend_B","Defend_B","Defend_B","Defend_B","Zap","Defragment","Cold Snap","StuffTheSpire:LoadUp","BasicCrystalCard","Stack","Ball Lightning","Steam","Enlightenment","Cold Snap"],"relics":["Cracked Core","Prayer Wheel","SsserpentHead"],"acts_visited":["Exordium"],"potions_floor_usage":[8],"damage_taken":[{"damage":18,"enemies":"2 Louse","floor":1,"turns":4},{"damage":24,"enemies":"Cultist","floor":2,"turns":3},{"damage":1,"enemies":"Jaw Worm","floor":4,"turns":3},{"damage":35,"enemies":"Gremlin Nob","floor":8,"turns":4}],"seed_played":"6877978317225619440","potions_obtained":[{"floor":1,"key":"BlessingOfTheForge"},{"floor":4,"key":"Guardian:BlockOnCardUsePotion"}],"is_trial":false,"path_per_floor":["M","M","?","M","PTL","PTL","$","E"],"character_chosen":"DEFECT","items_purchased":["Steam","Enlightenment","Cold Snap"],"campfire_rested":0,"item_purchase_floors":[7,7,7],"current_hp_per_floor":[57,33,33,32,32,32,32,0,0],"gold":29,"neow_bonus":"TRANSFORM_CARD","is_daily":false,"chose_seed":false,"campfire_upgraded":0,"win_rate":0.0,"timestamp":1612218579,"path_taken":["M","M","?","M","PTL","PTL","?","E"],"items_purchased_type":["Card","Card","Card"],"build_version":"2020-12-22","purchased_purges":0,"victory":false,"max_hp_per_floor":[75,75,75,75,75,75,75,75,75],"card_choices":[{"not_picked":["StuffTheSpire:LoadUp","Steam"],"picked":"Defragment","floor":1},{"not_picked":["StuffTheSpire:LoadUp","Streamline"],"picked":"Cold Snap","floor":1},{"not_picked":["conspire:Rain","Self Repair"],"picked":"StuffTheSpire:LoadUp","floor":2},{"not_picked":["Beam Cell","ReplaySort"],"picked":"BasicCrystalCard","floor":2},{"not_picked":["Barrage","Gash"],"picked":"Stack","floor":4},{"not_picked":["Hyperbeam","Conserve Battery"],"picked":"Ball Lightning","floor":4}],"player_experience":144840,"relics_obtained":[],"event_choices":[{"damage_healed":0,"gold_gain":0,"player_choice":"Trade","damage_taken":0,"relics_obtained":["SsserpentHead"],"max_hp_gain":0,"max_hp_loss":0,"event_name":"FaceTrader","floor":3,"gold_loss":0}],"is_beta":false,"boss_relics":[],"items_purged_floors":[],"is_endless":false,"potions_floor_spawned":[1,4],"killed_by":"Gremlin Nob","ascension_level":0}}