{"host":"fdq5pmhluajjrf8d","time":1612216278,"event":{"mods":["BaseMod","Minty Spire (QoL Compilation)"],"gold_per_floor":[116,128,128,147,72,103,253,253,279,299,314,329,329,73,73,73,73],"floor_reached":16,"language":"ENG","playtime":518,"items_purged":["Pain"],"score":204,"play_id":"15e05a8a-745a-46ae-a695-e0d4c4dd1e41","local_time":"20210201165118","is_ascension_mode":true,"campfire_choices":[{"data":"Chill","floor":8,"key":"SMITH"},{"floor":13,"key":"REST"},{"data":"Zap","floor":15,"key":"SMITH"}],"circlet_count":0,"master_deck":["AscendersBane","Strike_B","Strike_B","Strike_B","Strike_B","Defend_B","Defend_B","Defend_B","Defend_B","Zap+1","Dualcast","Cold Snap","Chill+1","Glacier","Core Surge"],"relics":["Cracked Core","Juzu Bracelet","WarpedTongs","Omamori","Smiling Mask","Potion Belt"],"acts_visited":["Exordium"],"potions_floor_usage":[2],"damage_taken":[{"damage":2,"enemies":"Cultist","floor":1,"turns":4},{"damage":0,"enemies":"2 Louse","floor":2,"turns":1},{"damage":4,"enemies":"Small Slimes","floor":4,"turns":2},{"damage":23,"enemies":"3 Sentries","floor":6,"turns":9},{"damage":11,"enemies":"Exordium Thugs","floor":10,"turns":5},{"damage":7,"enemies":"Large Slime","floor":11,"turns":6},{"damage":6,"enemies":"Lots of Slimes","floor":12,"turns":5},{"damage":43,"enemies":"Hexaghost","floor":16,"turns":9}],"seed_played":"-79383289968633513","potions_obtained":[{"floor":2,"key":"Fruit Juice"},{"floor":4,"key":"SteroidPotion"},{"floor":11,"key":"SneckoOil"}],"is_trial":false,"path_per_floor":["M","M","?","M","$","E","?","R","T","M","M","M","R","$","R","B"],"character_chosen":"DEFECT","items_purchased":["Core Surge","Potion Belt"],"campfire_rested":1,"item_purchase_floors":[14,14],"current_hp_per_floor":[62,67,67,63,63,40,40,40,40,29,22,16,38,38,38,0,0],"gold":73,"neow_bonus":"RANDOM_COMMON_RELIC","is_daily":false,"chose_seed":false,"campfire_upgraded":2,"win_rate":0.0,"timestamp":1612216278,"path_taken":["M","M","?","M","$","E","?","R","T","M","M","M","R","$","R","BOSS"],"items_purchased_type":["Card","Relic"],"build_version":"2020-12-22","purchased_purges":1,"victory":false,"max_hp_per_floor":[71,76,76,76,76,76,76,76,76,76,76,76,76,76,76,76,76],"card_choices":[{"not_picked":["Coolheaded","Auto Shields"],"picked":"Cold Snap","floor":1},{"not_picked":["Static Discharge","Beam Cell","Rebound"],"picked":"SKIP","floor":2},{"not_picked":["Rebound","Glacier","Leap"],"picked":"SKIP","floor":4},{"not_picked":["Cold Snap","Steam"],"picked":"Chill","floor":6},{"not_picked":["Go for the Eyes","Doom and Gloom","Rebound"],"picked":"SKIP","floor":10},{"not_picked":["Compile Driver","Gash"],"picked":"Glacier","floor":11},{"not_picked":["Hello World","Recycle","Cold Snap"],"picked":"SKIP","floor":12}],"player_experience":1966188,"relics_obtained":[{"floor":6,"key":"Omamori"},{"floor":9,"key":"Smiling Mask"}],"event_choices":[{"damage_healed":0,"gold_gain":0,"player_choice":"Rummage","damage_taken":0,"relics_obtained":["WarpedTongs"],"max_hp_gain":0,"max_hp_loss":0,"event_name":"Accursed Blacksmith","floor":3,"gold_loss":0,"cards_obtained":["Pain"]},{"damage_healed":0,"gold_gain":150,"player_choice":"AGREE","damage_taken":0,"max_hp_gain":0,"max_hp_loss":0,"event_name":"Liars Game","floor":7,"gold_loss":0,"cards_obtained":["Doubt"]}],"is_beta":false,"boss_relics":[],"items_purged_floors":[5],"is_endless":false,"potions_floor_spawned":[2,4,11,12],"killed_by":"Hexaghost","ascension_level":20}}