{"host":"bxn2em57qlx5u4i0","time":1612153514,"event":{"mods":["BaseMod","Colored Map","Colored Powertips","Highlight Path","Minty Spire (QoL Compilation)","Random Character Button","Relic Sorter","Relic Stats","StSLib","SuperFastMode"],"gold_per_floor":[117,66,81,42,42,42,75,75,75,75,75,100,113,148,148,223,223,233,32,47,47,47,80,97,131,131,131,147,176,176,195,195,266,266,286,299,24,24,24,50,65,65,65,65,94,107,135,135,135,135,135,135],"floor_reached":51,"language":"ENG","playtime":1694,"items_purged":["Strike_G","Strike_G"],"score":1868,"play_id":"5ba65256-2c6f-4e5f-8457-904a23cfc3e5","local_time":"20210131232514","is_ascension_mode":true,"campfire_choices":[{"data":"Footwork","floor":6,"key":"SMITH"},{"data":"Glass Knife","floor":8,"key":"SMITH"},{"data":"Survivor","floor":11,"key":"SMITH"},{"data":"Deadly Poison","floor":15,"key":"SMITH"},{"data":"Burst","floor":27,"key":"SMITH"},{"data":"Crippling Poison","floor":30,"key":"SMITH"},{"data":"Footwork","floor":32,"key":"SMITH"},{"data":"Bullet Time","floor":42,"key":"SMITH"},{"floor":49,"key":"RECALL"}],"circlet_count":0,"master_deck":["AscendersBane","Strike_G","Defend_G","Defend_G","Defend_G","Defend_G","Defend_G","Survivor+1","Neutralize+1","Flying Knee","Footwork+1","Noxious Fumes+1","Glass Knife+1","Dodge and Roll","Deadly Poison+1","Corpse Explosion","Footwork+1","Slice","Acrobatics","Burst+1","Crippling Poison+1","Dodge and Roll+1","Bullet Time+1","Acrobatics","Corpse Explosion","Catalyst","PiercingWail","Madness","Madness"],"relics":["Ring of the Serpent","Meat on the Bone","FossilizedHelix","CaptainsWheel","Bag of Marbles","Tiny Chest","Membership Card","Centennial Puzzle","Ginger","Kunai","Oddly Smooth Stone","Black Star","OrangePellets","Question Card","Matryoshka","Pear","Snake Skull","Gremlin Horn","Anchor","PreservedInsect","White Beast Statue","Bird Faced Urn"],"acts_visited":["Exordium","TheCity","TheBeyond"],"potions_floor_usage":[18,23,25,29,29,33,40,40,45],"damage_taken":[{"damage":1,"enemies":"Jaw Worm","floor":1,"turns":5},{"damage":0,"enemies":"Cultist","floor":3,"turns":4},{"damage":35,"enemies":"3 Sentries","floor":7,"turns":9},{"damage":0,"enemies":"Lagavulin","floor":12,"turns":7},{"damage":0,"enemies":"Small Slimes","floor":13,"turns":3},{"damage":0,"enemies":"3 Sentries","floor":14,"turns":5},{"damage":0,"enemies":"The Guardian","floor":16,"turns":9},{"damage":1,"enemies":"2 Thieves","floor":18,"turns":4},{"damage":0,"enemies":"Spheric Guardian","floor":20,"turns":4},{"damage":35,"enemies":"Slavers","floor":23,"turns":3},{"damage":0,"enemies":"Centurion and Healer","floor":24,"turns":4},{"damage":15,"enemies":"Book of Stabbing","floor":25,"turns":8},{"damage":10,"enemies":"Snake Plant","floor":28,"turns":5},{"damage":31,"enemies":"Gremlin Leader","floor":29,"turns":7},{"damage":0,"enemies":"3 Cultists","floor":31,"turns":3},{"damage":0,"enemies":"Champ","floor":33,"turns":14},{"damage":21,"enemies":"3 Darklings","floor":35,"turns":3},{"damage":0,"enemies":"Orb Walker","floor":36,"turns":5},{"damage":2,"enemies":"Nemesis","floor":40,"turns":13},{"damage":0,"enemies":"3 Darklings","floor":41,"turns":4},{"damage":2,"enemies":"Reptomancer","floor":45,"turns":4},{"damage":0,"enemies":"4 Shapes","floor":46,"turns":5},{"damage":11,"enemies":"Nemesis","floor":47,"turns":7},{"damage":28,"enemies":"Donu and Deca","floor":50,"turns":10},{"damage":31,"enemies":"Time Eater","floor":51,"turns":12}],"seed_played":"5225848228263429929","potions_obtained":[{"floor":12,"key":"Swift Potion"},{"floor":14,"key":"Block Potion"},{"floor":18,"key":"ColorlessPotion"},{"floor":24,"key":"Strength Potion"},{"floor":28,"key":"EssenceOfSteel"},{"floor":29,"key":"Regen Potion"},{"floor":33,"key":"Explosive Potion"},{"floor":35,"key":"Block Potion"},{"floor":36,"key":"Energy Potion"},{"floor":41,"key":"GhostInAJar"},{"floor":44,"key":"LiquidBronze"},{"floor":46,"key":"SteroidPotion"}],"is_trial":false,"path_per_floor":["M","?","M","$","?","R","E","R","T","?","R","E","M","E","R","B",null,"M","$","M","?","?","E","M","E","T","R","M","E","R","M","R","B",null,"M","M","$","?","T","E","M","R","T","?","E","M","E","?","R","B","B"],"character_chosen":"THE_SILENT","items_purchased":["Noxious Fumes","Membership Card","OrangePellets","Question Card"],"campfire_rested":0,"item_purchase_floors":[4,19,37,37],"current_hp_per_floor":[58,58,58,58,58,58,35,35,35,35,35,35,35,35,35,35,58,57,57,57,57,57,34,34,31,31,31,33,14,14,26,26,41,60,39,39,39,39,39,47,47,47,47,47,45,45,46,32,32,22,0,0],"gold":135,"neow_bonus":"UPGRADE_CARD","is_daily":false,"chose_seed":false,"campfire_upgraded":8,"win_rate":0.0,"timestamp":1612153514,"path_taken":["M","?","M","?","?","R","E","R","T","?","R","E","M","E","R","BOSS","M","$","M","?","?","E","M","E","T","R","M","E","R","M","R","BOSS","M","M","$","?","?","E","M","R","T","?","E","?","E","?","R","BOSS","BOSS"],"items_purchased_type":["Card","Relic","Relic","Relic"],"build_version":"2020-12-22","purchased_purges":2,"victory":false,"max_hp_per_floor":[66,66,66,66,66,66,66,66,66,66,66,66,66,66,66,66,66,66,66,66,66,66,66,66,66,66,66,66,66,66,66,66,66,66,66,66,66,66,66,76,76,76,76,76,76,76,76,76,76,76,76,76],"relic_stats":{"Gremlin Horn":[5,5],"counters":[25,157],"Snake Skull":[66],"PreservedInsect":50,"Ginger":[10],"Question Card":5,"OrangePellets":[6],"Centennial Puzzle":[27],"Bird Faced Urn":[12],"Tiny Chest":1,"Black Star":3,"Kunai":[7],"obtain_stats":[{"Pear":40,"Gremlin Horn":43,"Oddly Smooth Stone":29,"Snake Skull":40,"PreservedInsect":45,"Ginger":25,"Question Card":37,"White Beast Statue":47,"OrangePellets":37,"CaptainsWheel":9,"Centennial Puzzle":23,"Anchor":45,"Matryoshka":39,"Bird Faced Urn":47,"Tiny Chest":14,"Bag of Marbles":12,"Black Star":34,"Membership Card":19,"Kunai":26,"FossilizedHelix":7,"Ring of the Serpent":17,"Ring of the Snake":0,"Meat on the Bone":2},{"Pear":19,"Gremlin Horn":20,"Oddly Smooth Stone":14,"Snake Skull":19,"PreservedInsect":21,"Ginger":12,"Question Card":18,"White Beast Statue":23,"OrangePellets":18,"CaptainsWheel":3,"Centennial Puzzle":10,"Anchor":21,"Matryoshka":18,"Bird Faced Urn":23,"Tiny Chest":6,"Bag of Marbles":4,"Black Star":16,"Membership Card":8,"Kunai":12,"FossilizedHelix":3,"Ring of the Serpent":7,"Ring of the Snake":0,"Meat on the Bone":1},{"Pear":115,"Gremlin Horn":119,"Oddly Smooth Stone":77,"Snake Skull":115,"PreservedInsect":123,"Ginger":65,"Question Card":102,"White Beast Statue":135,"OrangePellets":102,"CaptainsWheel":18,"Centennial Puzzle":53,"Anchor":123,"Matryoshka":102,"Bird Faced Urn":135,"Tiny Chest":33,"Bag of Marbles":25,"Black Star":94,"Membership Card":46,"Kunai":65,"FossilizedHelix":18,"Ring of the Serpent":42,"Ring of the Snake":0,"Meat on the Bone":5}],"Meat on the Bone":96},"card_choices":[{"not_picked":["Dodge and Roll","Masterful Stab"],"picked":"Flying Knee","floor":1},{"not_picked":["Infinite Blades","Reflex"],"picked":"Footwork","floor":3},{"not_picked":["Prepared","Slice"],"picked":"Glass Knife","floor":7},{"not_picked":["Finisher","Concentrate"],"picked":"Dodge and Roll","floor":12},{"not_picked":["Dodge and Roll","Masterful Stab"],"picked":"Deadly Poison","floor":13},{"not_picked":["Concentrate","Infinite Blades","Choke"],"picked":"SKIP","floor":14},{"not_picked":["Bullet Time","Adrenaline"],"picked":"Corpse Explosion","floor":16},{"not_picked":["Skewer","Endless Agony+1"],"picked":"Footwork","floor":18},{"not_picked":["Poisoned Stab","Setup","Skewer"],"picked":"SKIP","floor":20},{"not_picked":["Dagger Throw","Backflip+1"],"picked":"Burst","floor":23},{"not_picked":["Expertise","Slice","Underhanded Strike"],"picked":"SKIP","floor":24},{"not_picked":["Dodge and Roll","Outmaneuver","Heel Hook"],"picked":"SKIP","floor":25},{"not_picked":["Flying Knee","Predator"],"picked":"Crippling Poison","floor":28},{"not_picked":["Deadly Poison","Eviscerate"],"picked":"Dodge and Roll+1","floor":29},{"not_picked":["Flying Knee","Choke","Setup"],"picked":"SKIP","floor":31},{"not_picked":["Adrenaline","After Image"],"picked":"Bullet Time","floor":33},{"not_picked":["Terror","Sucker Punch+1","Flying Knee"],"picked":"SKIP","floor":35},{"not_picked":["Footwork","Heel Hook+1"],"picked":"Acrobatics","floor":36},{"not_picked":["Predator","Cloak And Dagger","Well Laid Plans"],"picked":"Catalyst","floor":40},{"not_picked":["Poisoned Stab","Finisher+1","Dagger Throw"],"picked":"PiercingWail","floor":41},{"not_picked":["Slice+1","Flechettes+1","Dagger Spray","Phantasmal Killer"],"picked":"SKIP","floor":45},{"not_picked":["Concentrate","Crippling Poison","Sucker Punch","Tactician+1"],"picked":"SKIP","floor":46},{"not_picked":["Acrobatics","Bane+1","Underhanded Strike+1","Slice"],"picked":"SKIP","floor":47}],"player_experience":2981236,"relics_obtained":[{"floor":7,"key":"FossilizedHelix"},{"floor":9,"key":"CaptainsWheel"},{"floor":12,"key":"Bag of Marbles"},{"floor":14,"key":"Tiny Chest"},{"floor":23,"key":"Centennial Puzzle"},{"floor":25,"key":"Ginger"},{"floor":26,"key":"Kunai"},{"floor":29,"key":"Oddly Smooth Stone"},{"floor":39,"key":"Matryoshka"},{"floor":40,"key":"Pear"},{"floor":40,"key":"Snake Skull"},{"floor":43,"key":"Gremlin Horn"},{"floor":45,"key":"Anchor"},{"floor":45,"key":"PreservedInsect"},{"floor":47,"key":"White Beast Statue"},{"floor":47,"key":"Bird Faced Urn"}],"event_choices":[{"damage_healed":0,"gold_gain":0,"player_choice":"Paid Gold","damage_taken":0,"relics_obtained":["Meat on the Bone"],"max_hp_gain":0,"max_hp_loss":0,"event_name":"WeMeetAgain","floor":2,"gold_loss":51},{"damage_healed":0,"gold_gain":0,"player_choice":"Grow","damage_taken":0,"max_hp_gain":0,"max_hp_loss":0,"event_name":"Living Wall","floor":5,"gold_loss":0,"cards_upgraded":["Noxious Fumes"]},{"damage_healed":0,"gold_gain":0,"player_choice":"0 cards matched","damage_taken":0,"max_hp_gain":0,"max_hp_loss":0,"event_name":"Match and Keep!","floor":10,"gold_loss":0,"cards_obtained":[]},{"damage_healed":0,"gold_gain":0,"cards_transformed":["Strike_G","Strike_G"],"player_choice":"Became Test Subject","damage_taken":0,"max_hp_gain":0,"max_hp_loss":0,"event_name":"Drug Dealer","floor":21,"gold_loss":0,"cards_obtained":["Slice","Acrobatics"]},{"damage_healed":0,"gold_gain":0,"player_choice":"0 cards matched","damage_taken":0,"max_hp_gain":0,"max_hp_loss":0,"event_name":"Match and Keep!","floor":22,"gold_loss":0,"cards_obtained":[]},{"damage_healed":0,"gold_gain":0,"player_choice":"2 cards matched","damage_taken":0,"max_hp_gain":0,"max_hp_loss":0,"event_name":"Match and Keep!","floor":38,"gold_loss":0,"cards_obtained":["Corpse Explosion","Dagger Spray"]},{"damage_healed":0,"gold_gain":0,"player_choice":"Got Potions","damage_taken":0,"max_hp_gain":0,"max_hp_loss":0,"event_name":"Lab","floor":44,"gold_loss":0},{"damage_healed":0,"gold_gain":0,"player_choice":"Embrace Madness","damage_taken":14,"max_hp_gain":0,"max_hp_loss":0,"event_name":"Winding Halls","floor":48,"gold_loss":0,"cards_obtained":["Madness","Madness"]}],"is_beta":false,"boss_relics":[{"not_picked":["HoveringKite","Runic Dome"],"picked":"Ring of the Serpent"},{"not_picked":["SlaversCollar","Tiny House"],"picked":"Black Star"}],"items_purged_floors":[19,37],"is_endless":false,"potions_floor_spawned":[12,14,16,18,24,28,29,33,35,36,41,46],"killed_by":"Time Eater","ascension_level":20}}