{"host":"6gnv7me3tk2udb7q","time":1612205749,"event":{"mods":["BaseMod","Bestiary","Colored Map","Minty Spire (QoL Compilation)"],"gold_per_floor":[109,284,300,300,300,326,345,8,8,43,57,77,89,14,14,111,111,128,95,112,128,128,128,128],"floor_reached":23,"language":"ENG","playtime":1419,"items_purged":["Defend_B"],"score":297,"play_id":"231af9b2-8479-458c-bd95-88d0ca3f7d0a","local_time":"20210201135549","is_ascension_mode":true,"campfire_choices":[{"floor":15,"key":"REST"}],"circlet_count":0,"master_deck":["Strike_B","Strike_B","Strike_B","Defend_B","Zap","Dualcast","Fission+1","Core Surge+1","Rainbow+1","Compile Driver","Undo","Conserve Battery","Steam","Steam","Secret Technique","BootSequence","Chill","Biased Cognition","Double Energy","Heatsinks","Storm","Hologram","Seek","Rebound","Tempest+1","Compile Driver","Redo+1","Melter+1","Decay"],"relics":["Astrolabe","Prayer Wheel","Shuriken","Toy Ornithopter","Torii","Coffee Dripper"],"acts_visited":["Exordium","TheCity"],"potions_floor_usage":[13,16,23,23],"damage_taken":[{"damage":10,"enemies":"Small Slimes","floor":1,"turns":2},{"damage":0,"enemies":"2 Louse","floor":3,"turns":2},{"damage":20,"enemies":"Lagavulin","floor":6,"turns":8},{"damage":0,"enemies":"Jaw Worm","floor":7,"turns":2},{"damage":8,"enemies":"3 Sentries","floor":10,"turns":8},{"damage":0,"enemies":"Blue Slaver","floor":11,"turns":3},{"damage":1,"enemies":"Exordium Wildlife","floor":12,"turns":5},{"damage":0,"enemies":"2 Fungi Beasts","floor":13,"turns":3},{"damage":21,"enemies":"Hexaghost","floor":16,"turns":11},{"damage":17,"enemies":"Shell Parasite","floor":18,"turns":6},{"damage":12,"enemies":"2 Thieves","floor":19,"turns":5},{"damage":1,"enemies":"Snecko","floor":20,"turns":3},{"damage":0,"enemies":"Chosen and Byrds","floor":21,"turns":2},{"damage":40,"enemies":"Gremlin Leader","floor":23,"turns":7}],"seed_played":"9070108110227327982","potions_obtained":[{"floor":10,"key":"Weak Potion"},{"floor":11,"key":"DistilledChaos"},{"floor":13,"key":"Strength Potion"},{"floor":16,"key":"Strength Potion"},{"floor":19,"key":"LiquidBronze"}],"is_trial":false,"path_per_floor":["M","?","M","?","?","E","M","$","T","E","M","M","M","$","R","B",null,"M","M","M","M","?","E"],"character_chosen":"DEFECT","items_purchased":["Toy Ornithopter","Secret Technique"],"campfire_rested":1,"item_purchase_floors":[8,8],"current_hp_per_floor":[58,58,58,33,33,13,13,13,13,5,5,4,9,9,31,15,60,43,31,30,30,30,0,0],"gold":128,"neow_bonus":"BOSS_RELIC","is_daily":false,"chose_seed":false,"campfire_upgraded":0,"win_rate":0.0,"timestamp":1612205749,"path_taken":["M","?","M","?","?","E","M","?","T","E","M","M","?","$","R","BOSS","M","M","M","M","?","E"],"items_purchased_type":["Relic","Card"],"build_version":"2020-12-22","purchased_purges":1,"victory":false,"max_hp_per_floor":[75,75,75,75,75,75,75,75,75,75,75,75,75,75,75,75,75,75,75,75,75,75,75,75],"card_choices":[{"not_picked":["Sweeping Beam","Ball Lightning"],"picked":"Compile Driver","floor":1},{"not_picked":["Gash","Loop"],"picked":"Undo","floor":3},{"not_picked":["FTL","Consume"],"picked":"Conserve Battery","floor":6},{"not_picked":["Hologram","Darkness"],"picked":"Steam","floor":7},{"not_picked":["Leap","Sweeping Beam"],"picked":"Steam","floor":7},{"not_picked":["Hologram","Melter"],"picked":"BootSequence","floor":10},{"not_picked":["Conserve Battery","Redo"],"picked":"Chill","floor":11},{"not_picked":["Genetic Algorithm","Turbo"],"picked":"Biased Cognition","floor":11},{"not_picked":["Conserve Battery","Leap"],"picked":"Double Energy","floor":12},{"not_picked":["Cold Snap","Barrage"],"picked":"Heatsinks","floor":12},{"not_picked":["Loop","Reprogram"],"picked":"Storm","floor":13},{"not_picked":["Rebound","Go for the Eyes"],"picked":"Hologram","floor":13},{"not_picked":["Fission","Hyperbeam"],"picked":"Seek","floor":16},{"not_picked":["Leap","Steam+1"],"picked":"Rebound","floor":18},{"not_picked":["Streamline","Hello World+1","Gash"],"picked":"SKIP","floor":18},{"not_picked":["Fusion","Go for the Eyes+1"],"picked":"Tempest+1","floor":19},{"not_picked":["Double Energy","Leap"],"picked":"Compile Driver","floor":19},{"not_picked":["Auto Shields","Sweeping Beam"],"picked":"Redo+1","floor":20},{"not_picked":["Redo","Turbo+1","Rebound"],"picked":"SKIP","floor":20},{"not_picked":["Fusion","Loop"],"picked":"Melter+1","floor":21},{"not_picked":["Reprogram","All For One","Loop"],"picked":"SKIP","floor":21}],"player_experience":694888,"relics_obtained":[{"floor":6,"key":"Shuriken"},{"floor":10,"key":"Torii"}],"event_choices":[{"damage_healed":0,"gold_gain":175,"player_choice":"AGREE","damage_taken":0,"max_hp_gain":0,"max_hp_loss":0,"event_name":"Liars Game","floor":2,"gold_loss":0,"cards_obtained":["Doubt"]},{"damage_healed":0,"gold_gain":0,"player_choice":"Success","damage_taken":25,"relics_obtained":["Prayer Wheel"],"max_hp_gain":0,"max_hp_loss":0,"event_name":"Scrap Ooze","floor":4,"gold_loss":0},{"cards_removed":["Doubt"],"damage_healed":0,"gold_gain":0,"player_choice":"Forget","damage_taken":0,"max_hp_gain":0,"max_hp_loss":0,"event_name":"Living Wall","floor":5,"gold_loss":0},{"damage_healed":0,"gold_gain":0,"player_choice":"Smashed Altar","damage_taken":0,"max_hp_gain":0,"max_hp_loss":0,"event_name":"Forgotten Altar","floor":22,"gold_loss":0,"cards_obtained":["Decay"]}],"is_beta":false,"boss_relics":[{"not_picked":["Cursed Key","Fusion Hammer"],"picked":"Coffee Dripper"}],"items_purged_floors":[14],"is_endless":false,"potions_floor_spawned":[10,11,13,16,19],"killed_by":"Gremlin Leader","ascension_level":9}}