{"host":"8is2j71l4wmybkoi","time":1612175624,"event":{"mods":["AchievementEnabler","BaseMod","Colored Map","Minty Spire (QoL Compilation)","Rare Cards Sparkle","StSLib","SuperFastMode"],"gold_per_floor":[10,10,10,24,43,70,70,82,106,31,31,54,70,70,70,166,166,190,190,34,34,59,98,112,128,155,155,80,95,95,108,108,203,203,226,226,245,3,28,28,42,73,73,88,108,153,171,180,180,180,180],"floor_reached":50,"language":"KOR","playtime":2434,"items_purged":["Strike_R","Strike_R+1"],"score":1052,"play_id":"eb596b55-53c2-4851-8aa4-af9a89afbf5b","local_time":"20210201193344","is_ascension_mode":true,"campfire_choices":[{"floor":7,"key":"REST"},{"floor":15,"key":"REST"},{"data":"Limit Break","floor":27,"key":"SMITH"},{"data":"Sword Boomerang","floor":32,"key":"SMITH"},{"data":"Apotheosis","floor":40,"key":"SMITH"},{"floor":49,"key":"RECALL"}],"circlet_count":0,"master_deck":["AscendersBane","Defend_R","Defend_R+1","Defend_R","Bash","Clothesline","Inflame","Sword Boomerang+1","Offering","Power Through","Hemokinesis","Limit Break+1","Rupture+1","Battle Trance","True Grit+1","Warcry+1","Bloodletting","Offering","Apotheosis+1","Barricade","Rage","Feel No Pain","Seeing Red+1","Limit Break+1"],"relics":["Burning Blood","Bag of Marbles","Vajra","Strawberry","Potion Belt","Golden Idol","Coffee Dripper","TheAbacus","Meat on the Bone","Happy Flower","Runic Cube","Art of War","CeramicFish"],"acts_visited":["Exordium","TheCity","TheBeyond"],"potions_floor_usage":[16,23,23,23,33,35,41,42,47],"damage_taken":[{"damage":11,"enemies":"Cultist","floor":1,"turns":4},{"damage":14,"enemies":"Jaw Worm","floor":4,"turns":3},{"damage":7,"enemies":"Small Slimes","floor":5,"turns":4},{"damage":29,"enemies":"3 Sentries","floor":6,"turns":10},{"damage":11,"enemies":"Looter","floor":8,"turns":3},{"damage":6,"enemies":"Large Slime","floor":13,"turns":2},{"damage":29,"enemies":"Slime Boss","floor":16,"turns":8},{"damage":8,"enemies":"Chosen","floor":18,"turns":3},{"damage":13,"enemies":"2 Thieves","floor":22,"turns":5},{"damage":47,"enemies":"Slavers","floor":23,"turns":6},{"damage":10,"enemies":"Snecko","floor":24,"turns":3},{"damage":8,"enemies":"Cultist and Chosen","floor":25,"turns":4},{"damage":12,"enemies":"3 Cultists","floor":29,"turns":6},{"damage":17,"enemies":"Shelled Parasite and Fungi","floor":31,"turns":4},{"damage":41,"enemies":"Champ","floor":33,"turns":5},{"damage":13,"enemies":"3 Shapes","floor":35,"turns":2},{"damage":14,"enemies":"Orb Walker","floor":37,"turns":1},{"damage":33,"enemies":"3 Darklings","floor":39,"turns":2},{"damage":20,"enemies":"Maw","floor":41,"turns":2},{"damage":20,"enemies":"Nemesis","floor":42,"turns":1},{"damage":11,"enemies":"4 Shapes","floor":44,"turns":4},{"damage":17,"enemies":"Writhing Mass","floor":45,"turns":2},{"damage":17,"enemies":"Giant Head","floor":46,"turns":1},{"damage":24,"enemies":"Maw","floor":47,"turns":4},{"damage":38,"enemies":"Donu and Deca","floor":50,"turns":4}],"seed_played":"-4200211651310052032","potions_obtained":[{"floor":5,"key":"EssenceOfSteel"},{"floor":8,"key":"SteroidPotion"},{"floor":16,"key":"Energy Potion"},{"floor":18,"key":"Regen Potion"},{"floor":23,"key":"BlessingOfTheForge"},{"floor":24,"key":"SteroidPotion"},{"floor":33,"key":"Fire Potion"},{"floor":35,"key":"Swift Potion"},{"floor":39,"key":"BlessingOfTheForge"},{"floor":44,"key":"Weak Potion"},{"floor":46,"key":"FearPotion"}],"is_trial":false,"path_per_floor":["M","$","?","M","M","E","R","M","T","$","?","T","M","?","R","B",null,"M","?","$","?","M","E","M","M","T","R","?","M","?","M","R","B",null,"M","?","M","$","M","R","M","E","T","M","M","E","M","?","R","B"],"character_chosen":"IRONCLAD","items_purchased":["TheAbacus","Barricade"],"campfire_rested":2,"item_purchase_floors":[20,38],"current_hp_per_floor":[63,63,40,32,31,8,30,25,25,25,14,14,14,14,36,13,59,57,57,57,57,50,24,32,42,42,42,42,48,48,49,49,26,62,55,45,49,49,34,34,32,30,30,37,38,39,33,33,33,0,0],"gold":180,"neow_bonus":"REMOVE_TWO","is_daily":false,"chose_seed":false,"campfire_upgraded":3,"win_rate":0.0,"timestamp":1612175624,"path_taken":["M","?","?","M","M","E","R","M","T","$","?","?","M","?","R","BOSS","M","?","$","?","?","E","M","M","T","R","?","M","?","?","R","BOSS","M","?","M","$","M","R","M","E","T","M","M","E","M","?","R","BOSS"],"items_purchased_type":["Relic","Card"],"build_version":"2020-12-22","purchased_purges":2,"victory":false,"max_hp_per_floor":[75,75,75,75,75,75,75,75,75,75,82,82,82,74,74,74,74,74,74,74,74,74,74,74,74,74,74,74,74,74,74,74,74,74,74,74,74,74,74,74,74,74,74,74,74,74,74,74,74,74,74],"card_choices":[{"not_picked":["Perfected Strike","Intimidate"],"picked":"Clothesline","floor":1},{"not_picked":["Disarm","Evolve"],"picked":"Inflame","floor":4},{"not_picked":["Headbutt","Battle Trance"],"picked":"Sword Boomerang","floor":5},{"not_picked":["Power Through","Sever Soul"],"picked":"Offering","floor":6},{"not_picked":["Wild Strike","Dropkick"],"picked":"Power Through","floor":8},{"not_picked":["Thunderclap","Headbutt"],"picked":"Hemokinesis","floor":13},{"not_picked":["Feed","Fiend Fire"],"picked":"Limit Break","floor":16},{"not_picked":["Armaments","Sword Boomerang","Thunderclap"],"picked":"SKIP","floor":18},{"not_picked":["Disarm","Body Slam"],"picked":"Battle Trance","floor":22},{"not_picked":["Dual Wield","Clothesline"],"picked":"True Grit+1","floor":23},{"not_picked":["True Grit","Havoc+1","Carnage+1"],"picked":"SKIP","floor":24},{"not_picked":["Wild Strike","Spot Weakness"],"picked":"Warcry+1","floor":25},{"not_picked":["Clothesline","Iron Wave","Twin Strike"],"picked":"SKIP","floor":29},{"not_picked":["Body Slam","Sword Boomerang"],"picked":"Bloodletting","floor":31},{"not_picked":["Limit Break","Immolate"],"picked":"Offering","floor":33},{"not_picked":["Infernal Blade+1","Sentinel","Uppercut"],"picked":"SKIP","floor":35},{"not_picked":["Master of Strategy","Magnetism"],"picked":"Apotheosis","floor":36},{"not_picked":["Twin Strike+1","Spot Weakness","Warcry"],"picked":"SKIP","floor":37},{"not_picked":["Anger","Cleave","Flame Barrier"],"picked":"SKIP","floor":39},{"not_picked":["Anger","Cleave","Flame Barrier"],"picked":"SKIP","floor":39},{"not_picked":["Combust","Immolate"],"picked":"Rage","floor":41},{"not_picked":["Sword Boomerang","Cleave","Demon Form"],"picked":"SKIP","floor":42},{"not_picked":["Rage","Flex"],"picked":"Feel No Pain","floor":44},{"not_picked":["Metallicize+1","Cleave","Sword Boomerang+1"],"picked":"SKIP","floor":45},{"not_picked":["Dual Wield+1","Pummel"],"picked":"Seeing Red+1","floor":46},{"not_picked":["Pommel Strike","Feel No Pain","Searing Blow"],"picked":"SKIP","floor":47}],"player_experience":908302,"relics_obtained":[{"floor":6,"key":"Bag of Marbles"},{"floor":9,"key":"Vajra"},{"floor":12,"key":"Potion Belt"},{"floor":23,"key":"Meat on the Bone"},{"floor":26,"key":"Happy Flower"},{"floor":42,"key":"Art of War"},{"floor":46,"key":"CeramicFish"}],"event_choices":[{"damage_healed":0,"gold_gain":0,"player_choice":"Entered Light","damage_taken":23,"max_hp_gain":0,"max_hp_loss":0,"event_name":"Shining Light","floor":3,"gold_loss":0,"cards_upgraded":["Defend_R","Strike_R"]},{"damage_healed":0,"gold_gain":0,"player_choice":"Success","damage_taken":18,"relics_obtained":["Strawberry"],"max_hp_gain":0,"max_hp_loss":0,"event_name":"Scrap Ooze","floor":11,"gold_loss":0},{"damage_healed":0,"gold_gain":0,"player_choice":"Lose Max HP","damage_taken":0,"relics_obtained":["Golden Idol"],"max_hp_gain":0,"max_hp_loss":8,"event_name":"Golden Idol","floor":14,"gold_loss":0},{"cards_removed":["Strike_R"],"damage_healed":0,"gold_gain":0,"player_choice":"Elegance","damage_taken":0,"max_hp_gain":0,"max_hp_loss":0,"event_name":"Back to Basics","floor":19,"gold_loss":0},{"damage_healed":0,"gold_gain":0,"player_choice":"Read","damage_taken":0,"max_hp_gain":0,"max_hp_loss":0,"event_name":"The Library","floor":21,"gold_loss":0,"cards_obtained":["Rupture"]},{"cards_removed":["Defend_R"],"damage_healed":0,"gold_gain":0,"player_choice":"Gave Gold","damage_taken":0,"max_hp_gain":0,"max_hp_loss":0,"event_name":"Beggar","floor":28,"gold_loss":75},{"damage_healed":0,"gold_gain":0,"player_choice":"Upgraded","damage_taken":0,"max_hp_gain":0,"max_hp_loss":0,"event_name":"Upgrade Shrine","floor":30,"gold_loss":0,"cards_upgraded":["Rupture"]},{"damage_healed":0,"gold_gain":0,"player_choice":"Memory 3","damage_taken":10,"max_hp_gain":0,"max_hp_loss":0,"event_name":"SensoryStone","floor":36,"gold_loss":0},{"damage_healed":0,"gold_gain":0,"player_choice":"Copied","damage_taken":0,"max_hp_gain":0,"max_hp_loss":0,"event_name":"Duplicator","floor":48,"gold_loss":0,"cards_obtained":["Limit Break"]}],"is_beta":false,"boss_relics":[{"not_picked":["Astrolabe","Busted Crown"],"picked":"Coffee Dripper"},{"not_picked":["Snecko Eye","Black Blood"],"picked":"Runic Cube"}],"items_purged_floors":[10,38],"is_endless":false,"potions_floor_spawned":[5,8,16,18,23,24,33,35,39,44,46],"killed_by":"Donu and Deca","ascension_level":15}}