{"host":"80x1ozqd5wpd4nvo","time":1612207440,"event":{"mods":["2.2 Compatiblity","Aspiration","BaseMod","Better Altar","Better Match","Better Note","Better Sensory Stone","Better Skull","Better Third Choice","BetterRewards","CCEM2","Card Forge","Custom Start","DNKmod","Dark Map","Defuse TimeMaze Blight","Dota2Spire","Energized Spire","Friendly Minions","GifTheSpireLib","Hubris","Infinite Spire","Minty Spire (QoL Compilation)","Permanent Neow","Poor People Problems","Shop Mod","Spicy Shops","StS++","StSLib","The Blue Laboratory","Warlord Emblem","??????REMEMod"],"gold_per_floor":[1213,1183,1203,1217,1228,1262,1262,1289,1289,864,909,928,941,952,952,1056,1006,1023,734,734,750,769,785,884,884,884,884,913,828,828,839,839,941,941,957,976,976,1026,1039,1039,1054,1071,1071,1168,1168,1188,1204,1229,1229,1229,1229,1229,826,855,935],"floor_reached":56,"language":"ENG","playtime":8163,"items_purged":[],"score":1367,"play_id":"b02efc6a-f5e7-4614-8e66-d0e3cdf1001e","local_time":"20210201202400","is_ascension_mode":false,"campfire_choices":[{"data":"WarlordEmblem:RuneRegen","floor":15.0,"key":"SMITH"},{"data":"WarlordEmblem:DarkSimulation","floor":25,"key":"SMITH"},{"data":"WarlordEmblem:BloodStrike","floor":27,"key":"SMITH"},{"data":"WarlordEmblem:RuneHeavyStrike","floor":32,"key":"SMITH"},{"data":"infinitespire:SevenWalls","floor":40,"key":"SMITH"},{"floor":49,"key":"RECALL"},{"data":"WarlordEmblem:BloodSacrifice","floor":52,"key":"SMITH"}],"circlet_count":0,"master_deck":["WarlordEmblem:RuneDefend","WarlordEmblem:RuneHeavyStrike+1","WarlordEmblem:RuneMultiplex","WarlordEmblem:WinterHorn","WarlordEmblem:DeathContract+1","WarlordEmblem:RuneBlade","WarlordEmblem:BloodMask","WarlordEmblem:VoidStrike","WarlordEmblem:BoneShield","WarlordEmblem:BodyStrike","Mind Blast+1","WarlordEmblem:UltimateCold","Flash of Steel+1","WarlordEmblem:RuneRegen+1","REME_WheelOfFate+1","WarlordEmblem:HungeringCold","WarlordEmblem:WillOfTheNecropolis","WarlordEmblem:UndeadWill","WarlordEmblem:BloodStrike+1","WarlordEmblem:Potential","WarlordEmblem:BloodSacrifice+1","WarlordEmblem:Execute","WarlordEmblem:FrozenTouch","WarlordEmblem:DarkSimulation+1","WarlordEmblem:DeathStrike","WarlordEmblem:Hanging","WarlordEmblem:RuneMultiplex","WarlordEmblem:DeathContract","WarlordEmblem:EvilEager","WarlordEmblem:FrozenChain","WarlordEmblem:WinterHorn","WarlordEmblem:Potential","WarlordEmblem:FrozenHeart","WarlordEmblem:RuneInspire","WarlordEmblem:VoidDefend+1","infinitespire:SevenWalls+1","WarlordEmblem:AntiMagicShield+1","WarlordEmblem:EvilSee","WarlordEmblem:ForceDeflexion","WarlordEmblem:HeartOfDeath","WarlordEmblem:DeathGateway+1","Finesse","WarlordEmblem:UndeadWill+1"],"relics":["WarlordEmblem:RuneSword","WarlordEmblem:BloodRealm","Hammer of Thor","Seething Fire","Anvil of the Gods","REME_ComplimentaryCards","StSpp:SailorCap","CCEMRelics:FestiveHat","CCEMRelics:Pendulum","Membership Card","infinitespire:EmpoweringShard","CCEMRelics:SpiritsEdge","Dota2Spire:MaskOfMadness","energizedSpire:HugeHouse","Nunchaku","CCEMRelics:HeirloomTomato","Dota2Spire:PhaseBoots","hubris:Metronome","WarlordEmblem:DeathArmy","CCEMRelics:PocketTank","Pandora\u0027s Box","SlaversCollar","Blood Vial","WarlordEmblem:EvilRealm","StSpp:Monolith","Medical Kit","Dota2Spire:ArcaneBoots","CCEMRelics:WrappedPresent","aspiration:TomeofQuesting","CCEMRelics:PowerPill","Oddly Smooth Stone","FossilizedHelix","hubris:CuriousFeather"],"acts_visited":["Exordium","TheCity","TheBeyond","TheEnding"],"potions_floor_usage":[21,28,33,41,48,50,55,55],"damage_taken":[{"damage":0.0,"enemies":"Small Slimes","floor":1.0,"turns":2.0},{"damage":0.0,"enemies":"Cultist","floor":3.0,"turns":3.0},{"damage":3.0,"enemies":"infinitespire:Voidling","floor":4.0,"turns":3.0},{"damage":1.0,"enemies":"Exordium Wildlife","floor":5.0,"turns":4.0},{"damage":23.0,"enemies":"Gremlin Nob","floor":6.0,"turns":5.0},{"damage":14.0,"enemies":"3 Sentries","floor":8.0,"turns":6.0},{"damage":5.0,"enemies":"Exordium Thugs","floor":12.0,"turns":3.0},{"damage":0.0,"enemies":"Lots of Slimes","floor":13.0,"turns":3.0},{"damage":0.0,"enemies":"Red Slaver","floor":14.0,"turns":1.0},{"damage":0.0,"enemies":"Slime Boss","floor":16.0,"turns":4.0},{"damage":3.0,"enemies":"3 Byrds","floor":18.0,"turns":4.0},{"damage":49,"enemies":"Chosen","floor":21,"turns":11},{"damage":20,"enemies":"Centurion and Healer","floor":22,"turns":3},{"damage":32,"enemies":"Snake Plant","floor":23,"turns":5},{"damage":10,"enemies":"Cultist and Chosen","floor":24,"turns":5},{"damage":14,"enemies":"REME_1_Revenger","floor":28,"turns":3},{"damage":1,"enemies":"Snecko","floor":31,"turns":3},{"damage":81,"enemies":"Automaton","floor":33,"turns":7},{"damage":13,"enemies":"3 Darklings","floor":35,"turns":4},{"damage":12,"enemies":"3 Shapes","floor":36,"turns":4},{"damage":0,"enemies":"Mind Bloom Boss Battle","floor":38,"turns":5},{"damage":7,"enemies":"Transient","floor":39,"turns":5},{"damage":53,"enemies":"Sphere and 2 Shapes","floor":41,"turns":6},{"damage":0,"enemies":"4 Shapes","floor":42,"turns":5},{"damage":14,"enemies":"3 Darklings","floor":44,"turns":4},{"damage":25,"enemies":"Jaw Worm Horde","floor":46,"turns":5},{"damage":13,"enemies":"Maw","floor":47,"turns":5},{"damage":14,"enemies":"Giant Head","floor":48,"turns":5},{"damage":34,"enemies":"Donu and Deca","floor":50,"turns":8},{"damage":29,"enemies":"Shield and Spear","floor":54,"turns":5},{"damage":75,"enemies":"The Heart","floor":55,"turns":8}],"seed_played":"-3230491164296449977","potions_obtained":[{"floor":1.0,"key":"blueLaboratory:HeartbeatPotion"},{"floor":2.0,"key":"WarlordEmblem:RealmPotion"},{"floor":2.0,"key":"blueLaboratory:TrueEctoplasm"},{"floor":6.0,"key":"blueLaboratory:BottledHope"},{"floor":12.0,"key":"Block Potion"},{"floor":21,"key":"SteroidPotion"},{"floor":23,"key":"Energy Potion"},{"floor":24,"key":"blueLaboratory:PhilterOfMotion"},{"floor":35,"key":"blueLaboratory:SavagePotion"},{"floor":36,"key":"Energy Potion"},{"floor":42,"key":"SkillPotion"}],"is_trial":false,"path_per_floor":["M","?","M","M","M","E","?","E","T","$","T","M","M","M","R","B",null,"M","$","?","M","M","M","M","R","T","R","E","?","?","M","R","B",null,"M","M","AVR","?","M","R","M","M","T","M","?","M","M","E","R","B",null,"R","$","E","B",null],"character_chosen":"DeathKnight","items_purchased":["Membership Card","infinitespire:EmpoweringShard","CCEMRelics:SpiritsEdge","WarlordEmblem:BoneShield","WarlordEmblem:RuneRegen","WarlordEmblem:BodyStrike","CCEMRelics:HeirloomTomato","Dota2Spire:PhaseBoots","WarlordEmblem:BloodStrike","WarlordEmblem:Potential","WarlordEmblem:BloodSacrifice","Medical Kit","Dota2Spire:ArcaneBoots","CCEMRelics:WrappedPresent","aspiration:TomeofQuesting","Finesse","CCEMRelics:PowerPill","Dota2Spire:HealingSalve"],"campfire_rested":0,"item_purchase_floors":[10,10,10,10,10,10,19,19,19,19,19,53,53,53,53,53,53,53],"current_hp_per_floor":[100,100,100,99,100,79,79,76,76,76,76,71,82,82,82,85,104,103,108,108,75,60,47,61,61,61,61,69,69,69,100,100,55,125,117,123,123,128,131,131,84,120,120,115,115,124,144,145,145,148,148,148,148,151,104],"gold":935,"neow_bonus":"ONE_RANDOM_RARE_CARD","is_daily":false,"chose_seed":false,"campfire_upgraded":6,"win_rate":0.0,"timestamp":1612207440,"path_taken":["M","?","?","?","M","E","?","E","T","$","?","?","M","M","R","BOSS","M","$","?","M","M","M","M","R","T","R","E","?","?","?","R","BOSS","M","M","AVR","?","M","R","M","M","T","M","?","M","?","E","R","BOSS","R","$","E","BOSS"],"items_purchased_type":["Relic","Relic","Relic","Card","Card","Card","Relic","Relic","Card","Card","Card","Relic","Relic","Relic","Relic","Card","Relic","Potion"],"build_version":"2020-12-22","purchased_purges":0,"victory":true,"max_hp_per_floor":[100,100,100,101,102,103,103,105,105,105,105,105,107,107,107,109,104,106,111,111,113,115,117,119,119,119,119,121,121,121,123,123,125,125,125,125,125,128,131,131,134,136,136,139,139,141,144,145,145,148,148,148,148,151,153],"card_choices":[{"not_picked":["WarlordEmblem:CurseStrike","WarlordEmblem:BloodSacrifice"],"picked":"WarlordEmblem:WinterHorn","floor":1.0},{"not_picked":["WarlordEmblem:RuneMelter","WarlordEmblem:VoidDefend"],"picked":"WarlordEmblem:DeathContract","floor":3.0},{"not_picked":["WarlordEmblem:WinterHorn","WarlordEmblem:RuneFocus","WarlordEmblem:RuneRecast"],"picked":"SKIP","floor":4.0},{"not_picked":["WarlordEmblem:RuneExplode","WarlordEmblem:VoidStrike"],"picked":"WarlordEmblem:RuneBlade","floor":5.0},{"not_picked":["WarlordEmblem:DeathWither","WarlordEmblem:RuneRecover"],"picked":"WarlordEmblem:BloodMask","floor":6.0},{"not_picked":["WarlordEmblem:EvilStrike","WarlordEmblem:WinterHorn"],"picked":"WarlordEmblem:VoidStrike","floor":8.0},{"not_picked":["Purity+1","Master of Strategy+1"],"picked":"Mind Blast+1","floor":12.0},{"not_picked":["WarlordEmblem:WindStrike","WarlordEmblem:WinterHorn"],"picked":"WarlordEmblem:UltimateCold","floor":12.0},{"not_picked":["StSpp:Panic+1","hubris:Insight+1"],"picked":"Flash of Steel+1","floor":13.0},{"not_picked":["WarlordEmblem:CurseStrike","WarlordEmblem:WrathOfSindragosa"],"picked":"WarlordEmblem:RuneRegen","floor":13.0},{"not_picked":["Discovery+1","Sadistic Nature+1"],"picked":"REME_WheelOfFate+1","floor":14.0},{"not_picked":["WarlordEmblem:FrozenDeath","WarlordEmblem:DeathStrike"],"picked":"WarlordEmblem:RuneRegen","floor":14.0},{"not_picked":["WarlordEmblem:RuneIndex","WarlordEmblem:CurseBlade"],"picked":"WarlordEmblem:HungeringCold","floor":16.0},{"not_picked":["WarlordEmblem:BlackCommand+1","WarlordEmblem:DeathCoil+1"],"picked":"WarlordEmblem:UndeadWill","floor":18.0},{"not_picked":["WarlordEmblem:DiseaseCloud+1","WarlordEmblem:Infect"],"picked":"WarlordEmblem:Execute","floor":21},{"not_picked":["WarlordEmblem:VoidStrike","WarlordEmblem:FrostbiteStrike+1","WarlordEmblem:EvilWorm"],"picked":"SKIP","floor":22},{"not_picked":["WarlordEmblem:Withstand","WarlordEmblem:HeartStrike"],"picked":"WarlordEmblem:FrozenTouch","floor":23},{"not_picked":["WarlordEmblem:FrostbiteStrike","WarlordEmblem:WillOfTheNecropolis"],"picked":"WarlordEmblem:DarkSimulation","floor":24},{"not_picked":["WarlordEmblem:RuneBlade","WarlordEmblem:EvilEager","WarlordEmblem:FrostbiteStrike+1"],"picked":"SKIP","floor":28},{"not_picked":["WarlordEmblem:UltimateCold","WarlordEmblem:DeathCoil","WarlordEmblem:FrostbiteStrike"],"picked":"SKIP","floor":31},{"not_picked":["WarlordEmblem:FrozenHeart","WarlordEmblem:HungeringCold"],"picked":"WarlordEmblem:Hanging","floor":33},{"not_picked":["WarlordEmblem:DeathCoil","WarlordEmblem:RuneDiffer"],"picked":"WarlordEmblem:RuneInspire","floor":35},{"not_picked":["WarlordEmblem:DeathCoil","WarlordEmblem:BodyStrike+1"],"picked":"WarlordEmblem:VoidDefend+1","floor":36},{"not_picked":["WarlordEmblem:CurseStrike","WarlordEmblem:DarkSimulation+1"],"picked":"WarlordEmblem:AntiMagicShield+1","floor":38},{"not_picked":["WarlordEmblem:WrathOfSindragosa+1","WarlordEmblem:RuneBlade","WarlordEmblem:BodyStrike"],"picked":"SKIP","floor":39},{"not_picked":["WarlordEmblem:RuneBlade+1","WarlordEmblem:CurseStrike+1"],"picked":"WarlordEmblem:EvilSee","floor":41},{"not_picked":["WarlordEmblem:Potential+1","WarlordEmblem:Execute+1","WarlordEmblem:RuneFocus+1"],"picked":"SKIP","floor":42},{"not_picked":["WarlordEmblem:DeathStrike","WarlordEmblem:Execute+1"],"picked":"WarlordEmblem:ForceDeflexion","floor":44},{"not_picked":["WarlordEmblem:VoidStrike","WarlordEmblem:ForceDeflexion","WarlordEmblem:EvilSee"],"picked":"SKIP","floor":46},{"not_picked":["WarlordEmblem:BloodMask","WarlordEmblem:DeathGateway+1"],"picked":"WarlordEmblem:HeartOfDeath","floor":47},{"not_picked":["WarlordEmblem:DeathCoil+1","WarlordEmblem:RuneFocus+1"],"picked":"WarlordEmblem:DeathGateway+1","floor":48},{"not_picked":["WarlordEmblem:DiseaseCloud+1","WarlordEmblem:WindStrike"],"picked":"WarlordEmblem:UndeadWill+1","floor":54}],"player_experience":288372,"relics_obtained":[{"floor":6.0,"key":"StSpp:SailorCap"},{"floor":8.0,"key":"CCEMRelics:FestiveHat"},{"floor":9.0,"key":"CCEMRelics:Pendulum"},{"floor":11.0,"key":"Dota2Spire:MaskOfMadness"},{"floor":26,"key":"hubris:Metronome"},{"floor":28,"key":"WarlordEmblem:DeathArmy"},{"floor":38,"key":"WarlordEmblem:EvilRealm"},{"floor":48,"key":"StSpp:Monolith"},{"floor":53,"key":"Oddly Smooth Stone"},{"floor":53,"key":"FossilizedHelix"},{"floor":54,"key":"hubris:CuriousFeather"}],"event_choices":[{"damage_healed":0.0,"max_hp_gain":0.0,"max_hp_loss":0.0,"gold_gain":0.0,"event_name":"The Woman in Blue","player_choice":"Bought 2 Potions","floor":2.0,"gold_loss":0.0,"damage_taken":0.0},{"damage_healed":0.0,"max_hp_gain":0.0,"max_hp_loss":0.0,"gold_gain":0.0,"event_name":"Accursed Blacksmith","player_choice":"Forge","floor":7.0,"gold_loss":0.0,"damage_taken":0.0,"cards_upgraded":["WarlordEmblem:DeathContract"]},{"cards_removed":["WarlordEmblem:RuneStrike"],"damage_healed":0,"gold_gain":0,"player_choice":"Give","damage_taken":0,"max_hp_gain":0,"max_hp_loss":0,"event_name":"betterNote:BetterNote","floor":20,"gold_loss":0,"cards_obtained":["None"]},{"damage_healed":0,"gold_gain":0,"player_choice":"Obtained Relic","damage_taken":0,"relics_obtained":["CCEMRelics:PocketTank"],"max_hp_gain":0,"max_hp_loss":0,"event_name":"Addict","floor":29,"gold_loss":85},{"damage_healed":0,"gold_gain":0,"cards_transformed":["WarlordEmblem:RuneStrike"],"player_choice":"Transformed","damage_taken":0,"max_hp_gain":0,"max_hp_loss":0,"event_name":"Transmorgrifier","floor":30,"gold_loss":0,"cards_obtained":["WarlordEmblem:DeathStrike"]},{"damage_healed":0,"gold_gain":0,"player_choice":"Fight","damage_taken":0,"max_hp_gain":0,"max_hp_loss":0,"event_name":"MindBloom","floor":38,"gold_loss":0},{"cards_removed":["WarlordEmblem:RuneRegen"],"damage_healed":0,"gold_gain":0,"player_choice":"Purged","damage_taken":0,"max_hp_gain":0,"max_hp_loss":0,"event_name":"Purifier","floor":45,"gold_loss":0}],"is_beta":false,"boss_relics":[{"not_picked":["energizedSpire:EnergizedDie","CCEMRelics:ReaperScythe"],"picked":"energizedSpire:HugeHouse"},{"not_picked":["Coffee Dripper","aspiration:DefectSkillbook"],"picked":"Pandora\u0027s Box"}],"items_purged_floors":[],"is_endless":false,"potions_floor_spawned":[1,6,12,13,14,16,21,22,23,24,35,36,38,42,44],"ascension_level":0}}