{"host":"ypzb5vvnu9f3ii1t","time":1612188733,"event":{"mods":["AchievementEnabler","BaseMod","Colored Map","DeckTracker","Keyboard Shortcuts","Minty Spire (QoL Compilation)","Permanent Neow","Quick Restart","SuperFastMode"],"gold_per_floor":[113,113,113,136,159,159,179,210,237,237,287,287,310,325,325,451,451,475,68,91,16,291,291,316,316,370,370,370,385,404,435,435,560,560,574,96,96,111,111,146,49,84,107,107,130,130,143,159,159,159,159,159,21,21,21],"floor_reached":54,"language":"KOR","playtime":1993,"items_purged":["Carnage","Regret","Madness"],"score":962,"play_id":"dc316b01-8284-4f4a-a289-7f39cecda0bc","local_time":"20210201231213","is_ascension_mode":true,"campfire_choices":[{"data":"Metallicize","floor":6.0,"key":"SMITH"},{"floor":10.0,"key":"REST"},{"floor":15.0,"key":"REST"},{"data":"Apotheosis","floor":23.0,"key":"SMITH"},{"data":"Rupture","floor":25.0,"key":"SMITH"},{"data":"Offering","floor":32.0,"key":"SMITH"},{"floor":46.0,"key":"RECALL"},{"floor":49.0,"key":"REST"},{"floor":52.0,"key":"REST"}],"circlet_count":0,"master_deck":["Bash","Brutality","Metallicize+1","Flex","Offering+1","Perfected Strike","Cleave","Rupture+1","Armaments","Inflame","Twin Strike","Bloodletting","Bloodletting","Reaper","Apotheosis+1","Exhume","Pommel Strike+1","Dark Embrace","Barricade","Inflame","Brutality","Madness","Pommel Strike","Shrug It Off+1","Demon Form"],"relics":["Burning Blood","Golden Idol","Bronze Scales","Bag of Marbles","Ancient Tea Set","Red Skull","Pandora\u0027s Box","Centennial Puzzle","Toy Ornithopter","Fusion Hammer","Torii","Smiling Mask","Vajra"],"acts_visited":["Exordium","TheCity","TheBeyond","TheEnding"],"potions_floor_usage":[54],"damage_taken":[{"damage":9.0,"enemies":"2 Louse","floor":1.0,"turns":4.0},{"damage":0.0,"enemies":"Jaw Worm","floor":4.0,"turns":1.0},{"damage":0.0,"enemies":"Small Slimes","floor":7.0,"turns":4.0},{"damage":49.0,"enemies":"Gremlin Nob","floor":8.0,"turns":5.0},{"damage":6.0,"enemies":"Red Slaver","floor":13.0,"turns":2.0},{"damage":5.0,"enemies":"2 Fungi Beasts","floor":14.0,"turns":2.0},{"damage":9.0,"enemies":"Slime Boss","floor":16.0,"turns":4.0},{"damage":31.0,"enemies":"3 Byrds","floor":18.0,"turns":3.0},{"damage":24.0,"enemies":"Chosen","floor":20.0,"turns":2.0},{"damage":21.0,"enemies":"Snake Plant","floor":24.0,"turns":2.0},{"damage":26.0,"enemies":"Centurion and Healer","floor":29.0,"turns":2.0},{"damage":34.0,"enemies":"Cultist and Chosen","floor":30.0,"turns":2.0},{"damage":26.0,"enemies":"Gremlin Leader","floor":31.0,"turns":3.0},{"damage":52.0,"enemies":"Collector","floor":33.0,"turns":3.0},{"damage":61.0,"enemies":"3 Shapes","floor":35.0,"turns":3.0},{"damage":23.0,"enemies":"3 Darklings","floor":38.0,"turns":2.0},{"damage":29.0,"enemies":"Giant Head","floor":40.0,"turns":3.0},{"damage":44.0,"enemies":"Reptomancer","floor":42.0,"turns":2.0},{"damage":31.0,"enemies":"Jaw Worm Horde","floor":45.0,"turns":2.0},{"damage":27.0,"enemies":"Writhing Mass","floor":47.0,"turns":2.0},{"damage":14.0,"enemies":"Sphere and 2 Shapes","floor":48.0,"turns":4.0},{"damage":84.0,"enemies":"Time Eater","floor":50.0,"turns":5.0},{"damage":125,"enemies":"Shield and Spear","floor":54,"turns":3}],"seed_played":"-6290076645404066271","potions_obtained":[{"floor":1.0,"key":"AttackPotion"},{"floor":4.0,"key":"DistilledChaos"},{"floor":13.0,"key":"DistilledChaos"},{"floor":14.0,"key":"ColorlessPotion"},{"floor":20.0,"key":"Strength Potion"},{"floor":31.0,"key":"SteroidPotion"},{"floor":33.0,"key":"Weak Potion"},{"floor":45.0,"key":"AttackPotion"},{"floor":47.0,"key":"ColorlessPotion"}],"is_trial":false,"path_per_floor":["M","?","$","M","T","R","M","E","T","R","T","?","M","M","R","B",null,"M","$","M","?","?","R","M","R","T","?","?","M","M","E","R","B",null,"M","$","?","M","?","E","$","E","T","?","M","R","M","M","R","B",null,"R","$","E"],"character_chosen":"IRONCLAD","items_purchased":["Apotheosis","Exhume","Torii","DistilledChaos","Pommel Strike","Demon Form"],"campfire_rested":4,"item_purchase_floors":[19,19,36,36,41,53],"current_hp_per_floor":[77,57,57,63,63,63,69,26,26,50,50,50,50,51,75,72,80,64,64,77,77,77,77,62,62,62,62,62,77,67,80,80,80,80,61,61,51,80,80,80,80,80,80,80,55,55,60,52,76,31,80,80,80,0,0],"gold":21,"neow_bonus":"ONE_RANDOM_RARE_CARD","is_daily":false,"chose_seed":false,"campfire_upgraded":4,"win_rate":0.0,"timestamp":1612188733,"path_taken":["M","?","$","M","?","R","M","E","T","R","?","?","M","M","R","BOSS","M","$","M","?","?","R","?","R","T","?","?","M","M","E","R","BOSS","M","$","?","M","?","E","?","E","T","?","M","R","?","M","R","BOSS","R","$","E"],"items_purchased_type":["Card","Card","Relic","Potion","Card","Card"],"build_version":"2020-12-22","purchased_purges":3,"victory":false,"max_hp_per_floor":[80,80,80,80,80,80,80,80,80,80,80,80,80,80,80,80,80,80,80,80,80,80,80,80,80,80,80,80,80,80,80,80,80,80,80,80,80,80,80,80,80,80,80,80,80,80,80,80,80,80,80,80,80,80,80],"card_choices":[{"not_picked":["Burning Pact","Iron Wave"],"picked":"Metallicize","floor":1.0},{"not_picked":["Dark Embrace","Anger","Body Slam"],"picked":"SKIP","floor":4.0},{"not_picked":["Clothesline","Intimidate","Burning Pact"],"picked":"SKIP","floor":7.0},{"not_picked":["Sword Boomerang","Thunderclap","Flame Barrier"],"picked":"SKIP","floor":8.0},{"not_picked":["Feel No Pain","Warcry"],"picked":"Perfected Strike","floor":13.0},{"not_picked":["Shrug It Off","Whirlwind"],"picked":"Cleave","floor":14.0},{"not_picked":["Anger","Carnage","Cleave"],"picked":"SKIP","floor":18.0},{"not_picked":["Pommel Strike+1","Twin Strike","Thunderclap"],"picked":"SKIP","floor":20.0},{"not_picked":["Twin Strike","Thunderclap"],"picked":"Pommel Strike+1","floor":20.0},{"not_picked":["Second Wind","Dropkick"],"picked":"Dark Embrace","floor":24.0},{"not_picked":["Wild Strike","Iron Wave+1","Flame Barrier"],"picked":"SKIP","floor":29.0},{"not_picked":["Feel No Pain","Armaments"],"picked":"Barricade","floor":30.0},{"not_picked":["Second Wind","Armaments"],"picked":"Inflame","floor":31.0},{"not_picked":["Impervious","Reaper"],"picked":"Brutality","floor":33.0},{"not_picked":["Second Wind+1","Rage+1","Warcry"],"picked":"SKIP","floor":35.0},{"not_picked":["Pommel Strike","Clash+1","True Grit"],"picked":"SKIP","floor":38.0},{"not_picked":["Wild Strike+1","Twin Strike+1","Clothesline+1"],"picked":"SKIP","floor":40.0},{"not_picked":["Immolate","Anger","Fiend Fire"],"picked":"SKIP","floor":42.0},{"not_picked":["Iron Wave+1","Pommel Strike+1","Sword Boomerang+1"],"picked":"SKIP","floor":45.0},{"not_picked":["Iron Wave+1","Pommel Strike+1","Sword Boomerang+1"],"picked":"SKIP","floor":45.0},{"not_picked":["True Grit","Sword Boomerang+1","Cleave+1"],"picked":"SKIP","floor":47.0},{"not_picked":["Wild Strike","Pommel Strike"],"picked":"Shrug It Off+1","floor":48.0}],"player_experience":157894,"relics_obtained":[{"floor":5.0,"key":"Bronze Scales"},{"floor":8.0,"key":"Bag of Marbles"},{"floor":9.0,"key":"Ancient Tea Set"},{"floor":11.0,"key":"Red Skull"},{"floor":26.0,"key":"Centennial Puzzle"},{"floor":31.0,"key":"Toy Ornithopter"},{"floor":40.0,"key":"Smiling Mask"},{"floor":42.0,"key":"Vajra"}],"event_choices":[{"damage_healed":0.0,"max_hp_gain":0.0,"max_hp_loss":0.0,"gold_gain":0.0,"event_name":"Golden Idol","player_choice":"Take Damage","floor":2.0,"gold_loss":0.0,"damage_taken":20.0,"relics_obtained":["Golden Idol"]},{"damage_healed":0.0,"max_hp_gain":0.0,"max_hp_loss":0.0,"gold_gain":0.0,"event_name":"Match and Keep!","player_choice":"2 cards matched","floor":12.0,"gold_loss":0.0,"damage_taken":0.0,"cards_obtained":["Flex","Offering"]},{"cards_removed":["Armaments"],"damage_healed":0.0,"max_hp_gain":0.0,"max_hp_loss":0.0,"gold_gain":0.0,"event_name":"Beggar","player_choice":"Gave Gold","floor":21.0,"gold_loss":75.0,"damage_taken":0.0},{"damage_healed":0.0,"max_hp_gain":0.0,"max_hp_loss":0.0,"gold_gain":275.0,"event_name":"Golden Shrine","player_choice":"Desecrate","floor":22.0,"gold_loss":0.0,"damage_taken":0.0,"cards_obtained":["Regret"]},{"damage_healed":0.0,"max_hp_gain":0.0,"max_hp_loss":0.0,"gold_gain":0.0,"event_name":"Vampires","player_choice":"Ignored","floor":27.0,"gold_loss":0.0,"damage_taken":0.0},{"damage_healed":0.0,"max_hp_gain":0.0,"max_hp_loss":0.0,"gold_gain":0.0,"event_name":"Ghosts","player_choice":"Ignored","floor":28.0,"gold_loss":0.0,"damage_taken":0.0},{"damage_healed":0.0,"max_hp_gain":0.0,"max_hp_loss":0.0,"gold_gain":0.0,"event_name":"Winding Halls","player_choice":"Embrace Madness","floor":37.0,"gold_loss":0.0,"damage_taken":10.0,"cards_obtained":["Madness","Madness"]},{"damage_healed":0.0,"max_hp_gain":0.0,"max_hp_loss":0.0,"gold_gain":0.0,"event_name":"Tomb of Lord Red Mask","player_choice":"Ignored","floor":39.0,"gold_loss":0.0,"damage_taken":0.0},{"damage_healed":0.0,"max_hp_gain":0.0,"max_hp_loss":0.0,"gold_gain":0.0,"event_name":"WeMeetAgain","player_choice":"Ignored","floor":44.0,"gold_loss":0.0,"damage_taken":0.0}],"is_beta":false,"boss_relics":[{"not_picked":["Velvet Choker","Empty Cage"],"picked":"Pandora\u0027s Box"},{"not_picked":["Busted Crown","Runic Pyramid"],"picked":"Fusion Hammer"}],"items_purged_floors":[19,36,41],"is_endless":false,"potions_floor_spawned":[1,4,13,14,20,31,33,40,45,47],"killed_by":"Shield and Spear","ascension_level":3}}