{"host":"9zznonz1olisd4fd","time":1612192006,"event":{"mods":["BaseMod","Keyboard Shortcuts","Minty Spire (QoL Compilation)","StSLib","SuperFastMode"],"gold_per_floor":[116,45,59,77,32,32,32,66,115,142,67,78,3,3,3,3,3],"floor_reached":16,"language":"KOR","playtime":535,"items_purged":["Strike_R"],"score":192,"play_id":"98e66e67-d2be-474f-b309-94370d718bbc","local_time":"20210202000646","is_ascension_mode":true,"campfire_choices":[{"data":"Bash","floor":6.0,"key":"SMITH"},{"data":"Armaments","floor":15.0,"key":"SMITH"}],"circlet_count":0,"master_deck":["AscendersBane","Strike_R","Strike_R","Strike_R","Defend_R+1","Defend_R","Defend_R","Defend_R+1","Bash+1","Evolve","Shrug It Off","Armaments+1","Sever Soul","Wild Strike"],"relics":["Burning Blood","War Paint","Omamori","Bag of Preparation","Mango"],"acts_visited":["Exordium"],"potions_floor_usage":[16],"damage_taken":[{"damage":8.0,"enemies":"Jaw Worm","floor":1.0,"turns":5.0},{"damage":8.0,"enemies":"Cultist","floor":3.0,"turns":5.0},{"damage":6.0,"enemies":"2 Louse","floor":4.0,"turns":3.0},{"damage":27.0,"enemies":"Gremlin Nob","floor":8.0,"turns":4.0},{"damage":22.0,"enemies":"3 Sentries","floor":10.0,"turns":11.0},{"damage":9.0,"enemies":"Exordium Wildlife","floor":12.0,"turns":4.0},{"damage":69,"enemies":"Hexaghost","floor":16,"turns":14}],"seed_played":"-7718410685998637878","potions_obtained":[{"floor":1.0,"key":"Regen Potion"},{"floor":3.0,"key":"Swift Potion"}],"is_trial":false,"path_per_floor":["M","?","M","M","$","R","?","E","T","E","$","M","$","?","R","B"],"character_chosen":"IRONCLAD","items_purchased":["Shrug It Off","Sever Soul"],"campfire_rested":0,"item_purchase_floors":[5,11],"current_hp_per_floor":[70,70,68,68,68,68,73,52,52,65,65,62,62,62,62,0,0],"gold":3,"neow_bonus":"REMOVE_CARD","is_daily":false,"chose_seed":false,"campfire_upgraded":2,"win_rate":0.0,"timestamp":1612192006,"path_taken":["M","?","?","?","?","R","?","E","T","E","?","?","$","?","R","BOSS"],"items_purchased_type":["Card","Card"],"build_version":"2020-12-22","purchased_purges":1,"victory":false,"max_hp_per_floor":[80,80,80,80,80,80,85,85,85,99,99,99,99,99,99,99,99],"card_choices":[{"not_picked":["True Grit","Thunderclap"],"picked":"Evolve","floor":1.0},{"not_picked":["Sentinel","Anger","Fire Breathing"],"picked":"SKIP","floor":3.0},{"not_picked":["Heavy Blade","Perfected Strike","Havoc"],"picked":"SKIP","floor":4.0},{"not_picked":["Flame Barrier","Body Slam","Anger"],"picked":"SKIP","floor":8.0},{"not_picked":["Uppercut","Spot Weakness"],"picked":"Armaments","floor":10.0},{"not_picked":["Clash","Sword Boomerang"],"picked":"Wild Strike","floor":12.0}],"player_experience":529371,"relics_obtained":[{"floor":8.0,"key":"Omamori"},{"floor":9.0,"key":"Bag of Preparation"},{"floor":10.0,"key":"Mango"}],"event_choices":[{"damage_healed":0.0,"max_hp_gain":0.0,"max_hp_loss":0.0,"gold_gain":0.0,"event_name":"WeMeetAgain","player_choice":"Paid Gold","floor":2.0,"gold_loss":71.0,"damage_taken":0.0,"relics_obtained":["War Paint"]},{"damage_healed":0.0,"max_hp_gain":5.0,"max_hp_loss":0.0,"gold_gain":0.0,"event_name":"Big Fish","player_choice":"Donut","floor":7.0,"gold_loss":0.0,"damage_taken":0.0},{"damage_healed":0.0,"max_hp_gain":0.0,"max_hp_loss":0.0,"gold_gain":0.0,"event_name":"Wheel of Change","player_choice":"Cursed","floor":14.0,"gold_loss":0.0,"damage_taken":0.0,"cards_obtained":["Decay"]}],"is_beta":false,"boss_relics":[],"items_purged_floors":[13],"is_endless":false,"potions_floor_spawned":[1,3],"killed_by":"Hexaghost","ascension_level":11}}