{"host":"zjc1tzo4ovig5lll","time":1612199699,"event":{"mods":["AchievementEnabler","Aspiration","BaseMod","Beaked The Cultist","Better Altar","Better Match","Better Note","Better Sensory Stone","Colored Map","Colored Powertips","Conspire","Energized Spire","Friendly Minions","GifTheSpireLib","Halation","Hermit","Hubris","Minty Spire (QoL Compilation)","Rare Cards Sparkle","Replay The Spire","StSLib","The Blue Laboratory","The Bug Knight","The Construct","The Jungle","everything is the same but u backflip on backflip"],"gold_per_floor":[16,16,16,27,43,72,92,7,59,59,79,79,79,96,96,193,243,168,192,192,90,100,100,100],"floor_reached":23,"language":"ENG","playtime":1037,"items_purged":[],"score":189,"play_id":"a27b7083-456d-4cf8-8375-7020b7420338","local_time":"20210201191459","is_ascension_mode":false,"campfire_choices":[{"floor":12.0,"key":"REST"},{"data":"beaked:AwakenedForm","floor":15.0,"key":"SMITH"}],"circlet_count":0,"master_deck":["beaked:Strike_Y+1","beaked:Strike_Y","beaked:Strike_Y","beaked:Defend_Y","beaked:Defend_Y","beaked:Defend_Y","beaked:Defend_Y","beaked:Ceremony","beaked:Ceremony","beaked:Ceremony","beaked:AwakenedForm+1","Good Instincts+1","Grand Finale","Poisoned Stab","Finisher","beaked:Daydream","beaked:ScreechingChant","Replay:ManipulateFuture+1","beaked:Insight","beaked:TuckingFeathers"],"relics":["beaked:MendingPlumage","aspiration:HiddenCompartment","Tiny Chest","Tiny House"],"acts_visited":["Exordium","TheCity"],"potions_floor_usage":[23,23,23],"damage_taken":[{"damage":7.0,"enemies":"Small Slimes","floor":1.0,"turns":5.0},{"damage":11.0,"enemies":"2 Louse","floor":4.0,"turns":3.0},{"damage":3.0,"enemies":"Cultist","floor":5.0,"turns":5.0},{"damage":41.0,"enemies":"Lagavulin","floor":6.0,"turns":9.0},{"damage":12.0,"enemies":"Looter","floor":7.0,"turns":4.0},{"damage":14.0,"enemies":"Exordium Thugs","floor":11.0,"turns":6.0},{"damage":24.0,"enemies":"Large Slime","floor":14.0,"turns":9.0},{"damage":66.0,"enemies":"Slime Boss","floor":16.0,"turns":18.0},{"damage":32.0,"enemies":"2 Thieves","floor":18.0,"turns":5.0},{"damage":41.0,"enemies":"3 Byrds","floor":22.0,"turns":6.0},{"damage":68,"enemies":"Gremlin Leader","floor":23,"turns":6}],"seed_played":"1740439821839345131","potions_obtained":[{"floor":1.0,"key":"Regen Potion"},{"floor":3.0,"key":"LifebloodPotion"},{"floor":4.0,"key":"Block Potion"}],"is_trial":false,"path_per_floor":["M","?","?","M","M","E","M","$","T","?","M","R","?","M","R","B",null,"M","T","?","$","M","E"],"character_chosen":"BEAKED_THE_CULTIST","items_purchased":["Good Instincts","beaked:Insight","beaked:TuckingFeathers"],"campfire_rested":1,"item_purchase_floors":[8,21,21],"current_hp_per_floor":[48,48,48,43,50,23,22,22,22,22,26,41,41,42,42,31,55,36,36,36,36,24,0,0],"gold":100,"neow_bonus":"THREE_RARE_CARDS","is_daily":false,"chose_seed":false,"campfire_upgraded":1,"win_rate":0.0,"timestamp":1612199699,"path_taken":["M","?","?","M","M","E","?","$","T","?","M","R","?","?","R","BOSS","M","?","?","$","?","E"],"items_purchased_type":["Card","Card","Card"],"build_version":"2020-12-22","purchased_purges":0,"victory":false,"max_hp_per_floor":[50,50,50,50,50,50,50,50,50,50,50,50,50,50,50,50,55,55,55,55,55,55,55,55],"card_choices":[{"not_picked":["beaked:CheekyTricks","beaked:DarkPact"],"picked":"beaked:AwakenedForm","floor":0.0},{"not_picked":["beaked:Overexert","beaked:Brace","beaked:Windmill"],"picked":"SKIP","floor":1.0},{"not_picked":["beaked:WarriorEssence","beaked:Replenish","beaked:MaddeningMurmurs"],"picked":"SKIP","floor":4.0},{"not_picked":["beaked:DigDeep","beaked:Tweet","beaked:Poke"],"picked":"SKIP","floor":5.0},{"not_picked":["beaked:Caw","beaked:Tweet","ReplayTheSpireMod:Prepare the Ceremony"],"picked":"SKIP","floor":6.0},{"not_picked":["beaked:BraceForImpact","beaked:Windmill","beaked:Mantra"],"picked":"SKIP","floor":7.0},{"not_picked":["beaked:WindBringer","beaked:Evade","beaked:MimicWarrior"],"picked":"SKIP","floor":11.0},{"not_picked":["beaked:TuckingFeathers","beaked:Devastation"],"picked":"beaked:Daydream","floor":14.0},{"not_picked":["beaked:SacrificialScars","beaked:Brainwash"],"picked":"beaked:ScreechingChant","floor":16.0},{"not_picked":["beaked:Tweet","beaked:FeelMyPain","beaked:BraceForImpact"],"picked":"SKIP","floor":18.0},{"not_picked":["beaked:WarriorEssence","beaked:DigDeep+1","beaked:Tweet"],"picked":"SKIP","floor":22.0}],"player_experience":664407,"relics_obtained":[{"floor":6.0,"key":"aspiration:HiddenCompartment"},{"floor":9.0,"key":"Tiny Chest"}],"event_choices":[{"damage_healed":0.0,"max_hp_gain":0.0,"max_hp_loss":0.0,"gold_gain":0.0,"event_name":"conspire:Investor","player_choice":"Leave","floor":2.0,"gold_loss":0.0,"damage_taken":0.0},{"damage_healed":0.0,"max_hp_gain":0.0,"max_hp_loss":0.0,"gold_gain":0.0,"event_name":"Lab","player_choice":"Got Potions","floor":3.0,"gold_loss":0.0,"damage_taken":0.0},{"damage_healed":0.0,"max_hp_gain":0.0,"max_hp_loss":0.0,"gold_gain":0.0,"event_name":"Living Wall","player_choice":"Grow","floor":10.0,"gold_loss":0.0,"damage_taken":0.0,"cards_upgraded":["Good Instincts"]},{"cards_removed":["beaked:AwakenedForm"],"damage_healed":0.0,"max_hp_gain":0.0,"max_hp_loss":0.0,"gold_gain":0.0,"event_name":"betterNote:BetterNote","player_choice":"Take \u0026 Give","floor":20.0,"gold_loss":0.0,"damage_taken":0.0,"cards_obtained":["Replay:ManipulateFuture"]}],"is_beta":false,"boss_relics":[{"not_picked":["Ring of Chaos","halation:PlatinumPhoenix"],"picked":"Tiny House"}],"items_purged_floors":[],"is_endless":false,"potions_floor_spawned":[1,4,6,11,16,22],"killed_by":"Gremlin Leader","ascension_level":0}}