{"host":"j7tpamyhezsnbvlp","time":1612216110,"event":{"mods":["BaseMod","Minty Spire (QoL Compilation)","StSLib","The Marked"],"gold_per_floor":[118,128,144,163,238,238,270,43,43,58,89,105,105,130,130,225,225,237,255,274,84,97,129,129,129,153,153,153],"floor_reached":27,"language":"ENG","playtime":1422,"items_purged":["theMarked:Strike"],"score":255,"play_id":"f87ba560-ef07-4988-abd5-d3c55666e42b","local_time":"20210201224830","is_ascension_mode":false,"campfire_choices":[{"data":"theMarked:Toughness","floor":6,"key":"SMITH"},{"data":"theMarked:ThrowWeapon","floor":13,"key":"SMITH"},{"data":"theMarked:GodGivenPower","floor":15,"key":"SMITH"},{"data":"theMarked:ThrowWeapon","floor":24,"key":"SMITH"}],"circlet_count":0,"master_deck":["theMarked:Strike","theMarked:Strike","theMarked:Strike","theMarked:Strike","theMarked:Defend","theMarked:Defend","theMarked:Defend","theMarked:Defend","theMarked:SoldierOfQuellstein","theMarked:HeightenedSenses","theMarked:ChainLightning","theMarked:AttractMetal","theMarked:Toughness+1","theMarked:ThrowWeapon+1","theMarked:GodGivenPower+1","theMarked:StartUp","theMarked:MagusForm","CurseOfTheBell","theMarked:ThrowWeapon+1","theMarked:TwofoldDefense+1","theMarked:GodGivenPower","theMarked:WardOff+1","Writhe"],"relics":["theMarked:ArtifactOfAir","NeowsBlessing","Singing Bowl","Chemical X","Meat on the Bone","Letter Opener","theMarked:Gun","Calling Bell","Art of War","Matryoshka","StoneCalendar","Lantern","Blue Candle","theMarked:NailFile","Centennial Puzzle","Toy Ornithopter"],"acts_visited":["Exordium","TheCity"],"potions_floor_usage":[23],"damage_taken":[{"damage":0,"enemies":"2 Louse","floor":1,"turns":1},{"damage":0,"enemies":"Cultist","floor":2,"turns":1},{"damage":0,"enemies":"Jaw Worm","floor":3,"turns":1},{"damage":5,"enemies":"Lots of Slimes","floor":4,"turns":4},{"damage":25,"enemies":"Gremlin Nob","floor":7,"turns":4},{"damage":0,"enemies":"3 Louse","floor":10,"turns":3},{"damage":10,"enemies":"3 Sentries","floor":11,"turns":7},{"damage":0,"enemies":"2 Fungi Beasts","floor":12,"turns":3},{"damage":6,"enemies":"Lagavulin","floor":14,"turns":5},{"damage":13,"enemies":"Hexaghost","floor":16,"turns":8},{"damage":10,"enemies":"Shell Parasite","floor":18,"turns":5},{"damage":0,"enemies":"Spheric Guardian","floor":19,"turns":3},{"damage":28,"enemies":"Shelled Parasite and Fungi","floor":20,"turns":4},{"damage":26,"enemies":"Chosen and Byrds","floor":22,"turns":5},{"damage":25,"enemies":"Slavers","floor":23,"turns":7},{"damage":28,"enemies":"Gremlin Leader","floor":27,"turns":2}],"seed_played":"-7513459203533919358","potions_obtained":[{"floor":1,"key":"EntropicBrew"},{"floor":2,"key":"Dexterity Potion"},{"floor":7,"key":"GamblersBrew"},{"floor":14,"key":"Energy Potion"},{"floor":18,"key":"DuplicationPotion"},{"floor":20,"key":"SkillPotion"},{"floor":23,"key":"GamblersBrew"}],"is_trial":false,"path_per_floor":["M","M","M","M","?","R","E","$","T","M","E","M","R","E","R","B",null,"M","M","M","$","M","E","R","?","T","E"],"character_chosen":"THE_DEFAULT","items_purchased":["Chemical X","Lantern","theMarked:GodGivenPower"],"campfire_rested":0,"item_purchase_floors":[8,21,21],"current_hp_per_floor":[70,70,70,65,58,58,33,33,33,45,47,49,49,45,45,44,74,66,66,50,50,36,25,25,25,25,0,0],"gold":153,"neow_bonus":"THREE_ENEMY_KILL","is_daily":false,"chose_seed":false,"campfire_upgraded":4,"win_rate":0.0,"timestamp":1612216110,"path_taken":["M","M","M","M","?","R","E","$","T","M","E","M","R","E","R","BOSS","M","M","M","$","?","E","R","?","T","E"],"items_purchased_type":["Relic","Relic","Card"],"build_version":"2020-12-22","purchased_purges":1,"victory":false,"max_hp_per_floor":[70,70,70,70,70,70,70,70,70,70,70,72,72,74,74,74,74,76,76,76,76,76,78,78,78,78,78,78],"card_choices":[{"not_picked":["theMarked:Convert","theMarked:SwordAndMagic"],"picked":"theMarked:HeightenedSenses","floor":1},{"not_picked":["theMarked:WardOff","theMarked:LightningStrikesTwice"],"picked":"theMarked:ChainLightning","floor":2},{"not_picked":["theMarked:BanishingStrike","theMarked:TakeCover"],"picked":"theMarked:AttractMetal","floor":3},{"not_picked":["theMarked:SwordAndMagic","theMarked:ElectricStrings"],"picked":"theMarked:Toughness","floor":4},{"not_picked":["theMarked:TheMission","theMarked:WardOff"],"picked":"theMarked:ThrowWeapon","floor":7},{"not_picked":["theMarked:BanishingStrike","theMarked:TunnelVision"],"picked":"theMarked:GodGivenPower","floor":10},{"not_picked":["theMarked:Improvise","theMarked:Aftermath"],"picked":"theMarked:StartUp","floor":11},{"not_picked":["theMarked:Parkour","theMarked:ChainLightning","theMarked:Frustration"],"picked":"Singing Bowl","floor":12},{"not_picked":["theMarked:RepellingDischarge","theMarked:SwordAndMagic","theMarked:ElectricStrings"],"picked":"Singing Bowl","floor":14},{"not_picked":["theMarked:FavorableWinds","theMarked:Defy"],"picked":"theMarked:MagusForm","floor":16},{"not_picked":["theMarked:WastefulAttack+1","theMarked:Frustration","theMarked:SelfDefenseTraining"],"picked":"Singing Bowl","floor":18},{"not_picked":["theMarked:WastefulAttack","theMarked:TwofoldDefense"],"picked":"theMarked:ThrowWeapon","floor":19},{"not_picked":["theMarked:Heritage+1","theMarked:Frustration"],"picked":"theMarked:TwofoldDefense+1","floor":20},{"not_picked":["theMarked:TunnelVision","theMarked:SelfDefenseTraining"],"picked":"theMarked:WardOff+1","floor":22},{"not_picked":["theMarked:ComboAttacks+1","theMarked:Memento","theMarked:Parkour+1"],"picked":"Singing Bowl","floor":23}],"player_experience":729291,"relics_obtained":[{"floor":7,"key":"Singing Bowl"},{"floor":9,"key":"Meat on the Bone"},{"floor":11,"key":"Letter Opener"},{"floor":14,"key":"theMarked:Gun"},{"floor":17,"key":"Art of War"},{"floor":17,"key":"Matryoshka"},{"floor":17,"key":"StoneCalendar"},{"floor":23,"key":"Blue Candle"},{"floor":26,"key":"Centennial Puzzle"},{"floor":26,"key":"Toy Ornithopter"}],"event_choices":[{"damage_healed":0,"gold_gain":75,"player_choice":"Touch","damage_taken":7,"max_hp_gain":0,"max_hp_loss":0,"event_name":"FaceTrader","floor":5,"gold_loss":0},{"damage_healed":0,"gold_gain":0,"player_choice":"Opened","damage_taken":0,"relics_obtained":["theMarked:NailFile"],"max_hp_gain":0,"max_hp_loss":0,"event_name":"The Mausoleum","floor":25,"gold_loss":0,"cards_obtained":["Writhe"]}],"is_beta":false,"boss_relics":[{"not_picked":["Astrolabe","theMarked:SpiritSword"],"picked":"Calling Bell"}],"items_purged_floors":[8],"is_endless":false,"potions_floor_spawned":[1,2,7,14,18,20,23],"killed_by":"Gremlin Leader","ascension_level":0}}