{"host":"qgvpd00zvzorrg7j","time":1612154828,"event":{"mods":["BaseMod","Colored Map","Downfall","Minty Spire (QoL Compilation)","Quick Restart","StSLib"],"gold_per_floor":[99,99,99,99,99,99,99,99,131,131,131,151,151,176,194,194,194,194],"floor_reached":16,"language":"ENG","playtime":537,"items_purged":[],"score":104,"play_id":"fda120f0-667b-4891-894d-9629660c8476","local_time":"20210131234708","is_ascension_mode":false,"campfire_choices":[{"data":"Slimebound:CorrosiveSpit","floor":1,"key":"SMITH"},{"data":"Slimebound:Schlurp","floor":10,"key":"SMITH"},{"data":"Slimebound:Split","floor":13,"key":"SMITH"}],"circlet_count":0,"master_deck":["Slimebound:Strike_Slimebound","Slimebound:Strike_Slimebound","Slimebound:Tackle","Slimebound:Defend_Slimebound","Slimebound:Defend_Slimebound","Slimebound:Defend_Slimebound","Slimebound:Split+1","Slimebound:CorrosiveSpit+1","Slimebound:HauntingLick","Slimebound:ForwardTackle","Slimebound:ItLooksTasty","Slimebound:Schlurp+1","Slimebound:SamplingLick","Slimebound:SamplingLick","Slimebound:Schlurp","Slimebound:HauntingLick"],"relics":["Slimebound:AbsorbEndCombat","downfall:HeartsMalice","Pen Nib","MealTicket","Pantograph"],"acts_visited":["Exordium"],"potions_floor_usage":[],"damage_taken":[{"damage":0,"enemies":"Jaw Worm","floor":2,"turns":1},{"damage":0,"enemies":"Small Slimes","floor":5,"turns":1},{"damage":0,"enemies":"Cultist","floor":8,"turns":1},{"damage":22,"enemies":"3 Sentries","floor":9,"turns":8},{"damage":6,"enemies":"Lots of Slimes","floor":12,"turns":4},{"damage":12,"enemies":"Lagavulin","floor":14,"turns":5},{"damage":7,"enemies":"Blue Slaver","floor":15,"turns":2},{"damage":64,"enemies":"SI_SHIV_ARCHETYPE","floor":16,"turns":8}],"seed_played":"8246119323573601242","potions_obtained":[{"floor":6,"key":"FairyPotion"},{"floor":6,"key":"Guardian:BlockOnCardUsePotion"},{"floor":6,"key":"DuplicationPotion"},{"floor":15,"key":"Weak Potion"}],"is_trial":false,"path_per_floor":["R","M","?","?","M","?","T","M","E","R","?","M","R","E","M","B"],"character_chosen":"SLIMEBOUND","items_purchased":[],"campfire_rested":0,"item_purchase_floors":[],"current_hp_per_floor":[65,65,65,65,65,65,65,65,49,49,49,51,51,47,42,6,6,6],"gold":194,"neow_bonus":"THREE_ENEMY_KILL","is_daily":false,"chose_seed":false,"campfire_upgraded":3,"win_rate":0.0,"timestamp":1612154828,"path_taken":["R","M","?","?","?","?","T","?","E","R","?","?","R","E","M","BOSS"],"items_purchased_type":[],"build_version":"2020-12-22","purchased_purges":0,"victory":false,"max_hp_per_floor":[65,65,65,65,65,65,65,65,65,65,65,65,65,65,65,65,65,65],"card_choices":[{"not_picked":["Slimebound:LeadByExample","Slimebound:SplitBruiser"],"picked":"Slimebound:HauntingLick","floor":2},{"not_picked":["Slimebound:FlameTackle","Slimebound:LivingWall"],"picked":"Slimebound:ItLooksTasty","floor":5},{"not_picked":["Slimebound:LevelUp","Slimebound:GoopTackle"],"picked":"Slimebound:Schlurp","floor":8},{"not_picked":["Slimebound:Gluttony","Slimebound:SlimeSpikes"],"picked":"Slimebound:SamplingLick","floor":9},{"not_picked":["Slimebound:LivingWall","Slimebound:RainOfGoop"],"picked":"Slimebound:SamplingLick","floor":12},{"not_picked":["Slimebound:SlimeSpikes","Slimebound:Prepare"],"picked":"Slimebound:Schlurp","floor":14},{"not_picked":["Slimebound:SlimeSpikes","Slimebound:Repurpose"],"picked":"Slimebound:HauntingLick","floor":15}],"player_experience":593347,"relics_obtained":[{"floor":7,"key":"Pen Nib"},{"floor":9,"key":"MealTicket"},{"floor":14,"key":"Pantograph"}],"event_choices":[{"damage_healed":0,"gold_gain":0,"player_choice":"Got Potions","damage_taken":0,"max_hp_gain":0,"max_hp_loss":0,"event_name":"Lab","floor":6,"gold_loss":0}],"is_beta":false,"boss_relics":[],"items_purged_floors":[],"is_endless":false,"potions_floor_spawned":[9,14,15],"killed_by":"SI_SHIV_ARCHETYPE","ascension_level":0}}