{"host":"qy1e0kd24tpj3i2m","time":1612212865,"event":{"mods":["Act Like it!","Alarm Clock","BaseMod","Better Skull","Better Vampires","Colored Map","Colored Powertips","Custom Start","Faster Ascension Climbing","Friendly Minions","GifTheSpireLib","Gremlin Skip","Highlight Path","Minty Spire (QoL Compilation)","Permanent Neow","Poor People Problems","Quick Restart","Red Circlet Mod","Relic Filter Mod","Relic Sorter","Reorder Act Four","SacredBarkPlus","Shop Mod","StSLib","SuperFastMode","Transform Curses","没有小屋子和绿帽子啦"],"gold_per_floor":[109,259,184,233,248,248,265,265,288,316,316,147,175,175,175,175,175],"floor_reached":16,"language":"ZHS","playtime":335,"items_purged":["Bash"],"score":196,"play_id":"1896b781-4535-4fb4-b7ee-b00aff12b5fa","local_time":"20210202055425","is_ascension_mode":true,"campfire_choices":[{"data":"Reckless Charge","floor":6.0,"key":"SMITH"},{"floor":8.0,"key":"RECALL"},{"floor":11.0,"key":"REST"},{"data":"Fire Breathing","floor":15,"key":"SMITH"}],"circlet_count":0,"master_deck":["AscendersBane","Strike_R","Strike_R","Strike_R","Strike_R","Strike_R","Defend_R","Defend_R","Defend_R","Defend_R","Reckless Charge+1","Bandage Up+1","Fire Breathing+1"],"relics":["Burning Blood","Juzu Bracelet","Lantern","CeramicFish","Blue Candle"],"acts_visited":["Exordium"],"potions_floor_usage":[13,13],"damage_taken":[{"damage":6.0,"enemies":"Small Slimes","floor":1.0,"turns":4.0},{"damage":2.0,"enemies":"2 Louse","floor":5.0,"turns":3.0},{"damage":2.0,"enemies":"Jaw Worm","floor":7.0,"turns":3.0},{"damage":56.0,"enemies":"Gremlin Nob","floor":10.0,"turns":5.0},{"damage":25,"enemies":"Exordium Wildlife","floor":13,"turns":6},{"damage":53,"enemies":"The Guardian","floor":16,"turns":11}],"seed_played":"1770699398997278592","potions_obtained":[{"floor":7.0,"key":"Regen Potion"},{"floor":10.0,"key":"Swift Potion"}],"is_trial":false,"path_per_floor":["M","?","?","T","M","R","M","R","T","E","R","$","M","?","R","B"],"character_chosen":"IRONCLAD","items_purchased":["Bandage Up"],"campfire_rested":1,"item_purchase_floors":[12],"current_hp_per_floor":[68,68,68,68,72,72,75,75,75,25,47,47,47,47,47,0,0],"gold":175,"neow_bonus":"RANDOM_COMMON_RELIC","is_daily":false,"chose_seed":false,"campfire_upgraded":2,"win_rate":0.0,"timestamp":1612212865,"path_taken":["M","?","?","?","M","R","M","R","T","E","R","$","M","?","R","BOSS"],"items_purchased_type":["Card"],"build_version":"2020-12-22","purchased_purges":1,"victory":false,"max_hp_per_floor":[75,75,75,75,75,75,75,75,75,75,75,75,75,75,75,75,75],"card_choices":[{"not_picked":["True Grit","Shrug It Off"],"picked":"Reckless Charge","floor":1.0},{"not_picked":["Clash","Clothesline","Anger"],"picked":"SKIP","floor":5.0},{"not_picked":["Immolate","Pummel","Flex"],"picked":"SKIP","floor":7.0},{"not_picked":["Clothesline","Disarm","Sword Boomerang"],"picked":"SKIP","floor":10.0},{"not_picked":["Whirlwind","Thunderclap"],"picked":"Fire Breathing","floor":13}],"player_experience":974148,"relics_obtained":[{"floor":4.0,"key":"Lantern"},{"floor":9.0,"key":"CeramicFish"},{"floor":10.0,"key":"Blue Candle"}],"event_choices":[{"damage_healed":0.0,"max_hp_gain":0.0,"max_hp_loss":0.0,"gold_gain":150.0,"event_name":"Liars Game","player_choice":"AGREE","floor":2.0,"gold_loss":0.0,"damage_taken":0.0,"cards_obtained":["Doubt"]},{"cards_removed":["Doubt"],"damage_healed":0.0,"max_hp_gain":0.0,"max_hp_loss":0.0,"gold_gain":0.0,"event_name":"The Cleric","player_choice":"Card Removal","floor":3.0,"gold_loss":75.0,"damage_taken":0.0},{"damage_healed":0,"gold_gain":0,"player_choice":"Forge","damage_taken":0,"max_hp_gain":0,"max_hp_loss":0,"event_name":"Accursed Blacksmith","floor":14,"gold_loss":0,"cards_upgraded":["Bandage Up"]}],"is_beta":false,"boss_relics":[],"items_purged_floors":[12],"is_endless":false,"potions_floor_spawned":[7,10],"killed_by":"The Guardian","ascension_level":20}}