{"host":"wqy4mrhfanukbt26","time":1612213708,"event":{"mods":["AchievementEnabler","Act Like it!","BaseMod","Bestiary","BetterRewards","Card Forge","Colored Powertips","Friendly Minions","Gensokyo","Minty Spire (QoL Compilation)","Rare Cards Sparkle","Relic Stats","Shop Mod","StSLib","The Hierophant"],"gold_per_floor":[143,188,240,240,320,422,184,265,265,341,302,378,449,477,477,567,567,612,676,676,676],"floor_reached":20,"language":"ZHS","playtime":3101,"items_purged":[],"score":242,"play_id":"fee7dce6-29a9-4f8b-bcbb-0d1313ee5dba","local_time":"20210202050828","is_ascension_mode":false,"campfire_choices":[{"floor":15,"key":"RECALL"}],"circlet_count":0,"master_deck":["hierophant:Strike_Hierophant","hierophant:Defend_Hierophant","hierophant:Defend_Hierophant","hierophant:Defend_Hierophant","hierophant:ChurchCoffers+1","hierophant:Doubloon+1","hierophant:Doubloon+1","hierophant:CursedGold+1","HandOfGreed+1","hierophant:RepressedViolence+1","hierophant:Doubloon+1","hierophant:Charity+1","hierophant:RustyCrate+1","hierophant:Doubloon+1","hierophant:Doubloon+1","hierophant:Doubloon+1","hierophant:ConvertCurrency+1","hierophant:Doubloon+1","hierophant:Determination","hierophant:Alms"],"relics":["hierophant:PropheticMaskRelic","Hammer of Thor","Seething Fire","Anvil of the Gods","ClockworkSouvenir","Oddly Smooth Stone","WingedGreaves","Mummified Hand","Dead Branch","Shuriken","Unceasing Top","Coffee Dripper"],"acts_visited":["Exordium","TheCity"],"potions_floor_usage":[],"damage_taken":[{"damage":0,"enemies":"Small Slimes","floor":1,"turns":2},{"damage":0,"enemies":"Cultist","floor":2,"turns":3},{"damage":5,"enemies":"Jaw Worm","floor":3,"turns":4},{"damage":4,"enemies":"Large Slime","floor":5,"turns":5},{"damage":12,"enemies":"3 Sentries","floor":6,"turns":9},{"damage":1,"enemies":"Exordium Thugs","floor":8,"turns":5},{"damage":5,"enemies":"Gremlin Gang","floor":10,"turns":3},{"damage":1,"enemies":"Lagavulin","floor":11,"turns":2},{"damage":0,"enemies":"Looter","floor":12,"turns":2},{"damage":0,"enemies":"3 Louse","floor":13,"turns":1},{"damage":0,"enemies":"Blue Slaver","floor":14,"turns":2},{"damage":0,"enemies":"Slime Boss","floor":16,"turns":4},{"damage":0,"enemies":"Chosen","floor":18,"turns":3},{"damage":24,"enemies":"Shell Parasite","floor":19,"turns":4},{"damage":0,"enemies":"Chosen and Byrds","floor":20,"turns":1}],"seed_played":"1078864066472950913","potions_obtained":[{"floor":3,"key":"PowerPotion"},{"floor":5,"key":"SmokeBomb"},{"floor":11,"key":"ColorlessPotion"},{"floor":19,"key":"AttackPotion"}],"is_trial":false,"path_per_floor":["M","M","M","?","M","E","$","M","T","M","E","M","M","M","R","B",null,"M","M","M"],"character_chosen":"HIEROPHANT","items_purchased":["ClockworkSouvenir","Oddly Smooth Stone","Mummified Hand","Shuriken"],"campfire_rested":0,"item_purchase_floors":[0,0,0,7],"current_hp_per_floor":[75,75,70,70,66,54,54,53,53,48,47,47,47,47,47,47,75,75,51,51,51],"gold":676,"neow_bonus":"","is_daily":false,"chose_seed":false,"campfire_upgraded":0,"win_rate":0.0,"timestamp":1612213708,"path_taken":["M","M","M","?","?","E","$","M","T","M","E","M","?","M","R","BOSS","M","M","M"],"items_purchased_type":["Relic","Relic","Relic","Relic"],"build_version":"2020-12-22","purchased_purges":0,"victory":false,"max_hp_per_floor":[75,75,75,75,75,75,75,75,75,75,75,75,75,75,75,75,75,75,75,75,75],"relic_stats":{"counters":[15,50],"Mummified Hand":[34],"Shuriken":[8],"Dead Branch":[76],"obtain_stats":[{"Anvil of the Gods":0,"Mummified Hand":0,"Shuriken":7,"hierophant:PropheticMaskRelic":0,"Dead Branch":6,"Oddly Smooth Stone":0,"Hammer of Thor":0,"WingedGreaves":0,"Coffee Dripper":17,"Seething Fire":0,"Unceasing Top":11,"ClockworkSouvenir":0},{"Anvil of the Gods":0,"Mummified Hand":0,"Shuriken":5,"hierophant:PropheticMaskRelic":0,"Dead Branch":5,"Oddly Smooth Stone":0,"Hammer of Thor":0,"WingedGreaves":0,"Coffee Dripper":12,"Seething Fire":0,"Unceasing Top":8,"ClockworkSouvenir":0},{"Anvil of the Gods":0,"Mummified Hand":0,"Shuriken":23,"hierophant:PropheticMaskRelic":0,"Dead Branch":23,"Oddly Smooth Stone":0,"Hammer of Thor":0,"WingedGreaves":0,"Coffee Dripper":42,"Seething Fire":0,"Unceasing Top":33,"ClockworkSouvenir":0}],"Unceasing Top":[9]},"card_choices":[{"not_picked":["hierophant:ThreeLashes","hierophant:DisplayOfPower"],"picked":"hierophant:Doubloon","floor":1},{"not_picked":["hierophant:PristineSoul","hierophant:Smite"],"picked":"hierophant:OrnateJavelin","floor":2},{"not_picked":["hierophant:SealAway","hierophant:Remorse"],"picked":"hierophant:CursedGold","floor":3},{"not_picked":["hierophant:HammerAndAnvil","hierophant:DeathKnell","hierophant:Remorse"],"picked":"SKIP","floor":5},{"not_picked":["hierophant:PassingBell","hierophant:MorningPrayer"],"picked":"hierophant:RepressedViolence","floor":6},{"not_picked":["hierophant:DivineIntervention","hierophant:Remorse"],"picked":"hierophant:Charity","floor":8},{"not_picked":["hierophant:PristineSoul","hierophant:ThreeLashes"],"picked":"hierophant:RustyCrate","floor":10},{"not_picked":["hierophant:Chorus","hierophant:Smite"],"picked":"hierophant:ConvertCurrency","floor":11},{"not_picked":["hierophant:LocustPlague","hierophant:Remorse"],"picked":"hierophant:Doubloon","floor":12},{"not_picked":["hierophant:AuricBeam","hierophant:HammerAndAnvil","hierophant:Empathy"],"picked":"SKIP","floor":13},{"not_picked":["hierophant:PassingBell","hierophant:Community","hierophant:Glossolalia"],"picked":"SKIP","floor":14},{"not_picked":["hierophant:Batter","hierophant:BulkyChest"],"picked":"hierophant:Determination","floor":16},{"not_picked":["hierophant:ThreeLashes","hierophant:FaithHealing"],"picked":"hierophant:Alms","floor":18},{"not_picked":["hierophant:EyeForCoin","hierophant:Embezzle+1","hierophant:Endure"],"picked":"SKIP","floor":19}],"player_experience":268546,"relics_obtained":[{"floor":6,"key":"Dead Branch"},{"floor":11,"key":"Unceasing Top"}],"event_choices":[{"cards_removed":["HandOfGreed"],"damage_healed":0,"gold_gain":0,"player_choice":"Took Card","damage_taken":0,"max_hp_gain":0,"max_hp_loss":0,"event_name":"NoteForYourself","floor":4,"gold_loss":0,"cards_obtained":["Iron Wave"]}],"is_beta":false,"boss_relics":[{"not_picked":["Runic Pyramid","Ectoplasm"],"picked":"Coffee Dripper"}],"items_purged_floors":[],"is_endless":false,"potions_floor_spawned":[3,5,11,13,19],"killed_by":"Chosen and Byrds","ascension_level":0}}