{"host":"k0kjm4m87pwj4phr","time":1612200310,"event":{"mods":["BaseMod","Colored Map","Colored Powertips","Minty Spire (QoL Compilation)","Permanent Neow","Quick Restart","Relic Stats","StSLib","The Blackbeard","óô»ðÖ¸ÄÏ"],"gold_per_floor":[212,231,156,174,189,218,237,271,271,271,271,314,341,370,370,385,385,385],"floor_reached":16,"language":"ZHS","playtime":661,"items_purged":["blackbeard:BlackbeardStrike"],"score":141,"play_id":"fda74ddc-3f69-4989-8b06-996f99a682d9","local_time":"20210202012510","is_ascension_mode":false,"campfire_choices":[{"data":"blackbeard:FinalBarrage","floor":11,"key":"SMITH"},{"floor":15,"key":"RECALL"}],"circlet_count":0,"master_deck":["blackbeard:BlackbeardStrike","blackbeard:BlackbeardStrike","blackbeard:BlackbeardStrike","blackbeard:IntimidatingStrike","blackbeard:BlackbeardDefend","blackbeard:BlackbeardDefend","blackbeard:BlackbeardDefend","blackbeard:BlackbeardDefend","blackbeard:Cutlass","blackbeard:RearmingStrike","blackbeard:TheDrunkenSailor","blackbeard:SwordDance","blackbeard:RemoveScurvy","blackbeard:BuriedTreasure","blackbeard:FinalBarrage+1","blackbeard:PirateEarring"],"relics":["blackbeard:LoadTheCannons","Potion Belt","Meat on the Bone","Gremlin Horn"],"acts_visited":["Exordium"],"potions_floor_usage":[6,6,12,16],"damage_taken":[{"damage":4,"enemies":"2 Louse","floor":1,"turns":2},{"damage":0,"enemies":"Cultist","floor":2,"turns":3},{"damage":0,"enemies":"Small Slimes","floor":4,"turns":2},{"damage":15,"enemies":"Red Slaver","floor":5,"turns":5},{"damage":0,"enemies":"Gremlin Nob","floor":6,"turns":2},{"damage":6,"enemies":"Exordium Wildlife","floor":7,"turns":2},{"damage":11,"enemies":"Blue Slaver","floor":8,"turns":4},{"damage":31,"enemies":"Lagavulin","floor":12,"turns":9},{"damage":0,"enemies":"2 Fungi Beasts","floor":13,"turns":3},{"damage":19,"enemies":"Large Slime","floor":14,"turns":5},{"damage":32,"enemies":"Slime Boss","floor":16,"turns":8}],"seed_played":"-353554274937738616","potions_obtained":[{"floor":1,"key":"AttackPotion"},{"floor":4,"key":"AttackPotion"},{"floor":5,"key":"Dexterity Potion"},{"floor":12,"key":"Weak Potion"}],"is_trial":false,"path_per_floor":["M","M","$","M","M","E","M","M","T","?","R","E","M","M","R","B"],"character_chosen":"BLACKBEARD_CLASS","items_purchased":[],"campfire_rested":0,"item_purchase_floors":[],"current_hp_per_floor":[71,71,71,71,56,56,55,49,49,49,49,35,40,33,33,6,6,6],"gold":385,"neow_bonus":"HUNDRED_GOLD","is_daily":false,"chose_seed":false,"campfire_upgraded":1,"win_rate":0.0,"timestamp":1612200310,"path_taken":["M","M","$","M","M","E","M","M","T","?","R","E","M","?","R","BOSS"],"items_purchased_type":[],"build_version":"2020-12-22","purchased_purges":1,"victory":false,"max_hp_per_floor":[75,75,75,75,75,75,75,75,75,75,75,75,75,75,75,75,75,75],"relic_stats":{"Gremlin Horn":[2,2],"counters":[11,45],"obtain_stats":[{"Potion Belt":6,"Gremlin Horn":12,"blackbeard:LoadTheCannons":0,"Meat on the Bone":9},{"Potion Belt":5,"Gremlin Horn":8,"blackbeard:LoadTheCannons":0,"Meat on the Bone":7},{"Potion Belt":14,"Gremlin Horn":29,"blackbeard:LoadTheCannons":0,"Meat on the Bone":20}],"Meat on the Bone":24},"card_choices":[{"not_picked":["blackbeard:TacticalRetreat","blackbeard:Sharpening"],"picked":"blackbeard:RearmingStrike","floor":1},{"not_picked":["blackbeard:TacticalRetreat","blackbeard:WiseDefense"],"picked":"blackbeard:TheDrunkenSailor","floor":2},{"not_picked":["blackbeard:FieryDefense","blackbeard:Fencing","blackbeard:InfiniteBarrage"],"picked":"SKIP","floor":4},{"not_picked":["blackbeard:FieryDefense","blackbeard:TerrorOfTheSeas"],"picked":"blackbeard:SwordDance","floor":5},{"not_picked":["blackbeard:JollyRoger","blackbeard:Eyepatch"],"picked":"blackbeard:RemoveScurvy","floor":6},{"not_picked":["blackbeard:Shrapnel","blackbeard:CatONineTails"],"picked":"blackbeard:BuriedTreasure","floor":7},{"not_picked":["blackbeard:BeatUp","blackbeard:Dagger"],"picked":"blackbeard:FinalBarrage","floor":8},{"not_picked":["blackbeard:DelayedPain","blackbeard:GoldenDefense","blackbeard:GoldenStrike"],"picked":"SKIP","floor":12},{"not_picked":["blackbeard:SwordDance","blackbeard:Upgrade"],"picked":"blackbeard:PirateEarring","floor":13},{"not_picked":["blackbeard:GoldenDefense","blackbeard:DangerousBlow","blackbeard:WiseDefense"],"picked":"SKIP","floor":14}],"player_experience":443076,"relics_obtained":[{"floor":6,"key":"Potion Belt"},{"floor":9,"key":"Meat on the Bone"},{"floor":12,"key":"Gremlin Horn"}],"event_choices":[{"damage_healed":0,"gold_gain":0,"player_choice":"Ignored","damage_taken":0,"max_hp_gain":0,"max_hp_loss":0,"event_name":"NoteForYourself","floor":10,"gold_loss":0}],"is_beta":false,"boss_relics":[],"items_purged_floors":[3],"is_endless":false,"potions_floor_spawned":[1,4,5,12],"killed_by":"Slime Boss","ascension_level":0}}