{"host":"i9wanet4r0ff4t9y","time":1612189926,"event":{"mods":["2.2 Compatiblity","Act Like it!","BaseMod","Bestiary","Better Altar","Better Match","Better Note","Better Sensory Stone","Better Skull","Better Third Choice","Better Vampires","BetterRewards","CapriCore","Colored Map","Curses Come First","Downfall","Minty Spire (QoL Compilation)","Quick Restart","READ ME - Guardian Mod","READ ME - Snecko Mod","Relic Stats","Reliquary","Say the Spire","Spicy Shops","StSLib","The Disciple","The Gatherer","Waifu the Spire"],"gold_per_floor":[109,120,120,134,147,0,0,12,12,12,44,57,57,104,104,201,201,215,215,230,230,249,276,276,306,306,306,306,306,21,32,32,127,127,147,197,245,263,263,263,290,290,315,346,358,358],"floor_reached":45,"language":"POL","playtime":1311,"items_purged":[],"score":743,"play_id":"158de3c4-341a-47d4-8c0c-173fca77736d","local_time":"20210201153206","is_ascension_mode":true,"campfire_choices":[{"floor":7.0,"key":"REST"},{"floor":13.0,"key":"REST"},{"floor":15.0,"key":"REST"},{"floor":24.0,"key":"REST"},{"floor":29,"key":"REST"},{"data":"Defragment","floor":32,"key":"SMITH"},{"floor":40,"key":"REST"}],"circlet_count":0,"master_deck":["Strike_B","Strike_B","Defend_B","Defend_B","Defend_B","Defend_B","Zap","Dualcast","Hello World","Doom and Gloom","Coolheaded","Steam","Gash","Streamline","Tempest","Undo","Defragment+1","Capacitor","Enlightenment","Sunder","Inflame+1","Immolate","Aggregate","Conserve Battery","Fission","Streamline","White Noise","Sweeping Beam+1","Hyperbeam","Ball Lightning","Decay","Normality"],"relics":["Cracked Core","Bronze Scales","reliquary:PorcupineQuills","reliquary:Bookmark","Ice Cream","Oddly Smooth Stone","reliquary:Knoch","reliquary:JackalopeAntler","MealTicket","Lantern","Nuclear Battery","Spirit Poop","WingedGreaves","reliquary:FeatherDuster","reliquary:Sideboard","Membership Card","Pear","Strawberry","Cursed Key","Peace Pipe","hexamod:Sixitude","reliquary:Boomerang","MawBank"],"acts_visited":["Exordium","TheCity","TheBeyond"],"potions_floor_usage":[33,45],"damage_taken":[{"damage":7.0,"enemies":"Jaw Worm","floor":1.0,"turns":2.0},{"damage":0.0,"enemies":"Cultist","floor":2.0,"turns":3.0},{"damage":8.0,"enemies":"2 Louse","floor":4.0,"turns":2.0},{"damage":0.0,"enemies":"Blue Slaver","floor":5.0,"turns":2.0},{"damage":9.0,"enemies":"Exordium Wildlife","floor":8.0,"turns":5.0},{"damage":9.0,"enemies":"Lagavulin","floor":11.0,"turns":4.0},{"damage":6.0,"enemies":"Red Slaver","floor":12.0,"turns":2.0},{"damage":24.0,"enemies":"The Guardian","floor":16.0,"turns":7.0},{"damage":12.0,"enemies":"Spheric Guardian","floor":18.0,"turns":4.0},{"damage":7.0,"enemies":"Shell Parasite","floor":20.0,"turns":4.0},{"damage":10.0,"enemies":"Snecko","floor":22.0,"turns":4.0},{"damage":14.0,"enemies":"Book of Stabbing","floor":23.0,"turns":4.0},{"damage":19.0,"enemies":"Slavers","floor":25.0,"turns":4.0},{"damage":22,"enemies":"Shelled Parasite and Fungi","floor":31,"turns":5},{"damage":52,"enemies":"Automaton","floor":33,"turns":7},{"damage":18,"enemies":"Orb Walker","floor":35,"turns":2},{"damage":0,"enemies":"Mind Bloom Boss Battle","floor":36,"turns":6},{"damage":27,"enemies":"2 Orb Walkers","floor":37,"turns":3},{"damage":8,"enemies":"3 Shapes","floor":38,"turns":1},{"damage":20,"enemies":"Reptomancer","floor":41,"turns":4},{"damage":44,"enemies":"Transient","floor":44,"turns":5},{"damage":10,"enemies":"4 Shapes","floor":45,"turns":1}],"seed_played":"2197257225248838304","potions_obtained":[{"floor":4.0,"key":"EntropicBrew"},{"floor":8.0,"key":"Explosive Potion"},{"floor":11.0,"key":"DistilledChaos"},{"floor":12.0,"key":"DistilledChaos"},{"floor":23.0,"key":"LiquidMemories"},{"floor":35,"key":"SpeedPotion"}],"is_trial":false,"path_per_floor":["M","M","?","M","M","?","R","M","T","?","E","M","R","T","R","B",null,"M","?","M","?","M","E","R","E","T","?","?","R","$","M","R","B",null,"M","?","?","M","?","R","E","?","T","M","M"],"character_chosen":"DEFECT","items_purchased":["Bronze Scales","reliquary:PorcupineQuills","reliquary:Bookmark","Hello World","Doom and Gloom","Coolheaded","Steam","Gash","Membership Card","Pear","Strawberry"],"campfire_rested":6,"item_purchase_floors":[0,0,0,0,0,0,0,0,30,30,30],"current_hp_per_floor":[28,28,28,20,20,26,48,39,39,16,7,1,23,23,45,21,76,64,64,57,57,47,33,55,36,36,36,36,58,90,68,68,16,93,75,75,48,40,40,67,47,47,47,3,0,0],"gold":358,"neow_bonus":"","is_daily":false,"chose_seed":false,"campfire_upgraded":1,"win_rate":0.0,"timestamp":1612189926,"path_taken":["M","M","?","M","?","?","R","M","T","?","E","M","R","?","R","BOSS","M","?","?","?","M","E","R","E","T","?","?","R","$","?","R","BOSS","M","?","?","M","?","R","E","?","T","M","M"],"items_purchased_type":["Relic","Relic","Relic","Card","Card","Card","Card","Card","Relic","Relic","Relic"],"build_version":"2020-12-22","purchased_purges":0,"victory":false,"max_hp_per_floor":[70,70,70,70,70,76,76,76,76,76,76,76,76,76,76,76,76,76,76,76,76,76,76,76,76,76,76,76,76,93,93,93,93,93,93,93,93,93,93,93,93,93,93,93,93,93],"relic_stats":{"Peace Pipe":0,"counters":[214,792],"Bronze Scales":[225],"MealTicket":81,"Cursed Key":1,"MawBank":24,"obtain_stats":[{"TwistedFunnel":0,"Replay:Accelerometer":42,"Spirit Poop":5,"Whetstone":24,"Sling":0,"Boot":23,"Old Coin":2,"Replay:Wanted Poster":17,"Sundial":43,"Replay:Bronze Core":17,"MealTicket":7,"Fusion Hammer":34,"Replay:Bottled Flurry":27,"HandDrill":30,"Pear":44,"ReplayTheSpireMod:Ring of Addiction":46,"Counterbalance":47,"Pen Nib":37,"Akabeko":13,"Cables":40,"reliquary:Bookmark":0,"Ring of the Serpent":17,"Lantern":14,"Singing Bowl":9,"Painkiller Herb":34,"StoneCalendar":53,"Blue Doll":25,"Bag of Preparation":6,"Replay:Multitool":27,"Ancient Tea Set":25,"Cursed Key":34,"Smiling Mask":45,"Pet Ghost":9,"BranchBurnRelic":15,"Ring of Fangs":46,"Matryoshka":27,"WristBlade":17,"Ninja Scroll":21,"Toolbox":3,"WingedGreaves":23,"Chemical X":37,"Ring of Panic":5,"InkBottle":44,"Ring of the Snake":0,"Lee\u0027s Waffle":0,"NeowsBlessing":0,"Circlet":0,"Thread and Needle":26,"betterThird:NestCultRelic":21,"The Courier":45,"PreservedInsect":0,"Omamori":9,"Ring of Greed":2,"Frozen Egg 2":26,"MawBank":2,"Nuclear Battery":17,"Ornamental Fan":36,"betterThird:SlimedRelic":2,"Turnip":7,"Art of War":26,"Garlic":29,"ReplayTheSpireMod:Onyx Gauntlets":17,"Toy Ornithopter":46,"Ice Cream":0,"Divine Protection":9,"reliquary:FeatherDuster":25,"Tiny House":34,"Gremlin Horn":6,"CeramicFish":8,"Vajra":22,"Centennial Puzzle":43,"Lizard Tail":47,"Replay:Frozen Program":0,"Strawberry":37,"Honey Jar":34,"Philosopher\u0027s Stone":17,"Prayer Wheel":0,"Toxic Egg 2":26,"Happy Flower":43,"ReplayTheSpireMod:CursedCoin":24,"reliquary:Sideboard":26,"Dead Branch":0,"Replay:Grab Bag":17,"Oddly Smooth Stone":20,"Ring of Chaos":34,"Replay:Kaleidoscope":0,"War Paint":26,"WarpedTongs":29,"reliquary:JackalopeAntler":10,"Replay:Baseball":11,"Bottled Flame":30,"reliquary:PorcupineQuills":0,"ReplayTheSpireMod:Shallot":11,"Shuriken":9,"Bronze Scales":48,"Onion Ring":40,"Simple Rune":24,"Black Star":17,"ReplayTheSpireMod:TigerMarble":0,"reliquary:Knoch":10,"Pocketwatch":44,"Darkstone Periapt":0,"Replay:PocketPolymizer":17,"reliquary:Boomerang":41,"SacredBark":46,"Snake Skull":25,"Juzu Bracelet":0,"Incense Burner":28,"ClockworkSouvenir":25,"Nunchaku":9,"Replay:Bandana":43,"Tough Bandages":0,"Dream Catcher":8,"Chameleon Ring":0,"Mummified Hand":37,"Pantograph":37,"Gambling Chip":36,"Tiny Chest":0,"Red Mask":19,"Replay:Antivirus Software":26,"Cracked Core":0,"Gremlin Food":30,"BargainBundle":53,"ReplayTheSpireMod:Ninjato":7,"Guide Book":37,"Quantum Egg":30,"hexamod:Sixitude":37,"Replay:WaspNest":37,"Orichalcum":5,"Odd Mushroom":10,"Medical Kit":47,"Mercury Hourglass":23,"Calling Bell":17,"Peace Pipe":36,"Anchor":23,"CaptainsWheel":37,"Pondfish Scales":54,"Bag of Marbles":44,"Membership Card":0,"ReplayTheSpireMod:ShopPack":0},{"TwistedFunnel":76,"Replay:Accelerometer":122,"Spirit Poop":172,"Whetstone":61,"Sling":26,"Boot":113,"Old Coin":171,"Replay:Wanted Poster":84,"Sundial":70,"Replay:Bronze Core":34,"MealTicket":53,"Fusion Hammer":186,"Replay:Bottled Flurry":39,"HandDrill":41,"Pear":71,"ReplayTheSpireMod:Ring of Addiction":48,"Counterbalance":150,"Pen Nib":66,"Akabeko":7,"Cables":190,"reliquary:Bookmark":192,"Ring of the Serpent":132,"Lantern":199,"Singing Bowl":128,"Painkiller Herb":140,"StoneCalendar":152,"Blue Doll":166,"Bag of Preparation":3,"Replay:Multitool":39,"Ancient Tea Set":15,"Cursed Key":18,"Smiling Mask":97,"Pet Ghost":105,"BranchBurnRelic":33,"Ring of Fangs":48,"Matryoshka":89,"WristBlade":58,"Ninja Scroll":59,"Toolbox":171,"WingedGreaves":204,"Chemical X":66,"Ring of Panic":104,"InkBottle":71,"Ring of the Snake":0,"Lee\u0027s Waffle":49,"NeowsBlessing":0,"Circlet":0,"Thread and Needle":37,"betterThird:NestCultRelic":36,"The Courier":48,"PreservedInsect":154,"Omamori":4,"Ring of Greed":171,"Frozen Egg 2":88,"MawBank":1,"Nuclear Battery":200,"Ornamental Fan":93,"betterThird:SlimedRelic":102,"Turnip":128,"Art of War":15,"Garlic":137,"ReplayTheSpireMod:Onyx Gauntlets":58,"Toy Ornithopter":48,"Ice Cream":192,"Divine Protection":159,"reliquary:FeatherDuster":205,"Tiny House":43,"Gremlin Horn":158,"CeramicFish":80,"Vajra":12,"Centennial Puzzle":22,"Lizard Tail":24,"Replay:Frozen Program":170,"Strawberry":45,"Honey Jar":117,"Philosopher\u0027s Stone":9,"Prayer Wheel":49,"Toxic Egg 2":113,"Happy Flower":122,"ReplayTheSpireMod:CursedCoin":113,"reliquary:Sideboard":205,"Dead Branch":26,"Replay:Grab Bag":58,"Oddly Smooth Stone":110,"Ring of Chaos":92,"Replay:Kaleidoscope":26,"War Paint":135,"WarpedTongs":62,"reliquary:JackalopeAntler":197,"Replay:Baseball":31,"Bottled Flame":90,"reliquary:PorcupineQuills":192,"ReplayTheSpireMod:Shallot":31,"Shuriken":80,"Bronze Scales":191,"Onion Ring":69,"Simple Rune":165,"Black Star":58,"ReplayTheSpireMod:TigerMarble":101,"reliquary:Knoch":197,"Pocketwatch":23,"Darkstone Periapt":49,"Replay:PocketPolymizer":162,"reliquary:Boomerang":212,"SacredBark":48,"Snake Skull":37,"Juzu Bracelet":26,"Incense Burner":40,"ClockworkSouvenir":37,"Nunchaku":30,"Replay:Bandana":97,"Tough Bandages":126,"Dream Catcher":159,"Chameleon Ring":76,"Mummified Hand":66,"Pantograph":66,"Gambling Chip":119,"Tiny Chest":76,"Red Mask":11,"Replay:Antivirus Software":182,"Cracked Core":0,"Gremlin Food":41,"BargainBundle":75,"ReplayTheSpireMod:Ninjato":80,"Guide Book":45,"Quantum Egg":63,"hexamod:Sixitude":210,"Replay:WaspNest":119,"Orichalcum":28,"Odd Mushroom":31,"Medical Kit":150,"Mercury Hourglass":181,"Calling Bell":162,"Peace Pipe":209,"Anchor":13,"CaptainsWheel":20,"Pondfish Scales":76,"Bag of Marbles":148,"Membership Card":26,"ReplayTheSpireMod:ShopPack":101},{"TwistedFunnel":283,"Replay:Accelerometer":422,"Spirit Poop":625,"Whetstone":237,"Sling":101,"Boot":394,"Old Coin":621,"Replay:Wanted Poster":313,"Sundial":265,"Replay:Bronze Core":127,"MealTicket":209,"Fusion Hammer":676,"Replay:Bottled Flurry":144,"HandDrill":153,"Pear":268,"ReplayTheSpireMod:Ring of Addiction":186,"Counterbalance":534,"Pen Nib":253,"Akabeko":19,"Cables":695,"reliquary:Bookmark":711,"Ring of the Serpent":465,"Lantern":731,"Singing Bowl":446,"Painkiller Herb":500,"StoneCalendar":544,"Blue Doll":600,"Bag of Preparation":3,"Replay:Multitool":144,"Ancient Tea Set":54,"Cursed Key":66,"Smiling Mask":346,"Pet Ghost":367,"BranchBurnRelic":118,"Ring of Fangs":186,"Matryoshka":324,"WristBlade":230,"Ninja Scroll":232,"Toolbox":621,"WingedGreaves":754,"Chemical X":253,"Ring of Panic":365,"InkBottle":268,"Ring of the Snake":0,"Lee\u0027s Waffle":194,"NeowsBlessing":0,"Circlet":0,"Thread and Needle":137,"betterThird:NestCultRelic":133,"The Courier":186,"PreservedInsect":556,"Omamori":7,"Ring of Greed":621,"Frozen Egg 2":320,"MawBank":1,"Nuclear Battery":738,"Ornamental Fan":335,"betterThird:SlimedRelic":361,"Turnip":446,"Art of War":54,"Garlic":486,"ReplayTheSpireMod:Onyx Gauntlets":230,"Toy Ornithopter":186,"Ice Cream":711,"Divine Protection":573,"reliquary:FeatherDuster":758,"Tiny House":164,"Gremlin Horn":570,"CeramicFish":298,"Vajra":42,"Centennial Puzzle":78,"Lizard Tail":88,"Replay:Frozen Program":616,"Strawberry":173,"Honey Jar":408,"Philosopher\u0027s Stone":30,"Prayer Wheel":194,"Toxic Egg 2":394,"Happy Flower":422,"ReplayTheSpireMod:CursedCoin":394,"reliquary:Sideboard":758,"Dead Branch":101,"Replay:Grab Bag":230,"Oddly Smooth Stone":381,"Ring of Chaos":332,"Replay:Kaleidoscope":101,"War Paint":477,"WarpedTongs":240,"reliquary:JackalopeAntler":725,"Replay:Baseball":114,"Bottled Flame":326,"reliquary:PorcupineQuills":711,"ReplayTheSpireMod:Shallot":114,"Shuriken":298,"Bronze Scales":701,"Onion Ring":262,"Simple Rune":598,"Black Star":230,"ReplayTheSpireMod:TigerMarble":360,"reliquary:Knoch":725,"Pocketwatch":83,"Darkstone Periapt":194,"Replay:PocketPolymizer":589,"reliquary:Boomerang":786,"SacredBark":186,"Snake Skull":137,"Juzu Bracelet":101,"Incense Burner":148,"ClockworkSouvenir":137,"Nunchaku":111,"Replay:Bandana":346,"Tough Bandages":437,"Dream Catcher":573,"Chameleon Ring":283,"Mummified Hand":253,"Pantograph":253,"Gambling Chip":415,"Tiny Chest":283,"Red Mask":38,"Replay:Antivirus Software":660,"Cracked Core":0,"Gremlin Food":153,"BargainBundle":280,"ReplayTheSpireMod:Ninjato":298,"Guide Book":173,"Quantum Egg":243,"hexamod:Sixitude":781,"Replay:WaspNest":415,"Orichalcum":106,"Odd Mushroom":114,"Medical Kit":534,"Mercury Hourglass":657,"Calling Bell":589,"Peace Pipe":778,"Anchor":46,"CaptainsWheel":72,"Pondfish Scales":283,"Bag of Marbles":526,"Membership Card":101,"ReplayTheSpireMod:ShopPack":360}]},"card_choices":[{"not_picked":["Barrage","Fusion"],"picked":"Streamline","floor":1.0},{"not_picked":["Go for the Eyes","Sweeping Beam"],"picked":"Tempest","floor":2.0},{"not_picked":["Skim","Leap"],"picked":"Defragment","floor":4.0},{"not_picked":["Gash","Turbo"],"picked":"Capacitor","floor":5.0},{"not_picked":["Sweeping Beam","Barrage"],"picked":"Sunder","floor":8.0},{"not_picked":["Recycle","Sweeping Beam"],"picked":"Aggregate","floor":11.0},{"not_picked":["Cold Snap","Rebound"],"picked":"Conserve Battery","floor":12.0},{"not_picked":["All For One","Core Surge"],"picked":"Fission","floor":16.0},{"not_picked":["Rebound","Go for the Eyes"],"picked":"Streamline","floor":18.0},{"not_picked":["Streamline","Rebound"],"picked":"White Noise","floor":20.0},{"not_picked":["Leap","Stack+1"],"picked":"Sweeping Beam+1","floor":22.0},{"not_picked":["Tempest+1","Glacier"],"picked":"Hyperbeam","floor":23.0},{"not_picked":["Turbo","Streamline"],"picked":"Ball Lightning","floor":25.0},{"not_picked":["Turbo","Compile Driver"],"picked":"Glacier","floor":31},{"not_picked":["Hyperbeam","Multi-Cast"],"picked":"Echo Form","floor":33},{"not_picked":["Stack+1","Gash+1"],"picked":"White Noise+1","floor":35},{"not_picked":["Cold Snap","Leap"],"picked":"BootSequence","floor":36},{"not_picked":["Tempest","Conserve Battery"],"picked":"Chaos","floor":37},{"not_picked":["Leap","Machine Learning"],"picked":"Ball Lightning+1","floor":38},{"not_picked":["Conserve Battery","Loop"],"picked":"Stack+1","floor":41},{"not_picked":["Genetic Algorithm+1","Barrage"],"picked":"Static Discharge","floor":44}],"player_experience":469249,"relics_obtained":[{"floor":9.0,"key":"Oddly Smooth Stone"},{"floor":11.0,"key":"MealTicket"},{"floor":14.0,"key":"Lantern"},{"floor":23.0,"key":"WingedGreaves"},{"floor":25.0,"key":"reliquary:FeatherDuster"},{"floor":26.0,"key":"reliquary:Sideboard"},{"floor":36,"key":"Peace Pipe"},{"floor":37,"key":"hexamod:Sixitude"},{"floor":41,"key":"reliquary:Boomerang"},{"floor":43,"key":"MawBank"}],"event_choices":[{"damage_healed":0.0,"max_hp_gain":0.0,"max_hp_loss":0.0,"gold_gain":0.0,"cards_transformed":["Strike_B"],"event_name":"Transmorgrifier","player_choice":"Transformed","floor":3.0,"gold_loss":0.0,"damage_taken":0.0,"cards_obtained":["Undo"]},{"damage_healed":0.0,"max_hp_gain":0.0,"max_hp_loss":0.0,"gold_gain":0.0,"event_name":"betterThird:BetterSerpent","player_choice":"RENOUNCE","floor":6.0,"gold_loss":147.0,"damage_taken":147.0,"cards_obtained":["Enlightenment"]},{"cards_removed":["Decay"],"damage_healed":0.0,"max_hp_gain":0.0,"max_hp_loss":0.0,"gold_gain":0.0,"event_name":"Bonfire Elementals","player_choice":"Offered Curse","floor":19.0,"gold_loss":0.0,"damage_taken":0.0,"relics_obtained":["Spirit Poop"]},{"damage_healed":0.0,"max_hp_gain":0.0,"max_hp_loss":0.0,"gold_gain":0.0,"event_name":"Ghosts","player_choice":"Ignored","floor":21.0,"gold_loss":0.0,"damage_taken":0.0},{"damage_healed":0,"gold_gain":0,"player_choice":"Ignored","damage_taken":0,"max_hp_gain":0,"max_hp_loss":0,"event_name":"Beggar","floor":27,"gold_loss":0},{"damage_healed":0,"gold_gain":0,"player_choice":"Ignored","damage_taken":0,"max_hp_gain":0,"max_hp_loss":0,"event_name":"Vampires","floor":28,"gold_loss":0},{"damage_healed":0,"gold_gain":0,"player_choice":"Fight","damage_taken":0,"max_hp_gain":0,"max_hp_loss":0,"event_name":"MindBloom","floor":36,"gold_loss":0},{"damage_healed":0,"gold_gain":0,"player_choice":"Fight","damage_taken":0,"max_hp_gain":0,"max_hp_loss":0,"event_name":"Mysterious Sphere","floor":37,"gold_loss":0},{"cards_removed":["Strike_B"],"damage_healed":0,"gold_gain":0,"player_choice":"Removed Attack","damage_taken":0,"max_hp_gain":0,"max_hp_loss":0,"event_name":"Falling","floor":39,"gold_loss":0},{"damage_healed":0,"gold_gain":0,"player_choice":"Ignored","damage_taken":0,"max_hp_gain":0,"max_hp_loss":0,"event_name":"Tomb of Lord Red Mask","floor":42,"gold_loss":0}],"is_beta":false,"boss_relics":[{"not_picked":["Astrolabe","Pandora\u0027s Box"],"picked":"Nuclear Battery"},{"not_picked":["Runic Dome","Coffee Dripper"],"picked":"Cursed Key"}],"items_purged_floors":[],"is_endless":false,"potions_floor_spawned":[4,8,11,12,23,25,35],"killed_by":"4 Shapes","ascension_level":2}}