{"host":"og6lam4kt3nibbw0","time":1612206701,"event":{"mods":["AchievementEnabler","BaseMod","Colored Map","DeckTracker","Highlight Path","Keyboard Shortcuts","Minty Spire (QoL Compilation)","Permanent Neow","Quick Restart","StSLib","SuperFastMode"],"gold_per_floor":[114,114,114,129,54,90,110,110,137,137,137,152,152,165,165,263,263,278,178,178,191,106,106,31,31,31,31,45,89,89,105,105,198,198,222,222,222,222,222,555,555,573,597,597,610,610,610],"floor_reached":46,"language":"KOR","playtime":1639,"items_purged":["Strike_P","WreathOfFlame"],"score":872,"play_id":"96902760-98ea-4e17-acb3-1477479aa1fd","local_time":"20210202041141","is_ascension_mode":true,"campfire_choices":[{"floor":8.0,"key":"REST"},{"floor":11.0,"key":"REST"},{"floor":15.0,"key":"REST"},{"floor":23.0,"key":"REST"},{"floor":30.0,"key":"REST"},{"floor":32.0,"key":"REST"},{"data":"Eruption","floor":41.0,"key":"SMITH"},{"floor":44.0,"key":"REST"}],"circlet_count":0,"master_deck":["AscendersBane","Eruption+1","Vigilance","BattleHymn","Halt","Indignation","InnerPeace","Tantrum","Scrawl","MentalFortress","Flash of Steel","EmptyFist","SandsOfTime","Evaluate","Vault","CurseOfTheBell","Madness","Omniscience","JustLucky+1"],"relics":["PureWater","Damaru","PreservedInsect","Pandora\u0027s Box","StrikeDummy","Bird Faced Urn","Bottled Flame","Nunchaku","Calling Bell","Centennial Puzzle","Letter Opener","Mango"],"acts_visited":["Exordium","TheCity","TheBeyond"],"potions_floor_usage":[],"damage_taken":[{"damage":1.0,"enemies":"Small Slimes","floor":1.0,"turns":6.0},{"damage":1.0,"enemies":"Cultist","floor":4.0,"turns":3.0},{"damage":28.0,"enemies":"Gremlin Nob","floor":6.0,"turns":4.0},{"damage":0.0,"enemies":"2 Louse","floor":7.0,"turns":3.0},{"damage":0.0,"enemies":"2 Fungi Beasts","floor":12.0,"turns":2.0},{"damage":12.0,"enemies":"3 Louse","floor":14.0,"turns":4.0},{"damage":22.0,"enemies":"The Guardian","floor":16.0,"turns":10.0},{"damage":19.0,"enemies":"Spheric Guardian","floor":18.0,"turns":4.0},{"damage":23.0,"enemies":"Chosen","floor":21.0,"turns":4.0},{"damage":11.0,"enemies":"Centurion and Healer","floor":28.0,"turns":3.0},{"damage":13.0,"enemies":"Gremlin Leader","floor":29.0,"turns":4.0},{"damage":12.0,"enemies":"3 Cultists","floor":31.0,"turns":5.0},{"damage":28.0,"enemies":"Collector","floor":33.0,"turns":8.0},{"damage":25.0,"enemies":"3 Darklings","floor":35.0,"turns":4.0},{"damage":0.0,"enemies":"Orb Walker","floor":39.0,"turns":1.0},{"damage":25.0,"enemies":"3 Darklings","floor":42.0,"turns":5.0},{"damage":28.0,"enemies":"Jaw Worm Horde","floor":45.0,"turns":3.0},{"damage":7,"enemies":"Reptomancer","floor":46,"turns":3}],"seed_played":"5554769849918631908","potions_obtained":[{"floor":1.0,"key":"Explosive Potion"},{"floor":12.0,"key":"Dexterity Potion"},{"floor":16.0,"key":"Block Potion"},{"floor":28.0,"key":"Energy Potion"},{"floor":29.0,"key":"Ambrosia"},{"floor":31.0,"key":"LiquidMemories"},{"floor":35.0,"key":"LiquidMemories"},{"floor":38.0,"key":"SmokeBomb"}],"is_trial":false,"path_per_floor":["M","?","?","M","$","E","M","R","T","?","R","M","?","M","R","B",null,"M","$","?","M","?","R","?","T","T","?","M","E","R","M","R","B",null,"M","$","?","?","M","?","R","M","T","R","M","E"],"character_chosen":"WATCHER","items_purchased":[],"campfire_rested":7,"item_purchase_floors":[],"current_hp_per_floor":[42,42,35,34,34,6,6,24,24,5,23,23,23,11,29,7,48,29,29,29,6,6,24,24,24,24,24,15,4,22,14,32,8,63,42,42,42,42,46,46,46,25,25,47,23,18,18],"gold":610,"neow_bonus":"RANDOM_COLORLESS_2","is_daily":false,"chose_seed":false,"campfire_upgraded":1,"win_rate":0.0,"timestamp":1612206701,"path_taken":["M","?","?","M","$","E","M","R","T","?","R","M","?","?","R","BOSS","M","$","?","M","?","R","?","?","T","?","M","E","R","M","M","R","R","BOSS","M","$","?","?","?","?","R","M","T","R","M","E"],"items_purchased_type":[],"build_version":"2020-12-22","purchased_purges":2,"victory":false,"max_hp_per_floor":[68,62,62,62,62,62,62,62,62,62,62,62,62,62,62,62,62,62,62,62,62,62,62,62,62,62,62,62,62,62,62,62,62,76,76,76,76,76,76,76,76,76,76,76,76,76,76],"card_choices":[{"not_picked":["Violence","HandOfGreed"],"picked":"Panache","floor":0.0},{"not_picked":["Weave","Pray"],"picked":"BattleHymn","floor":1.0},{"not_picked":["ThirdEye","WindmillStrike"],"picked":"Halt","floor":4.0},{"not_picked":["CutThroughFate","Blasphemy"],"picked":"Indignation","floor":6.0},{"not_picked":["CutThroughFate","Crescendo","Perseverance"],"picked":"SKIP","floor":7.0},{"not_picked":["Protect","EmptyFist"],"picked":"CrushJoints","floor":12.0},{"not_picked":["Crescendo","LikeWater"],"picked":"InnerPeace","floor":14.0},{"not_picked":["FlyingSleeves","Nirvana","EmptyFist"],"picked":"SKIP","floor":18.0},{"not_picked":["Wireheading","WaveOfTheHand","EmptyFist"],"picked":"SKIP","floor":21.0},{"not_picked":["ThirdEye","BattleHymn"],"picked":"SandsOfTime","floor":28.0},{"not_picked":["Wish","BowlingBash"],"picked":"Evaluate","floor":29.0},{"not_picked":["Halt","Nirvana","Consecrate"],"picked":"SKIP","floor":31.0},{"not_picked":["ConjureBlade","Devotion"],"picked":"Vault","floor":33.0},{"not_picked":["FlyingSleeves","ForeignInfluence","Crescendo+1"],"picked":"SKIP","floor":35.0},{"not_picked":["Blind","Enlightenment"],"picked":"Madness","floor":37.0},{"not_picked":["Halt","Consecrate+1"],"picked":"Omniscience","floor":42.0},{"not_picked":["BowlingBash+1","CutThroughFate+1"],"picked":"JustLucky+1","floor":45.0}],"player_experience":972893,"relics_obtained":[{"floor":6.0,"key":"Damaru"},{"floor":9.0,"key":"PreservedInsect"},{"floor":25.0,"key":"Bird Faced Urn"},{"floor":26.0,"key":"Bottled Flame"},{"floor":29.0,"key":"Nunchaku"},{"floor":34.0,"key":"Centennial Puzzle"},{"floor":34.0,"key":"Letter Opener"},{"floor":34.0,"key":"Mango"}],"event_choices":[{"damage_healed":0.0,"max_hp_gain":0.0,"max_hp_loss":6.0,"gold_gain":0.0,"event_name":"Golden Idol","player_choice":"Lose Max HP","floor":2.0,"gold_loss":0.0,"damage_taken":0.0,"relics_obtained":["Golden Idol"]},{"cards_removed":["Defend_P"],"damage_healed":0.0,"max_hp_gain":0.0,"max_hp_loss":0.0,"gold_gain":0.0,"event_name":"Golden Wing","player_choice":"Card Removal","floor":3.0,"gold_loss":0.0,"damage_taken":7.0},{"damage_healed":0.0,"max_hp_gain":0.0,"max_hp_loss":0.0,"gold_gain":0.0,"event_name":"Shining Light","player_choice":"Entered Light","floor":10.0,"gold_loss":0.0,"damage_taken":19.0,"cards_upgraded":["Strike_P","Panache"]},{"cards_removed":["Strike_P"],"damage_healed":0.0,"max_hp_gain":0.0,"max_hp_loss":0.0,"gold_gain":0.0,"event_name":"Purifier","player_choice":"Purged","floor":13.0,"gold_loss":0.0,"damage_taken":0.0},{"damage_healed":0.0,"max_hp_gain":0.0,"max_hp_loss":0.0,"gold_gain":0.0,"event_name":"Ghosts","player_choice":"Ignored","floor":20.0,"gold_loss":0.0,"damage_taken":0.0},{"damage_healed":0.0,"max_hp_gain":0.0,"max_hp_loss":0.0,"gold_gain":0.0,"event_name":"Addict","player_choice":"Obtained Relic","floor":22.0,"gold_loss":85.0,"damage_taken":0.0,"relics_obtained":["StrikeDummy"]},{"cards_removed":["Pray"],"damage_healed":0.0,"max_hp_gain":0.0,"max_hp_loss":0.0,"gold_gain":0.0,"event_name":"Beggar","player_choice":"Gave Gold","floor":24.0,"gold_loss":75.0,"damage_taken":0.0},{"damage_healed":0.0,"max_hp_gain":0.0,"max_hp_loss":0.0,"gold_gain":0.0,"cards_transformed":["Panache","CrushJoints"],"event_name":"Drug Dealer","player_choice":"Became Test Subject","floor":27.0,"gold_loss":0.0,"damage_taken":0.0,"cards_obtained":["Flash of Steel","EmptyFist"]},{"damage_healed":0.0,"max_hp_gain":0.0,"max_hp_loss":0.0,"gold_gain":0.0,"event_name":"SensoryStone","player_choice":"Memory 1","floor":37.0,"gold_loss":0.0,"damage_taken":0.0},{"damage_healed":0.0,"max_hp_gain":0.0,"max_hp_loss":0.0,"gold_gain":0.0,"event_name":"Lab","player_choice":"Got Potions","floor":38.0,"gold_loss":0.0,"damage_taken":0.0},{"damage_healed":0.0,"max_hp_gain":0.0,"max_hp_loss":0.0,"gold_gain":333.0,"event_name":"The Moai Head","player_choice":"Gave Idol","floor":40.0,"relics_lost":["Golden Idol"],"gold_loss":0.0,"damage_taken":0.0}],"is_beta":false,"boss_relics":[{"not_picked":["Tiny House","Snecko Eye"],"picked":"Pandora\u0027s Box"},{"not_picked":["HolyWater","Astrolabe"],"picked":"Calling Bell"}],"items_purged_floors":[5,19],"is_endless":false,"potions_floor_spawned":[1,12,16,28,29,31,35,39],"killed_by":"Reptomancer","ascension_level":20}}