{"host":"vyjryxuuuxkt43k4","time":1612156282,"event":{"mods":["AchievementEnabler","BaseMod","Colored Map","DeckTracker","Keyboard Shortcuts","Minty Spire (QoL Compilation)","Permanent Neow","Quick Restart","Rare Cards Sparkle","StSLib","SuperFastMode","everything is the same but u backflip on backflip"],"gold_per_floor":[114,114,124,142,142,142,73,104,127,127,155,172,172,5,5,77,77,96,107,124,74,87,87,120,120,144,168,212,224,246,269,281,370,382,405,433,465,2,0,0,18,18,18,18,29,82,82,82],"floor_reached":47,"language":"KOR","playtime":3933,"items_purged":[],"score":860,"play_id":"ed497bcc-13fd-4060-9755-26e2fb60d568","local_time":"20210201141122","is_ascension_mode":true,"campfire_choices":[{"data":"Dash","floor":6.0,"key":"SMITH"},{"data":"Unload","floor":10.0,"key":"SMITH"},{"floor":13.0,"key":"REST"},{"data":"Noxious Fumes","floor":15.0,"key":"SMITH"},{"floor":23.0,"key":"REST"},{"data":"Footwork","floor":25.0,"key":"SMITH"},{"floor":29.0,"key":"REST"},{"floor":32.0,"key":"REST"},{"floor":40.0,"key":"REST"},{"data":"Calculated Gamble","floor":42.0,"key":"SMITH"}],"circlet_count":0,"master_deck":["AscendersBane","Survivor","Neutralize","Unload+1","Quick Slash","All Out Attack","Dash+1","Footwork+1","Blur","Noxious Fumes+1","Backstab","After Image+1","Blade Dance","Night Terror","Choke","Adrenaline","Terror","Blur","Adrenaline","Infinite Blades","Storm of Steel","Backstab+1","Bouncing Flask","Backflip","Accuracy","Deadly Poison+1","Finisher","Catalyst","Dodge and Roll","Wraith Form v2","CurseOfTheBell","Concentrate+1","PiercingWail","Calculated Gamble+1","Noxious Fumes","Catalyst+1","Escape Plan"],"relics":["Ring of the Snake","Potion Belt","Regal Pillow","Question Card","Pandora\u0027s Box","Pocketwatch","MawBank","Incense Burner","Calling Bell","Toy Ornithopter","Mercury Hourglass","Calipers","Tough Bandages","Lantern","Red Mask","Peace Pipe","Torii"],"acts_visited":["Exordium","TheCity","TheBeyond"],"potions_floor_usage":[],"damage_taken":[{"damage":0.0,"enemies":"Small Slimes","floor":1.0,"turns":4.0},{"damage":0.0,"enemies":"Cultist","floor":3.0,"turns":3.0},{"damage":0.0,"enemies":"2 Louse","floor":4.0,"turns":3.0},{"damage":6.0,"enemies":"Gremlin Nob","floor":8.0,"turns":3.0},{"damage":35.0,"enemies":"Lagavulin","floor":11.0,"turns":12.0},{"damage":1.0,"enemies":"Exordium Wildlife","floor":12.0,"turns":4.0},{"damage":35.0,"enemies":"Slime Boss","floor":16.0,"turns":10.0},{"damage":0.0,"enemies":"Chosen","floor":18.0,"turns":4.0},{"damage":1.0,"enemies":"Spheric Guardian","floor":19.0,"turns":5.0},{"damage":20.0,"enemies":"Shelled Parasite and Fungi","floor":20.0,"turns":4.0},{"damage":5.0,"enemies":"Snake Plant","floor":22.0,"turns":5.0},{"damage":25.0,"enemies":"Slavers","floor":24.0,"turns":7.0},{"damage":9.0,"enemies":"Centurion and Healer","floor":27.0,"turns":6.0},{"damage":34.0,"enemies":"Gremlin Leader","floor":28.0,"turns":4.0},{"damage":24.0,"enemies":"Snecko","floor":30.0,"turns":5.0},{"damage":14.0,"enemies":"Cultist and Chosen","floor":31.0,"turns":6.0},{"damage":44.0,"enemies":"Automaton","floor":33.0,"turns":13.0},{"damage":14.0,"enemies":"Orb Walker","floor":35.0,"turns":4.0},{"damage":9.0,"enemies":"3 Darklings","floor":36.0,"turns":6.0},{"damage":24.0,"enemies":"Sphere and 2 Shapes","floor":37.0,"turns":7.0},{"damage":12.0,"enemies":"Writhing Mass","floor":41.0,"turns":7.0},{"damage":0.0,"enemies":"4 Shapes","floor":45.0,"turns":5.0},{"damage":15,"enemies":"2 Orb Walkers","floor":46,"turns":7},{"damage":28,"enemies":"Spire Growth","floor":47,"turns":5}],"seed_played":"7148113846721213281","potions_obtained":[{"floor":4.0,"key":"Poison Potion"},{"floor":5.0,"key":"SteroidPotion"},{"floor":8.0,"key":"FairyPotion"},{"floor":16.0,"key":"FearPotion"},{"floor":20.0,"key":"CultistPotion"},{"floor":24.0,"key":"DuplicationPotion"},{"floor":30.0,"key":"Explosive Potion"},{"floor":31.0,"key":"Block Potion"},{"floor":36.0,"key":"ColorlessPotion"},{"floor":37.0,"key":"SkillPotion"}],"is_trial":false,"path_per_floor":["M","?","M","M","?","R","$","E","T","R","E","M","R","$","R","B",null,"M","M","M","?","M","R","E","R","T","M","E","R","M","M","R","B",null,"M","M","M","$","?","R","M","R","T","$","M","?","M"],"character_chosen":"THE_SILENT","items_purchased":["Footwork","PowerPotion","Noxious Fumes","Backstab","Tough Bandages","Lantern","Noxious Fumes"],"campfire_rested":5,"item_purchase_floors":[7,14,14,14,38,38,38],"current_hp_per_floor":[44,49,49,49,49,49,49,43,43,43,8,7,43,43,43,8,55,55,54,34,34,29,65,40,40,40,31,21,57,33,19,55,11,56,42,33,14,14,14,50,43,43,43,43,43,28,0,0],"gold":82,"neow_bonus":"THREE_RARE_CARDS","is_daily":false,"chose_seed":false,"campfire_upgraded":5,"win_rate":0.0,"timestamp":1612156282,"path_taken":["M","?","M","M","?","R","$","E","T","R","E","M","R","$","R","BOSS","M","M","?","?","M","R","E","R","T","?","E","R","?","M","R","BOSS","M","?","?","$","?","R","M","R","T","?","M","?","M"],"items_purchased_type":["Card","Potion","Card","Card","Relic","Relic","Card"],"build_version":"2020-12-22","purchased_purges":0,"victory":false,"max_hp_per_floor":[66,71,71,71,71,71,71,71,71,71,71,71,71,71,71,71,71,71,71,71,71,71,71,71,71,71,71,71,71,71,71,71,71,71,71,71,71,71,71,71,71,71,71,71,71,71,71,71],"card_choices":[{"not_picked":["Malaise","Tools of the Trade"],"picked":"Unload","floor":0.0},{"not_picked":["Caltrops","Terror"],"picked":"Quick Slash","floor":1.0},{"not_picked":["Deflect","Dodge and Roll"],"picked":"All Out Attack","floor":3.0},{"not_picked":["Outmaneuver","Predator"],"picked":"Dash","floor":4.0},{"not_picked":["Bane","Slice"],"picked":"Blur","floor":8.0},{"not_picked":["Bane","Poisoned Stab","Heel Hook"],"picked":"SKIP","floor":11.0},{"not_picked":["Accuracy","Poisoned Stab","Flying Knee","Catalyst"],"picked":"SKIP","floor":12.0},{"not_picked":["A Thousand Cuts","Malaise","Grand Finale"],"picked":"After Image","floor":16.0},{"not_picked":["Caltrops","Concentrate","Flying Knee"],"picked":"Bouncing Flask","floor":18.0},{"not_picked":["Underhanded Strike","Leg Sweep","Acrobatics"],"picked":"Backflip","floor":19.0},{"not_picked":["Outmaneuver","Deflect","Distraction"],"picked":"Accuracy","floor":20.0},{"not_picked":["Bane","Endless Agony","Backflip"],"picked":"Deadly Poison+1","floor":22.0},{"not_picked":["Prepared","Backstab","Cloak And Dagger"],"picked":"Finisher","floor":24.0},{"not_picked":["Flechettes","Slice","Die Die Die"],"picked":"Catalyst","floor":27.0},{"not_picked":["Choke","Deflect","Dagger Spray","Slice+1"],"picked":"SKIP","floor":28.0},{"not_picked":["Finisher","Expertise","Prepared"],"picked":"Dodge and Roll","floor":30.0},{"not_picked":["Caltrops","Dash","Prepared+1","Deadly Poison"],"picked":"SKIP","floor":31.0},{"not_picked":["Grand Finale","Unload","Adrenaline"],"picked":"Wraith Form v2","floor":33.0},{"not_picked":["Quick Slash","Dagger Throw+1","Backstab"],"picked":"Concentrate+1","floor":35.0},{"not_picked":["Tools of the Trade","Cloak And Dagger","Slice"],"picked":"PiercingWail","floor":36.0},{"not_picked":["Prepared","Poisoned Stab","Terror"],"picked":"Calculated Gamble","floor":37.0},{"not_picked":["Deflect","Dodge and Roll","Blade Dance","Flying Knee"],"picked":"SKIP","floor":41.0},{"not_picked":["Deflect","Sucker Punch","Bane"],"picked":"Catalyst+1","floor":45.0},{"not_picked":["Cloak And Dagger","Endless Agony","Backflip"],"picked":"Escape Plan","floor":46}],"player_experience":555690,"relics_obtained":[{"floor":8.0,"key":"Potion Belt"},{"floor":9.0,"key":"Regal Pillow"},{"floor":11.0,"key":"Question Card"},{"floor":24.0,"key":"Pocketwatch"},{"floor":26.0,"key":"MawBank"},{"floor":28.0,"key":"Incense Burner"},{"floor":34.0,"key":"Toy Ornithopter"},{"floor":34.0,"key":"Mercury Hourglass"},{"floor":34.0,"key":"Calipers"},{"floor":43.0,"key":"Peace Pipe"},{"floor":46,"key":"Torii"}],"event_choices":[{"damage_healed":0.0,"max_hp_gain":5.0,"max_hp_loss":0.0,"gold_gain":0.0,"event_name":"Big Fish","player_choice":"Donut","floor":2.0,"gold_loss":0.0,"damage_taken":0.0},{"damage_healed":0.0,"max_hp_gain":0.0,"max_hp_loss":0.0,"gold_gain":0.0,"event_name":"Lab","player_choice":"Got Potions","floor":5.0,"gold_loss":0.0,"damage_taken":0.0},{"damage_healed":0.0,"max_hp_gain":0.0,"max_hp_loss":0.0,"gold_gain":0.0,"event_name":"Designer","player_choice":"Upgraded Two","floor":21.0,"gold_loss":50.0,"damage_taken":0.0,"cards_upgraded":["Backstab","After Image"]},{"damage_healed":0.0,"max_hp_gain":0.0,"max_hp_loss":0.0,"gold_gain":0.0,"event_name":"Tomb of Lord Red Mask","player_choice":"Paid","floor":39.0,"gold_loss":2.0,"damage_taken":0.0,"relics_obtained":["Red Mask"]},{"damage_healed":0,"gold_gain":0,"player_choice":"Fight","damage_taken":0,"max_hp_gain":0,"max_hp_loss":0,"event_name":"Mysterious Sphere","floor":46,"gold_loss":0}],"is_beta":false,"boss_relics":[{"not_picked":["Philosopher\u0027s Stone","Velvet Choker"],"picked":"Pandora\u0027s Box"},{"not_picked":["Runic Pyramid","Tiny House"],"picked":"Calling Bell"}],"items_purged_floors":[],"is_endless":false,"potions_floor_spawned":[4,8,16,20,24,30,31,36,37],"killed_by":"Spire Growth","ascension_level":15}}