{"host":"d61fcf2p3sjwe6yo","time":1612211988,"event":{"mods":["AchievementEnabler","BaseMod","Colored Map","Downfall","Minty Spire (QoL Compilation)","StSLib","SuperFastMode"],"gold_per_floor":[99,116,135,135,135,171,197,97,110,126,139,167,179,211,237,324,336,348,360,386,398,428,440,452,476,488,264,264,289,312,312,326,326,326,326],"floor_reached":33,"language":"ENG","playtime":1550,"items_purged":["downfall:Bewildered"],"score":457,"play_id":"1143983c-11bc-4c8f-97ef-759f19b949d9","local_time":"20210201233948","is_ascension_mode":true,"campfire_choices":[{"floor":1.0,"key":"RECALL"}],"circlet_count":0,"master_deck":["AscendersBane","sneckomod:TailWhip+1","sneckomod:SnekBite","Slimebound:SplitBruiser","Protect","sneckomod:QuickMove","sneckomod:QuickMove","Guardian:SphericShield","sneckomod:UnknownVulnerable","sneckomod:UnknownBlock+1","LessonLearned","sneckomod:UnknownClassSLIMEBOUND","sneckomod:UnknownExhaust","Slimebound:Split+1","downfall:Malfunctioning","sneckomod:UnknownUncommonSkill","Devotion","WindmillStrike","sneckomod:QuickBite","Normality","sneckomod:UnknownColorless","sneckomod:UnknownClassSLIMEBOUND","sneckomod:UnknownDexterity","sneckomod:UnknownClassGUARDIAN","sneckomod:UnknownRarePower+1","sneckomod:UnknownStrength","Slimebound:DuplicatedForm","sneckomod:UnknownBoss"],"relics":["sneckomod:SneckoSoul","Strawberry","hexamod:CandleOfCauterizing","Blood Vial","downfall:HeartBlessingRed","MawBank","Cursed Key","Akabeko","sneckomod:BabySnecko","Happy Flower","Regal Pillow","sneckomod:BlankCard"],"acts_visited":["Exordium","TheCity"],"potions_floor_usage":[20,29,29,33],"damage_taken":[{"damage":0.0,"enemies":"2 Louse","floor":2.0,"turns":3.0},{"damage":0.0,"enemies":"Jaw Worm","floor":3.0,"turns":1.0},{"damage":0.0,"enemies":"Small Slimes","floor":6.0,"turns":3.0},{"damage":9.0,"enemies":"Exordium Thugs","floor":9.0,"turns":4.0},{"damage":10.0,"enemies":"Blue Slaver","floor":10.0,"turns":5.0},{"damage":10.0,"enemies":"Exordium Wildlife","floor":11.0,"turns":3.0},{"damage":4.0,"enemies":"Gremlin Nob","floor":12.0,"turns":4.0},{"damage":7,"enemies":"Large Slime","floor":14,"turns":7},{"damage":0,"enemies":"Blue Slaver","floor":15,"turns":3},{"damage":38,"enemies":"IC_STATUS_ARCHETYPE","floor":16,"turns":16},{"damage":0,"enemies":"3 Byrds","floor":20,"turns":5},{"damage":17,"enemies":"Snecko","floor":22,"turns":6},{"damage":0,"enemies":"Snake Plant","floor":25,"turns":3},{"damage":8,"enemies":"downfall:FleeingMerchant","floor":27,"turns":4},{"damage":41,"enemies":"Gremlin Leader","floor":29,"turns":7},{"damage":23,"enemies":"Centurion and Healer","floor":32,"turns":4},{"damage":22,"enemies":"DF_ARCHETYPE_CLAW","floor":33,"turns":6}],"seed_played":"3336338485847426207","potions_obtained":[{"floor":2.0,"key":"Block Potion"},{"floor":6.0,"key":"Slimebound:ThreeZeroPotion"},{"floor":11.0,"key":"BlessingOfTheForge"},{"floor":16,"key":"BlessingOfTheForge"},{"floor":25,"key":"Slimebound:ThreeZeroPotion"},{"floor":29,"key":"sneckomod:DiceRollPotion"},{"floor":32,"key":"FearPotion"}],"is_trial":false,"path_per_floor":["R","M","M","?","T","M","T","R","M","M","M","E","R","M","M","B",null,"R","?","M","?","M","R","T","M","?","$","R","E","T","?","M","B"],"character_chosen":"THE_SNECKO","items_purchased":["Happy Flower"],"campfire_rested":0,"item_purchase_floors":[27],"current_hp_per_floor":[83,83,83,65,65,65,65,65,58,50,42,40,40,41,43,7,80,80,80,82,82,67,67,67,69,69,63,63,24,24,24,18,0,0,0],"gold":326,"neow_bonus":"TEN_PERCENT_HP_BONUS","is_daily":false,"chose_seed":false,"campfire_upgraded":0,"win_rate":0.0,"timestamp":1612211988,"path_taken":["R","M","M","?","?","M","T","R","M","M","M","E","R","M","M","BOSS","R","?","M","?","?","R","T","M","?","$","R","E","?","?","M","BOSS"],"items_purchased_type":["Relic"],"build_version":"2020-12-22","purchased_purges":1,"victory":false,"max_hp_per_floor":[91,91,91,98,98,98,98,98,98,98,98,98,98,104,104,104,104,104,104,104,104,104,104,104,104,104,104,104,104,104,104,104,104,104,104],"card_choices":[{"not_picked":["sneckomod:UnknownDexterity","sneckomod:SoulRoll"],"picked":"sneckomod:UnknownExhaust","floor":2.0},{"not_picked":["sneckomod:UnknownColorless","sneckomod:WideSting"],"picked":"sneckomod:UnknownClassPURPLE","floor":3.0},{"not_picked":["sneckomod:SoulRoll","sneckomod:UnknownBlock"],"picked":"sneckomod:Memorize","floor":6.0},{"not_picked":["sneckomod:UnknownClassPURPLE","sneckomod:UnknownDraw"],"picked":"sneckomod:UnknownClassGUARDIAN","floor":9.0},{"not_picked":["sneckomod:SoulRoll","sneckomod:UnknownDexterity"],"picked":"sneckomod:UnknownRareAttack","floor":10.0},{"not_picked":["sneckomod:UnendingSupply","sneckomod:ImprovisedAttack"],"picked":"sneckomod:QuickMove","floor":11.0},{"not_picked":["sneckomod:DangerNoodle","sneckomod:WideSting"],"picked":"sneckomod:QuickMove","floor":12.0},{"not_picked":["sneckomod:UnknownDexterity","sneckomod:Unknown0Cost"],"picked":"sneckomod:UnknownVulnerable","floor":14},{"not_picked":["sneckomod:UnknownClassGUARDIAN","sneckomod:CheapStock"],"picked":"sneckomod:UnknownBlock","floor":15},{"not_picked":["sneckomod:Restock","sneckomod:UnknownRareAttack"],"picked":"sneckomod:Unknown3Cost","floor":16},{"not_picked":["sneckomod:Nope","sneckomod:ImprovisedGuard"],"picked":"sneckomod:UnknownClassSLIMEBOUND","floor":20},{"not_picked":["sneckomod:SnekBeam","sneckomod:QuickMove"],"picked":"sneckomod:UnknownExhaust","floor":22},{"not_picked":["sneckomod:QuickBite","sneckomod:UnknownCommonAttack"],"picked":"sneckomod:UnknownRarePower","floor":25},{"not_picked":["sneckomod:Unknown1Cost","sneckomod:UnknownUncommonAttack"],"picked":"sneckomod:UnknownUncommonSkill","floor":27},{"not_picked":["sneckomod:SoulRoll+1","sneckomod:UnknownClassSLIMEBOUND"],"picked":"sneckomod:QuickBite","floor":29},{"not_picked":["sneckomod:SoulDraw","sneckomod:UnknownDexterity"],"picked":"sneckomod:UnknownBoss","floor":32}],"player_experience":751167,"relics_obtained":[{"floor":5.0,"key":"hexamod:CandleOfCauterizing"},{"floor":7.0,"key":"Blood Vial"},{"floor":12.0,"key":"MawBank"},{"floor":24,"key":"Akabeko"},{"floor":29,"key":"Regal Pillow"},{"floor":30,"key":"sneckomod:BlankCard"}],"event_choices":[{"damage_healed":0.0,"max_hp_gain":0.0,"max_hp_loss":0.0,"gold_gain":0.0,"event_name":"Scrap Ooze","player_choice":"Success","floor":4.0,"gold_loss":0.0,"damage_taken":25.0,"relics_obtained":["Strawberry"]},{"damage_healed":0,"gold_gain":0,"player_choice":"Ignored","damage_taken":0,"max_hp_gain":0,"max_hp_loss":0,"event_name":"Ghosts","floor":19,"gold_loss":0},{"damage_healed":0,"gold_gain":0,"player_choice":"Read","damage_taken":0,"max_hp_gain":0,"max_hp_loss":0,"event_name":"The Library","floor":21,"gold_loss":0,"cards_obtained":["sneckomod:Memorize"]}],"is_beta":false,"boss_relics":[{"not_picked":["Runic Pyramid","Busted Crown"],"picked":"Cursed Key"}],"items_purged_floors":[27],"is_endless":false,"potions_floor_spawned":[2,6,11,16,25,29,32],"killed_by":"DF_ARCHETYPE_CLAW","ascension_level":14}}