{"host":"1zjc08c6hob33401","time":1612222831,"event":{"mods":["AchievementEnabler","Act Like it!","Aspiration","BaseMod","Downfall","Elementarium","Energized Spire","Evolution","Friendly Minions","Gensokyo","GifTheSpireLib","Hubris","Infinite Spire","Jedi Mod","Menagerie","Minty Spire (QoL Compilation)","Pale of the Ancients","Quick Restart","Reliquary","Replay The Spire","Retaliation","Shop Mod","Spicy Shops","Spire Arcade","StS++","StSLib","Stuff the Spire","The Blue Laboratory","Wandering Minibosses","??????REMEMod"],"gold_per_floor":[119,119,36,56,56,74,87,87,87,87,87,107,107,122,122,197,197,208,208,42,62,62,62,62,62],"floor_reached":24,"language":"RUS","playtime":1433,"items_purged":[],"score":363,"play_id":"0eb5cf9a-b623-4514-ad71-04d5b703c5b1","local_time":"20210202014031","is_ascension_mode":true,"campfire_choices":[{"data":"Zap","floor":8.0,"key":"SMITH"},{"data":"Defragment","floor":10.0,"key":"SMITH"},{"floor":23,"key":"REST"}],"circlet_count":0,"master_deck":["AscendersBane","Compile Driver","Compile Driver","Strike_B","Strike_B","Defend_B","Defend_B","Defend_B","Defend_B","Zap+1","Dualcast","Gensokyo:HouraiInAPot+1","Leap+1","Defragment+1","Sweeping Beam","Doom and Gloom","Ball Lightning","Lockon","Electrodynamics","jedi:BurstLightning","Loop"],"relics":["Cracked Core","EVO:Axolotl","REME_ComplimentaryCards","jedi:paperfaux","Busted Crown","MutagenicStrength","reliquary:Bookmark"],"acts_visited":["Exordium","TheCity"],"potions_floor_usage":[24],"damage_taken":[{"damage":9.0,"enemies":"Jaw Worm","floor":1.0,"turns":3.0},{"damage":3.0,"enemies":"Small Slimes","floor":4.0,"turns":2.0},{"damage":9.0,"enemies":"2 Louse","floor":6.0,"turns":2.0},{"damage":7.0,"enemies":"Exordium Wildlife","floor":7.0,"turns":3.0},{"damage":19.0,"enemies":"3 Louse","floor":12.0,"turns":3.0},{"damage":0.0,"enemies":"Large Slime","floor":14.0,"turns":3.0},{"damage":19.0,"enemies":"Hexaghost","floor":16.0,"turns":6.0},{"damage":25.0,"enemies":"3 Byrds","floor":18.0,"turns":3.0},{"damage":34,"enemies":"Shell Parasite","floor":21,"turns":4},{"damage":31,"enemies":"Snake Plant","floor":24,"turns":2}],"seed_played":"-3089887478723329758","potions_obtained":[{"floor":1.0,"key":"Explosive Potion"},{"floor":4.0,"key":"blueLaboratory:BubblePotion"},{"floor":12.0,"key":"jedi:StrikingPotion"},{"floor":18.0,"key":"blueLaboratory:LouseDecoction"},{"floor":21,"key":"blueLaboratory:PyrophylliteBrew"}],"is_trial":false,"path_per_floor":["M","?","$","M","?","M","M","R","T","R","?","M","?","M","R","B",null,"M","?","$","M","?","R","M"],"character_chosen":"DEFECT","items_purchased":["Defragment","reliquary:Bookmark","Loop"],"campfire_rested":1,"item_purchase_floors":[3,20,20],"current_hp_per_floor":[62,62,62,59,59,50,43,43,43,43,43,24,24,24,47,28,66,41,41,41,7,7,30,0,0],"gold":62,"neow_bonus":"TEN_PERCENT_HP_BONUS","is_daily":false,"chose_seed":false,"campfire_upgraded":2,"win_rate":0.0,"timestamp":1612222831,"path_taken":["M","?","$","M","?","M","?","R","T","R","?","M","?","?","R","BOSS","M","?","$","M","?","R","M"],"items_purchased_type":["Card","Relic","Card"],"build_version":"2020-12-22","purchased_purges":0,"victory":false,"max_hp_per_floor":[78,78,78,78,78,78,78,78,78,78,78,78,78,78,78,78,78,78,78,78,78,78,78,78,78],"card_choices":[{"not_picked":["Beam Cell","Melter"],"picked":"Leap","floor":1.0},{"not_picked":["StuffTheSpire:LoadUp","Rebound"],"picked":"Sweeping Beam","floor":4.0},{"not_picked":["Fusion","StuffTheSpire:Purify"],"picked":"Doom and Gloom","floor":6.0},{"not_picked":["BasicCrystalCard","StSpp:TargetLocked","Gash"],"picked":"SKIP","floor":7.0},{"not_picked":["Turbo","Streamline"],"picked":"Ball Lightning","floor":12.0},{"not_picked":["Coolheaded","REME_SelfUpgrade"],"picked":"Lockon","floor":14.0},{"not_picked":["StuffTheSpire:Purify","StSpp:Saturation"],"picked":"Electrodynamics","floor":16.0},{"not_picked":[],"picked":"jedi:BurstLightning","floor":18.0},{"not_picked":["Blizzard"],"picked":"SKIP","floor":21}],"player_experience":729140,"relics_obtained":[{"floor":9.0,"key":"jedi:paperfaux"}],"event_choices":[{"damage_healed":0.0,"max_hp_gain":0.0,"max_hp_loss":0.0,"gold_gain":0.0,"event_name":"Living Wall","player_choice":"Grow","floor":2.0,"gold_loss":0.0,"damage_taken":0.0,"cards_upgraded":["Gensokyo:HouraiInAPot"]},{"damage_healed":0.0,"max_hp_gain":0.0,"max_hp_loss":0.0,"gold_gain":0.0,"event_name":"Dead Adventurer","player_choice":"Searched \u00270\u0027 times","floor":13.0,"gold_loss":0.0,"damage_taken":0.0},{"damage_healed":0.0,"max_hp_gain":0.0,"max_hp_loss":0.0,"gold_gain":0.0,"event_name":"Drug Dealer","player_choice":"Inject Mutagens","floor":19.0,"gold_loss":0.0,"damage_taken":0.0,"relics_obtained":["MutagenicStrength"]}],"is_beta":false,"boss_relics":[{"not_picked":["ReplayTheSpireMod:SealedPack","Replay:Ancient Bell"],"picked":"Busted Crown"}],"items_purged_floors":[],"is_endless":false,"potions_floor_spawned":[1,4,12,18,21],"killed_by":"Snake Plant","ascension_level":19}}