{"host":"gbsupkmj5cka9iw4","time":1612172312,"event":{"mods":["BaseMod","Better Note","BetterRewards","Minty Spire (QoL Compilation)","Say the Spire","Shop Mod","StSLib"],"gold_per_floor":[110,22,22,41,41,41,76,76,76,106,116,141,171,194,194,268,268,286,286,286,313,583,610,610,325,325,336,371,394,406,138,138,225,225,245,254,271,161,175,175,209,234,304,320,370,387,416,445,445,445,445],"floor_reached":52,"language":"ENG","playtime":2252,"items_purged":["Strike_R+1","Strike_R+1"],"score":2636,"play_id":"49571316-81fb-48e7-918d-2bdff112754f","local_time":"20210201183832","is_ascension_mode":true,"campfire_choices":[{"data":"Immolate","floor":6.0,"key":"SMITH"},{"floor":8.0,"key":"REST"},{"data":"Whirlwind","floor":15.0,"key":"SMITH"},{"data":"Whirlwind","floor":24.0,"key":"SMITH"},{"floor":32,"key":"REST"},{"data":"Limit Break","floor":40,"key":"SMITH"},{"floor":49,"key":"REST"}],"circlet_count":0,"master_deck":["AscendersBane","Strike_R+1","Strike_R+1","Strike_R+1","Defend_R+1","Defend_R+1","Defend_R+1","Defend_R+1","Bash","Shrug It Off","Dropkick","Spot Weakness","Inflame","Clothesline","Immolate+1","Thunderclap+1","Twin Strike+1","Shrug It Off","Whirlwind+1","Shockwave","Limit Break+1","Whirlwind+1","Shrug It Off","Battle Trance","Reaper","Feed","Pain","Double Tap","Flex+1","Sword Boomerang+1"],"relics":["Burning Blood","Chemical X","Happy Flower","Regal Pillow","Question Card","Ginger","Blue Candle","Ancient Tea Set","Whetstone","Akabeko","Odd Mushroom","Velvet Choker","PreservedInsect","CeramicFish","Toy Ornithopter","Kunai","Blood Vial","ClockworkSouvenir","Busted Crown","WarpedTongs","Bag of Marbles","Molten Egg 2","Orichalcum"],"acts_visited":["Exordium","TheCity","TheBeyond"],"potions_floor_usage":[51,51],"damage_taken":[{"damage":4.0,"enemies":"Jaw Worm","floor":1.0,"turns":3.0},{"damage":1.0,"enemies":"Cultist","floor":4.0,"turns":3.0},{"damage":15.0,"enemies":"3 Sentries","floor":7.0,"turns":3.0},{"damage":10.0,"enemies":"Lagavulin","floor":10.0,"turns":4.0},{"damage":3.0,"enemies":"2 Louse","floor":11.0,"turns":2.0},{"damage":12.0,"enemies":"3 Sentries","floor":13.0,"turns":4.0},{"damage":0.0,"enemies":"The Mushroom Lair","floor":14.0,"turns":1.0},{"damage":0.0,"enemies":"Slime Boss","floor":16.0,"turns":4.0},{"damage":1.0,"enemies":"Spheric Guardian","floor":18.0,"turns":3.0},{"damage":0.0,"enemies":"Slavers","floor":23.0,"turns":1.0},{"damage":16.0,"enemies":"2 Thieves","floor":27.0,"turns":2.0},{"damage":27,"enemies":"Book of Stabbing","floor":28,"turns":3},{"damage":10,"enemies":"Centurion and Healer","floor":29,"turns":4},{"damage":16,"enemies":"Snake Plant","floor":30,"turns":2},{"damage":55,"enemies":"Automaton","floor":33,"turns":8},{"damage":0,"enemies":"Orb Walker","floor":35,"turns":2},{"damage":23,"enemies":"3 Darklings","floor":37,"turns":3},{"damage":1,"enemies":"Transient","floor":39,"turns":6},{"damage":1,"enemies":"Reptomancer","floor":41,"turns":2},{"damage":13,"enemies":"Maw","floor":42,"turns":5},{"damage":0,"enemies":"Jaw Worm Horde","floor":44,"turns":1},{"damage":8,"enemies":"Writhing Mass","floor":46,"turns":3},{"damage":2,"enemies":"Giant Head","floor":47,"turns":4},{"damage":46,"enemies":"Sphere and 2 Shapes","floor":48,"turns":8},{"damage":69,"enemies":"Time Eater","floor":50,"turns":8},{"damage":59,"enemies":"Awakened One","floor":51,"turns":5}],"seed_played":"-1779532599489218412","potions_obtained":[{"floor":1.0,"key":"Dexterity Potion"},{"floor":7.0,"key":"LiquidMemories"},{"floor":11.0,"key":"BloodPotion"},{"floor":23.0,"key":"PowerPotion"},{"floor":28,"key":"SteroidPotion"},{"floor":29,"key":"BlessingOfTheForge"},{"floor":37,"key":"SteroidPotion"}],"is_trial":false,"path_per_floor":["M","$","?","M","?","R","E","R","T","E","M","T","E","?","R","B",null,"M","?","?","T","?","E","R","$","T","M","E","M","M","$","R","B",null,"M","?","M","?","M","R","E","M","T","M","?","M","E","M","R","B","B",null],"character_chosen":"IRONCLAD","items_purchased":["Chemical X","Happy Flower","Regal Pillow","Shrug It Off","Anger","Dropkick","Inflame","Shrug It Off","Toy Ornithopter","ClockworkSouvenir"],"campfire_rested":3,"item_purchase_floors":[0,0,0,0,0,0,2,25,25,31],"current_hp_per_floor":[42,42,42,47,47,47,38,75,75,71,74,74,68,74,74,75,75,75,75,54,54,43,49,49,49,49,39,18,16,22,22,61,14,64,72,72,57,57,64,64,71,83,83,83,83,81,83,61,87,51,39],"gold":445,"neow_bonus":"","is_daily":false,"chose_seed":false,"campfire_upgraded":4,"win_rate":0.0,"timestamp":1612172312,"path_taken":["M","$","?","?","?","R","E","R","T","E","?","?","E","?","R","BOSS","M","?","?","?","?","E","R","$","T","M","E","M","?","?","R","BOSS","M","?","?","?","?","R","E","M","T","M","?","?","E","M","R","BOSS","BOSS"],"items_purchased_type":["Relic","Relic","Relic","Card","Card","Card","Card","Card","Relic","Relic"],"build_version":"2020-12-22","purchased_purges":2,"victory":true,"max_hp_per_floor":[75,75,75,75,75,75,75,75,75,75,75,75,75,75,75,75,75,75,75,80,80,80,80,80,80,80,80,80,80,80,80,80,80,80,80,80,80,80,80,80,80,83,83,83,83,83,83,87,87,87,91],"card_choices":[{"not_picked":["Headbutt","Perfected Strike"],"picked":"Spot Weakness","floor":1.0},{"not_picked":["Blood for Blood","Cleave","Reckless Charge"],"picked":"Clothesline","floor":4.0},{"not_picked":["Seeing Red","Rage","Rupture"],"picked":"Thunderclap","floor":7.0},{"not_picked":["Wild Strike","Pummel","Rupture"],"picked":"Twin Strike","floor":10.0},{"not_picked":["Pommel Strike","Sentinel","Hemokinesis"],"picked":"Shrug It Off","floor":11.0},{"not_picked":["Infernal Blade","Power Through","Clash"],"picked":"Whirlwind","floor":13.0},{"not_picked":["Shrug It Off","Ghostly Armor","Sever Soul"],"picked":"Shockwave","floor":14.0},{"not_picked":["Exhume","Brutality","Bludgeon"],"picked":"Limit Break","floor":16.0},{"not_picked":["Clash","Dropkick","Reckless Charge+1"],"picked":"Whirlwind","floor":18.0},{"not_picked":["Blood for Blood","Corruption","Searing Blow","True Grit"],"picked":"SKIP","floor":23.0},{"not_picked":["Havoc","Sentinel","Anger","Body Slam"],"picked":"SKIP","floor":27.0},{"not_picked":["Havoc","Entrench","Rupture"],"picked":"Battle Trance","floor":28},{"not_picked":["Iron Wave+1","Inflame","Flame Barrier"],"picked":"Reaper","floor":29},{"not_picked":["Cleave","Perfected Strike","Twin Strike","Fiend Fire"],"picked":"SKIP","floor":30},{"not_picked":["Offering","Immolate","Brutality"],"picked":"Feed","floor":33},{"not_picked":["Armaments+1","Thunderclap+1"],"picked":"SKIP","floor":35},{"not_picked":["Flex","Clothesline"],"picked":"SKIP","floor":37},{"not_picked":["Perfected Strike","Power Through"],"picked":"SKIP","floor":39},{"not_picked":["Havoc"],"picked":"Double Tap","floor":41},{"not_picked":["Pummel"],"picked":"Flex+1","floor":42},{"not_picked":["Body Slam+1","Exhume"],"picked":"SKIP","floor":44},{"not_picked":["Clash+1","Twin Strike+1"],"picked":"SKIP","floor":46},{"not_picked":["Thunderclap+1","Iron Wave+1"],"picked":"SKIP","floor":47},{"not_picked":["Clash+1"],"picked":"Sword Boomerang+1","floor":48}],"player_experience":821812,"relics_obtained":[{"floor":7.0,"key":"Ginger"},{"floor":9.0,"key":"Blue Candle"},{"floor":10.0,"key":"Ancient Tea Set"},{"floor":12.0,"key":"Whetstone"},{"floor":13.0,"key":"Akabeko"},{"floor":14.0,"key":"Odd Mushroom"},{"floor":21.0,"key":"PreservedInsect"},{"floor":23.0,"key":"CeramicFish"},{"floor":26.0,"key":"Kunai"},{"floor":28,"key":"Blood Vial"},{"floor":41,"key":"Bag of Marbles"},{"floor":43,"key":"Molten Egg 2"},{"floor":47,"key":"Orichalcum"}],"event_choices":[{"damage_healed":0.0,"max_hp_gain":0.0,"max_hp_loss":0.0,"gold_gain":0.0,"event_name":"WeMeetAgain","player_choice":"Gave Potion","floor":3.0,"gold_loss":0.0,"damage_taken":0.0,"relics_obtained":["Question Card"]},{"damage_healed":0.0,"max_hp_gain":0.0,"max_hp_loss":0.0,"gold_gain":0.0,"event_name":"Match and Keep!","player_choice":"1 cards matched","floor":5.0,"gold_loss":0.0,"damage_taken":0.0,"cards_obtained":["Immolate"]},{"damage_healed":0.0,"max_hp_gain":0.0,"max_hp_loss":0.0,"gold_gain":0.0,"event_name":"Mushrooms","player_choice":"Fought Mushrooms","floor":14.0,"gold_loss":0.0,"damage_taken":0.0},{"damage_healed":0.0,"max_hp_gain":0.0,"max_hp_loss":0.0,"gold_gain":0.0,"event_name":"Back to Basics","player_choice":"Simplicity","floor":19.0,"gold_loss":0.0,"damage_taken":0.0,"cards_upgraded":["Strike_R","Strike_R","Strike_R","Strike_R","Defend_R","Defend_R","Defend_R","Defend_R"]},{"damage_healed":0.0,"max_hp_gain":5.0,"max_hp_loss":0.0,"gold_gain":0.0,"event_name":"Forgotten Altar","player_choice":"Shed Blood","floor":20.0,"gold_loss":0.0,"damage_taken":26.0},{"damage_healed":0.0,"max_hp_gain":0.0,"max_hp_loss":0.0,"gold_gain":270.0,"event_name":"Knowing Skull","player_choice":"GOLD GOLD GOLD ","floor":22.0,"potions_obtained":[],"gold_loss":0.0,"damage_taken":27.0,"cards_obtained":[]},{"damage_healed":0,"gold_gain":0,"player_choice":"Rummage","damage_taken":0,"relics_obtained":["WarpedTongs"],"max_hp_gain":0,"max_hp_loss":0,"event_name":"Accursed Blacksmith","floor":36,"gold_loss":0,"cards_obtained":["Pain"]},{"cards_removed":["Anger"],"damage_healed":0,"gold_gain":0,"player_choice":"Upgrade and Remove","damage_taken":0,"max_hp_gain":0,"max_hp_loss":0,"event_name":"Designer","floor":38,"gold_loss":110,"cards_upgraded":["Thunderclap"]},{"damage_healed":0,"gold_gain":50,"player_choice":"Pray","damage_taken":0,"max_hp_gain":0,"max_hp_loss":0,"event_name":"Golden Shrine","floor":45,"gold_loss":0}],"is_beta":false,"boss_relics":[{"not_picked":["Black Star","Tiny House"],"picked":"Velvet Choker"},{"not_picked":["Runic Cube","Philosopher\u0027s Stone"],"picked":"Busted Crown"}],"items_purged_floors":[25,31],"is_endless":false,"potions_floor_spawned":[1,7,11,14,16,23,28,29,35,37,47,48],"ascension_level":20}}