{"host":"qg654vxoo1kzp6cj","time":1612212696,"event":{"mods":["100% Spire Juice","2.2 Compatiblity","Act Like it!","Aspiration","BaseMod","Better Altar","Better Skull","Better Third Choice","Better Vampires","Displayed Cursed Tome","Downfall","Elementarium","Gensokyo","GifTheSpireLib","Hallownest","HololiveMod","Hubris","Ironclad Rager","Menagerie","Minty Spire (QoL Compilation)","MostiFishMod","Pale of the Ancients","Reliquary","Replay The Spire","Spicy Shops","StSLib","Stuff the Spire","The Animator","The Bug Knight","The Dragonkin","The Runesmith","The Senshi","The Servant 0.9.4","TheHero","Wandering Minibosses","WarShipGirlsR/????R mod"],"gold_per_floor":[85,99,119,338,352,352,381,400,470,483,514,526,542,382,382,506,506,526,526,542,556,667,693,712,962,1037,1053,1073,0,0,0,0,98,98,125,125,144,172,51,51,51,71,139,139,159,159,159,212,212,262,262,262,82,116,120,120],"floor_reached":55,"language":"ENG","playtime":2041,"items_purged":[],"score":1028,"play_id":"8f71dc7a-bd27-4efe-875d-271ec7cf3792","local_time":"20210201155136","is_ascension_mode":false,"campfire_choices":[{"data":"Hololive_OvertimeWork","floor":6,"key":"SMITH"},{"data":"Hololive_HuntDinosaur","floor":15,"key":"SMITH"},{"data":"Hololive_CallShishiroBotan","floor":32,"key":"SMITH"},{"floor":41,"key":"RECALL"},{"data":"Hololive_CallFriendA","floor":44,"key":"SMITH"},{"data":"Hololive_Nanodesu","floor":49,"key":"SMITH"},{"data":"Hololive_CallTokinoSora","floor":52,"key":"SMITH"}],"circlet_count":0,"master_deck":["Hololive_Strike+1","Hololive_Strike","Hololive_Defend+1","Hololive_Defend","Hololive_OvertimeWork+1","Hololive_CallAkiRosenthal","Hololive_CallNatsuiroMatsuri","Hololive_CallOkamiMio","Hololive_CallAkaiHaato+1","Hololive_CallAZKi+1","Hololive_Sequa+1","Hololive_CallHoshimachiSuisei","Hololive_CallOzoraSubaru","Hololive_CallYuzukiChoco","Hololive_CallUsadaPekora+1","Hololive_HuntDinosaur+1","Hololive_CallTokinoSora","Hololive_CallAyundaRisu+1","Hololive_CallSakuraMiko","Hololive_CallTokoyamiTowa","Hololive_Nanodesu+1","Hololive_RevenueBasedLive+1","Hololive_CallMomosuzuNene+7","Hololive_Watashimo","Hololive_CallRoboco+1","Hololive_CallCivia","Hololive_CallNekomataOkayu+1","Hololive_CallShishiroBotan+1","Hololive_MaximGun+1","Hololive_CallYogiri","Hololive_CallShiroganeNoel+1","Hololive_CocoNews+1","Hololive_CallTokinoSora+1","Hololive_CallFriendA+1","Hololive_CallKiryuuCoco+1","Amnesia","Hololive_CallUruhaRushia+1","Hololive_SoulCatcher","Hololive_DurableLive"],"relics":["Hololive_TheStar","DaveBox","ArrowTower","Gremlin Food","SynthV:TestCard","HollowMod:PaleOreRelic","PreservedInsect","StoneCalendar","StuffTheSpire:ForceGauntlet","Smiling Mask","Enchiridion","RhineSuit","Lantern","MealTicket","aspiration:HummingbirdHeart","Frozen Egg 2","Ring of Searing","ReplayTheSpireMod:Ring of Addiction","Chameleon Ring","SacredBark","reliquary:PorcupineQuills","hubris:TenFootPole"],"acts_visited":["Exordium","Gensokyo:Gensokyo","Gensokyo:Gensokyoer","TheEnding"],"potions_floor_usage":[11,11,16,16,16,23,23,23,50,54,55,55],"damage_taken":[{"damage":0,"enemies":"Gensokyo:2_Kodama","floor":1,"turns":3},{"damage":0,"enemies":"Gensokyo:3_Fairies","floor":2,"turns":3},{"damage":0,"enemies":"Gensokyo:Python","floor":3,"turns":3},{"damage":0,"enemies":"Gensokyo:Kitsune","floor":5,"turns":2},{"damage":0,"enemies":"Gensokyo:Mamizou","floor":7,"turns":4},{"damage":0,"enemies":"Gensokyo:LivingMonolith","floor":8,"turns":3},{"damage":0,"enemies":"Gensokyo:2_Rabbits","floor":10,"turns":3},{"damage":0,"enemies":"Gensokyo:Aya","floor":11,"turns":3},{"damage":0,"enemies":"Gensokyo:VengefulSpirit","floor":12,"turns":4},{"damage":0,"enemies":"Gensokyo:LivingMonolith","floor":13,"turns":2},{"damage":0,"enemies":"Gensokyo:Reimu","floor":16,"turns":6},{"damage":0,"enemies":"Gensokyo:AngelMirror","floor":18,"turns":2},{"damage":0,"enemies":"Gensokyo:2_Gloops","floor":20,"turns":3},{"damage":0,"enemies":"Gensokyo:Monolith_and_Dog","floor":21,"turns":4},{"damage":0,"enemies":"Gensokyo:Tenshi","floor":23,"turns":1},{"damage":0,"enemies":"Gensokyo:3_Gloops","floor":24,"turns":3},{"damage":0,"enemies":"Gensokyo:Wraith","floor":27,"turns":3},{"damage":0,"enemies":"Gensokyo:Slime_Group","floor":28,"turns":3},{"damage":0,"enemies":"Gensokyo:Eternal_Rivals","floor":33,"turns":7},{"damage":0,"enemies":"Gensokyo:3_Bats","floor":35,"turns":2},{"damage":0,"enemies":"Gensokyo:AncientGuardian","floor":37,"turns":2},{"damage":0,"enemies":"Gensokyo:Dusk_and_Dawn","floor":38,"turns":3},{"damage":0,"enemies":"Gensokyo:SeedOfUnknown","floor":42,"turns":2},{"damage":0,"enemies":"Gensokyo:Sharpion","floor":45,"turns":3},{"damage":0,"enemies":"Gensokyo:Yuyuko","floor":50,"turns":4},{"damage":0,"enemies":"Shield and Spear","floor":54,"turns":3},{"damage":31,"enemies":"The Heart","floor":55,"turns":5}],"seed_played":"-136106825853597674","potions_obtained":[{"floor":2,"key":"Flashbang"},{"floor":7,"key":"Cursed Concoction"},{"floor":10,"key":"Milkshake"},{"floor":12,"key":"LifebloodPotion"},{"floor":13,"key":"PowerPotion"},{"floor":18,"key":"SteroidPotion"},{"floor":20,"key":"Languid Potion"},{"floor":21,"key":"BlessingOfTheForge"},{"floor":33,"key":"AttackPotion"},{"floor":38,"key":"Swift Potion"},{"floor":45,"key":"GamblersBrew"},{"floor":46,"key":"FearPotion"},{"floor":54,"key":"Explosive Potion"}],"is_trial":false,"path_per_floor":["M","M","M","?","M","R","E","M","T","M","E","M","M","?","R","B",null,"M","?","M","M","?","E","M","?","T","M","M","?","?","$","R","B",null,"M","?","M","M","$","$","R","M","T","R","M","?","?","T","R","B",null,"R","$","E","B"],"character_chosen":"Hololive_HololiveCharacter","items_purchased":["Hololive_CallTokinoSora","Hololive_CallUruhaRushia+1","Hololive_SoulCatcher"],"campfire_rested":0,"item_purchase_floors":[39,53,53],"current_hp_per_floor":[35,35,35,5,5,5,5,5,5,5,5,5,5,5,5,5,35,35,35,35,35,13,13,13,13,13,13,13,13,13,28,28,28,33,33,33,33,33,33,33,33,33,33,33,33,33,33,33,33,31,31,31,31,29,0,0],"gold":120,"neow_bonus":"RANDOM_COMMON_RELIC","is_daily":false,"chose_seed":false,"campfire_upgraded":6,"win_rate":0.0,"timestamp":1612212696,"path_taken":["M","M","M","?","M","R","E","M","T","M","E","M","?","?","R","BOSS","M","?","?","M","?","E","?","?","T","M","?","?","?","?","R","BOSS","M","?","M","M","?","$","R","?","T","R","M","?","?","?","R","BOSS","R","$","E","BOSS"],"items_purchased_type":["Card","Card","Card"],"build_version":"2020-12-22","purchased_purges":0,"victory":false,"max_hp_per_floor":[35,35,35,35,35,35,35,35,35,35,35,35,35,35,35,35,35,35,35,35,35,35,35,35,33,33,33,33,33,33,33,33,33,33,33,33,33,33,33,33,33,33,33,33,33,33,33,33,33,31,31,31,31,29,29,29],"card_choices":[{"not_picked":["Hololive_Drill","Hololive_Psychosis","Hololive_OvertimeWork"],"picked":"Hololive_Sequa","floor":1},{"not_picked":["Hololive_ILoveYou","Hololive_CocoNews","Hololive_LuckPotion","Hololive_OvertimeWork","Hololive_RevenueBasedLive"],"picked":"Hololive_CallHoshimachiSuisei","floor":2},{"not_picked":["Hololive_CocoNews","Hololive_LuckPotion","Hololive_BeCareful","Hololive_Drill","Hololive_CallMoonaHoshinova"],"picked":"Hololive_CallOzoraSubaru","floor":3},{"not_picked":["Hololive_CallCivia","Hololive_CallArtia","Hololive_Sequa","Hololive_Rebound","Hololive_HighAtkLowDef"],"picked":"Hololive_CallYuzukiChoco","floor":5},{"not_picked":["Hololive_Rebirth","Hololive_LuckPotion","Hololive_CallYukihanaLamy","Hololive_Psychosis","Hololive_OvertimeWork"],"picked":"Hololive_CallUsadaPekora","floor":7},{"not_picked":["Hololive_FlyingPonyTail","Hololive_Rebound","Hololive_Sequa","Hololive_CallAmaneKanata","Hololive_LuckPotion"],"picked":"Hololive_HuntDinosaur","floor":8},{"not_picked":["Hololive_IdolExercise","Hololive_CocoNews","Hololive_RevenueBasedLive","Hololive_Drill","Hololive_StrengthChampion"],"picked":"Hololive_CallTokinoSora","floor":10},{"not_picked":["Hololive_OvertimeWork","Hololive_CallNakiriAyame","Hololive_Trident","Hololive_FlyingPonyTail","Hololive_CallOkamiMio"],"picked":"Hololive_CallAyundaRisu","floor":11},{"not_picked":["Hololive_OvertimeWork","Hololive_CocoNews","Hololive_SummonFox","Hololive_LuckPotion","Hololive_FlyingPonyTail"],"picked":"Hololive_CallSakuraMiko","floor":12},{"not_picked":["Hololive_Psychosis","Hololive_OvertimeWork","Hololive_RevenueBasedLive","Hololive_CallAiraniIofifteen","Hololive_DurableLive"],"picked":"Hololive_CallTokoyamiTowa","floor":13},{"not_picked":["Hololive_AWSL","Hololive_OpenUp","Hololive_WolfAndLamb","Hololive_FlareMind","Hololive_Thief"],"picked":"Hololive_Nanodesu","floor":16},{"not_picked":["Hololive_Drill","Hololive_Psychosis","Hololive_Rebound","Hololive_OvertimeWork","Hololive_StrengthChampion"],"picked":"Hololive_RevenueBasedLive","floor":18},{"not_picked":["Hololive_CallYukihanaLamy","Hololive_Trident","Hololive_CallMoonaHoshinova","Hololive_CallCivia+1","Hololive_RevenueBasedLive"],"picked":"Hololive_CallMomosuzuNene","floor":20},{"not_picked":["Hololive_CocoNews+1","Hololive_StrengthChampion","Hololive_Rebound","Hololive_LuckPotion","Hololive_HighAtkLowDef","Hololive_Drill"],"picked":"SKIP","floor":21},{"not_picked":["Hololive_LuckPotion","Hololive_OvertimeWork","Hololive_HuntDinosaur+1","Hololive_CallAyundaRisu","Hololive_CallAZKi"],"picked":"Hololive_Watashimo","floor":23},{"not_picked":["Hololive_OvertimeWork","Hololive_StrengthChampion+1","Hololive_Sequa","Hololive_Rebound","Hololive_CallAiraniIofifteen"],"picked":"Hololive_CallRoboco","floor":24},{"not_picked":["Hololive_CallNatsuiroMatsuri","Hololive_Trident","Hololive_Drill+1","Hololive_HuntDinosaur","Hololive_CallUsadaPekora+1"],"picked":"Hololive_CallCivia","floor":27},{"not_picked":["Hololive_CallAZKi+1","Hololive_Drill+1","Hololive_CallUsadaPekora+1","Hololive_DiamondStrike","Hololive_StrengthChampion"],"picked":"Hololive_CallNekomataOkayu","floor":28},{"not_picked":["Hololive_Rebirth","Hololive_BeCareful","Hololive_OpenUp","Hololive_WolfAndLamb","Hololive_FlareMind"],"picked":"Hololive_MaximGun","floor":33},{"not_picked":["Hololive_ManjiGathering","Hololive_Trident+1","Hololive_CallNekomataOkayu","Hololive_OvertimeWork","Hololive_Yoholoon+1"],"picked":"Hololive_CallYogiri","floor":35},{"not_picked":["Hololive_StrengthChampion+1","Hololive_CallSpadeEcho+1","Hololive_Drill","Hololive_CallUruhaRushia+1","Hololive_Psychosis+1"],"picked":"Hololive_CallShiroganeNoel+1","floor":37},{"not_picked":["Hololive_Sequa","Hololive_Rebound","Hololive_Trident","Hololive_RevenueBasedLive+1","Hololive_LuckPotion+1"],"picked":"Hololive_CocoNews+1","floor":38},{"not_picked":["Hololive_CallSakuraMiko","Hololive_CallOzoraSubaru","Hololive_Trident","Hololive_HuntDinosaur","Hololive_CallNatsuiroMatsuri+1"],"picked":"Hololive_CallFriendA","floor":42},{"not_picked":["Hololive_RevenueBasedLive","Hololive_CallYogiri+1","Hololive_CallCivia+1","Hololive_CallYuzukiChoco+1","Hololive_CallYukihanaLamy+1"],"picked":"Hololive_CallKiryuuCoco+1","floor":45},{"not_picked":["Hololive_HuntDinosaur+1","Hololive_BringToTrial","Hololive_RevenueBasedLive","Hololive_CallAyundaRisu+1","Hololive_FlyingPonyTail+1"],"picked":"Hololive_DurableLive","floor":54}],"player_experience":848306,"relics_obtained":[{"floor":1,"key":"SynthV:TestCard"},{"floor":7,"key":"StoneCalendar"},{"floor":9,"key":"StuffTheSpire:ForceGauntlet"},{"floor":11,"key":"Smiling Mask"},{"floor":23,"key":"aspiration:HummingbirdHeart"},{"floor":43,"key":"Frozen Egg 2"},{"floor":46,"key":"Ring of Searing"},{"floor":46,"key":"ReplayTheSpireMod:Ring of Addiction"},{"floor":46,"key":"Chameleon Ring"},{"floor":46,"key":"SacredBark"},{"floor":48,"key":"reliquary:PorcupineQuills"},{"floor":54,"key":"hubris:TenFootPole"}],"event_choices":[{"damage_healed":0,"gold_gain":219,"player_choice":"GO GO RE RE ","damage_taken":36,"relics_obtained":["HollowMod:PaleOreRelic","PreservedInsect"],"max_hp_gain":0,"max_hp_loss":0,"event_name":"betterSkull:BetterSkull","floor":4,"gold_loss":0,"cards_upgraded":[]},{"damage_healed":0,"gold_gain":111,"player_choice":"GO RE RE ","damage_taken":27,"relics_obtained":["Lantern","MealTicket"],"max_hp_gain":0,"max_hp_loss":0,"event_name":"betterSkull:BetterSkull","floor":22,"gold_loss":0,"cards_upgraded":[]}],"is_beta":false,"boss_relics":[{"not_picked":["ChewingGum","Ectoplasm"],"picked":"RhineSuit"},{"not_picked":["reliquary:Ember","Coffee Dripper","Snecko Eye"]}],"items_purged_floors":[],"is_endless":false,"potions_floor_spawned":[2,7,10,12,13,18,20,21,33,38,45,54],"killed_by":"The Heart","ascension_level":0}}