{"host":"5sge6gv1nm0vflk2","time":1612167768,"event":{"mods":["AchievementEnabler","Aspiration","Bard","BaseMod","Beaked The Cultist","Better Third Choice","BetterRewards","Challenge The Spire","Colored Powertips","Conspire","Curses Come First","Downfall","Halation","Hubris","Infinite Spire","Minty Spire (QoL Compilation)","Relic Stats","Shade Mod","Shop Mod","Spicy Shops","StSLib","The Construct","The Cursed","The Disciple","The Hierophant","The Runesmith","The Servant 0.9.4"],"gold_per_floor":[117,217,230,230,2,2,21,21,70,100,100,127,142,167,167,269,269,279,279,279,279,299,299,310,345,399,424,3,39,39,60,60,162,212,227,227,250,264,36,84,84,125,125,125,75,75,75,101,101,133,133,133,23,75,105,105],"floor_reached":55,"language":"ENG","playtime":6383,"items_purged":["Slimebound:Tackle+1","Defend_S","Defend_S"],"score":1015,"play_id":"3c651b0b-9a9d-4739-a1d5-37a53890ecd3","local_time":"20210201022248","is_ascension_mode":true,"campfire_choices":[{"floor":6,"key":"REST"},{"floor":8,"key":"REST"},{"data":"MoonPhase","floor":11,"key":"SMITH"},{"floor":15,"key":"REST"},{"data":"Revamp","floor":23,"key":"SMITH"},{"floor":32,"key":"REST"},{"data":"Luminosity","floor":41,"key":"SMITH"},{"floor":44,"key":"RECALL"},{"floor":46,"key":"REST"},{"floor":49,"key":"REST"},{"data":"Replace","floor":52,"key":"SMITH"}],"circlet_count":0,"master_deck":["Defend_S","Defend_S","KidneyShot","Exchange","Potential+1","Rearm","Starlight","Luminosity+1","Collapse","Rewind","TimeWarp","Spin","MoonPhase+1","Ricochet","TimeTheft","Revamp+1","Dilation","Revamp+1","Slimebound:Tackle+1","CurseOfTheBell","Luminosity","Spin","DualDimension","Sabotage","conspire:Banana","Alleviate","Rearm+1","KillingDoll","Defy","SpecialFormula","BottledTime","Replace+1","BottledTime","ShiftingGears","BestPractice+1","conspire:SpireCoStock","DoubleEdge+1","Sabotage+1"],"relics":["SplendidAttire","MerchantsRug","beaked:ShinyBauble","hubris:EmptyBottle","hubris:Icosahedron","HandDrill","Broom","Bag of Marbles","Mummified Hand","halation:EternalFortune","Kunai","Thread and Needle","halation:Toothbrush","infinitespire:Beetle Shell","hubris:FunFungus","halation:IllGainedPizza","Happy Flower","PreservedInsect","aspiration:EmptySkull","Black Star","halation:PromiseList","Meat on the Bone","aspiration:TrustyKnives","Letter Opener","infinitespire:Lucky Rock","hubris:Reverence","infinitespire:FocusingShard"],"acts_visited":["Exordium","TheCity","TheBeyond","TheEnding"],"potions_floor_usage":[12,16,24,27,31,33,33,33,33,33,40,40,40,42,50,50,50,50,50,50,54,54,54,54],"damage_taken":[{"damage":1,"enemies":"2 Louse","floor":1,"turns":2},{"damage":0,"enemies":"Cultist","floor":3,"turns":3},{"damage":6,"enemies":"Jaw Worm","floor":7,"turns":2},{"damage":0,"enemies":"Gremlin Nob","floor":10,"turns":2},{"damage":20,"enemies":"3 Sentries","floor":12,"turns":4},{"damage":0,"enemies":"Looter","floor":13,"turns":2},{"damage":25,"enemies":"Lagavulin","floor":14,"turns":6},{"damage":10,"enemies":"Hexaghost","floor":16,"turns":7},{"damage":6,"enemies":"3 Byrds","floor":18,"turns":4},{"damage":0,"enemies":"conspire:FuzzyDice","floor":22,"turns":4},{"damage":1,"enemies":"conspire:HollyBat","floor":24,"turns":10},{"damage":7,"enemies":"conspire:Head Lice","floor":25,"turns":6},{"damage":5,"enemies":"conspire:SneckoGhost","floor":27,"turns":10},{"damage":0,"enemies":"conspire:Head Lice","floor":29,"turns":4},{"damage":0,"enemies":"Centurion and Healer","floor":31,"turns":2},{"damage":4,"enemies":"Champ","floor":33,"turns":6},{"damage":0,"enemies":"Orb Walker","floor":35,"turns":2},{"damage":6,"enemies":"3 Darklings","floor":37,"turns":5},{"damage":20,"enemies":"Jaw Worm Horde","floor":38,"turns":2},{"damage":0,"enemies":"Nemesis","floor":40,"turns":7},{"damage":59,"enemies":"Reptomancer","floor":42,"turns":4},{"damage":21,"enemies":"4 Shapes","floor":48,"turns":4},{"damage":32,"enemies":"Donu and Deca","floor":50,"turns":5},{"damage":48,"enemies":"Shield and Spear","floor":54,"turns":5},{"damage":78,"enemies":"The Heart","floor":55,"turns":3}],"seed_played":"-6361577531508305804","potions_obtained":[{"floor":1,"key":"LiquidBronze"},{"floor":10,"key":"Strength Potion"},{"floor":16,"key":"Ancient Potion"},{"floor":18,"key":"Energy Potion"},{"floor":31,"key":"PowerPotion"},{"floor":34,"key":"construct:ShiftPotion"},{"floor":40,"key":"hexamod:SoulburnPotion"},{"floor":42,"key":"Fire Potion"},{"floor":48,"key":"Fire Potion"}],"is_trial":false,"path_per_floor":["M","?","M","?","$","R","M","R","T","E","R","E","M","E","R","B",null,"M","?","?","AVR","M","R","M","E","T","E","$","E","?","M","R","B",null,"M","AVR","M","M","$","E","R","E","T","R","?","R","?","M","R","B",null,"R","$","E","B"],"character_chosen":"THE_SERVANT","items_purchased":["MerchantsRug","beaked:ShinyBauble","hubris:EmptyBottle","Potential","Rearm","HandDrill","Rewind","TimeWarp","halation:IllGainedPizza","Happy Flower","conspire:Banana","BottledTime","Fruit Juice","infinitespire:Lucky Rock","DuplicationPotion","LiquidMemories"],"campfire_rested":6,"item_purchase_floors":[0,0,0,0,0,5,5,5,28,28,28,39,39,53,53,53],"current_hp_per_floor":[50,50,50,50,50,65,59,65,65,65,65,45,45,20,39,29,65,59,62,62,62,62,62,61,54,54,49,52,57,57,58,76,77,82,83,86,84,66,69,87,87,44,44,44,44,74,77,64,95,70,108,108,108,66,0,0],"gold":105,"neow_bonus":"","is_daily":false,"chose_seed":false,"campfire_upgraded":4,"win_rate":0.0,"timestamp":1612167768,"path_taken":["M","?","?","?","$","R","M","R","T","E","R","E","M","E","R","BOSS","M","?","?","AVR","M","R","M","E","T","E","?","E","?","?","R","BOSS","M","AVR","M","M","$","E","R","E","T","R","?","R","?","M","R","BOSS","R","$","E","BOSS"],"items_purchased_type":["Relic","Relic","Relic","Card","Card","Relic","Card","Card","Relic","Relic","Card","Card","Potion","Relic","Potion","Potion"],"build_version":"2020-12-22","purchased_purges":3,"victory":false,"max_hp_per_floor":[65,65,65,65,65,65,65,65,65,65,65,65,65,65,65,65,65,65,68,68,68,68,68,68,68,68,68,71,75,75,76,76,77,82,83,86,87,87,90,101,101,102,102,102,102,102,105,106,106,108,108,108,108,110,111,111],"relic_stats":{"Happy Flower":[16],"counters":[25,111],"Mummified Hand":[56],"PreservedInsect":175,"HandDrill":[44],"Black Star":3,"Kunai":[22],"Letter Opener":[103],"obtain_stats":[{"beaked:ShinyBauble":0,"SplendidAttire":17,"Tiny House":34,"aspiration:TomeofQuesting":21,"Uniform":0,"Broom":9,"hubris:EmptyBottle":0,"hubris:Icosahedron":4,"Mummified Hand":12,"halation:Toothbrush":25,"hubris:FunFungus":27,"HandDrill":5,"halation:PromiseList":40,"Kunai":21,"MerchantsRug":0,"Happy Flower":28,"halation:IllGainedPizza":28,"Thread and Needle":21,"infinitespire:Beetle Shell":26,"PreservedInsect":29,"aspiration:TrustyKnives":42,"infinitespire:FocusingShard":54,"PaperSwan":36,"Letter Opener":42,"infinitespire:Lucky Rock":53,"hubris:Zylophone":14,"Calling Bell":21,"aspiration:EmptySkull":30,"halation:EternalFortune":19,"Bag of Marbles":10,"Black Star":36,"Meat on the Bone":40,"hubris:Reverence":54},{"beaked:ShinyBauble":0,"SplendidAttire":8,"Tiny House":16,"aspiration:TomeofQuesting":9,"Uniform":0,"Broom":3,"hubris:EmptyBottle":0,"hubris:Icosahedron":2,"Mummified Hand":5,"halation:Toothbrush":12,"hubris:FunFungus":13,"HandDrill":2,"halation:PromiseList":20,"Kunai":9,"MerchantsRug":0,"Happy Flower":13,"halation:IllGainedPizza":13,"Thread and Needle":9,"infinitespire:Beetle Shell":12,"PreservedInsect":14,"aspiration:TrustyKnives":21,"infinitespire:FocusingShard":24,"PaperSwan":17,"Letter Opener":21,"infinitespire:Lucky Rock":23,"hubris:Zylophone":7,"Calling Bell":9,"aspiration:EmptySkull":14,"halation:EternalFortune":9,"Bag of Marbles":4,"Black Star":17,"Meat on the Bone":20,"hubris:Reverence":24},{"beaked:ShinyBauble":0,"SplendidAttire":28,"Tiny House":74,"aspiration:TomeofQuesting":32,"Uniform":0,"Broom":7,"hubris:EmptyBottle":0,"hubris:Icosahedron":5,"Mummified Hand":13,"halation:Toothbrush":52,"hubris:FunFungus":62,"HandDrill":5,"halation:PromiseList":90,"Kunai":32,"MerchantsRug":0,"Happy Flower":62,"halation:IllGainedPizza":62,"Thread and Needle":32,"infinitespire:Beetle Shell":52,"PreservedInsect":66,"aspiration:TrustyKnives":94,"infinitespire:FocusingShard":108,"PaperSwan":76,"Letter Opener":94,"infinitespire:Lucky Rock":103,"hubris:Zylophone":21,"Calling Bell":32,"aspiration:EmptySkull":66,"halation:EternalFortune":32,"Bag of Marbles":9,"Black Star":76,"Meat on the Bone":90,"hubris:Reverence":108}],"Meat on the Bone":12},"card_choices":[{"not_picked":["DoubleEdge","FastForward"],"picked":"Luminosity","floor":1},{"not_picked":["Hightail","DoubleEdge"],"picked":"Collapse","floor":3},{"not_picked":["WasteNot","Moonlight"],"picked":"Spin","floor":7},{"not_picked":["Replace","InstantArmor"],"picked":"MoonPhase","floor":10},{"not_picked":["Starlight","BottledTime"],"picked":"Ricochet","floor":12},{"not_picked":["KillingDoll","ShatteredReality"],"picked":"TimeTheft","floor":13},{"not_picked":["InstantArmor","Potential"],"picked":"Revamp","floor":14},{"not_picked":["SoulSculpture","Solidify"],"picked":"Dilation","floor":16},{"not_picked":["BottledTime","Moonlight"],"picked":"Revamp+1","floor":18},{"not_picked":["FanOfKnives","Potential+1"],"picked":"Luminosity","floor":22},{"not_picked":["Barrier","DoubleEdge"],"picked":"Spin","floor":24},{"not_picked":["WasteNot","Starlight"],"picked":"DualDimension","floor":25},{"not_picked":["Rewind","Rearm"],"picked":"Sabotage","floor":27},{"not_picked":["Duplication","InstantArmor"],"picked":"Alleviate","floor":29},{"not_picked":["Revamp","FastForward"],"picked":"Rearm+1","floor":31},{"not_picked":["PendulumOfEternity","Duplication"],"picked":"KillingDoll","floor":33},{"not_picked":["Replace","Spin"],"picked":"Defy","floor":34},{"not_picked":["Rearm","WasteNot"],"picked":"SpecialFormula","floor":35},{"not_picked":["FastForward+1","TimeTheft+1"],"picked":"BottledTime","floor":37},{"not_picked":["Ricochet","Starlight+1"],"picked":"Replace","floor":38},{"not_picked":["BottledTime+1","Rearm+1"],"picked":"ShiftingGears","floor":40},{"not_picked":["TimeWarp","DualDimension"],"picked":"BestPractice+1","floor":42},{"not_picked":["Gouge","Read"],"picked":"DoubleEdge+1","floor":48},{"not_picked":["MoonPhase+1","FastForward"],"picked":"Sabotage+1","floor":54}],"player_experience":452964,"relics_obtained":[{"floor":9,"key":"Broom"},{"floor":10,"key":"Bag of Marbles"},{"floor":12,"key":"Mummified Hand"},{"floor":14,"key":"hubris:Zylophone"},{"floor":21,"key":"aspiration:TomeofQuesting"},{"floor":21,"key":"Kunai"},{"floor":21,"key":"Thread and Needle"},{"floor":25,"key":"halation:Toothbrush"},{"floor":26,"key":"infinitespire:Beetle Shell"},{"floor":27,"key":"hubris:FunFungus"},{"floor":29,"key":"halation:EternalFortune"},{"floor":29,"key":"PreservedInsect"},{"floor":40,"key":"halation:PromiseList"},{"floor":40,"key":"Meat on the Bone"},{"floor":42,"key":"aspiration:TrustyKnives"},{"floor":42,"key":"Letter Opener"},{"floor":54,"key":"hubris:Reverence"},{"floor":54,"key":"infinitespire:FocusingShard"}],"event_choices":[{"damage_healed":0,"gold_gain":100,"player_choice":"Pray","damage_taken":0,"max_hp_gain":0,"max_hp_loss":0,"event_name":"Golden Shrine","floor":2,"gold_loss":0},{"damage_healed":0,"gold_gain":0,"player_choice":"Opened","damage_taken":0,"relics_obtained":["aspiration:EmptySkull"],"max_hp_gain":0,"max_hp_loss":0,"event_name":"The Mausoleum","floor":30,"gold_loss":0},{"damage_healed":0,"gold_gain":0,"player_choice":"Invest 1","damage_taken":0,"max_hp_gain":0,"max_hp_loss":0,"event_name":"conspire:Investor","floor":45,"gold_loss":0},{"cards_removed":["Slimebound:Tackle"],"damage_healed":0,"gold_gain":0,"player_choice":"Removed Attack","damage_taken":0,"max_hp_gain":0,"max_hp_loss":0,"event_name":"Falling","floor":47,"gold_loss":0}],"is_beta":false,"boss_relics":[{"not_picked":["MysterySword","aspiration:RunesmithSkillbook"],"picked":"SplendidAttire"},{"not_picked":["halation:ForbiddenBikini","Philosopher\u0027s Stone"],"picked":"Tiny House"}],"items_purged_floors":[28,36,39],"is_endless":false,"potions_floor_spawned":[1,10,16,18,25,31,40,42,48],"killed_by":"The Heart","ascension_level":1}}