{"host":"hjajo0rafoe1e6c4","time":1612148379,"event":{"mods":["AchievementEnabler","BaseMod","Bestiary","Colored Map","Colored Powertips","Downfall","Highlight Path","Minty Spire (QoL Compilation)","Relic Stats","StSLib"],"gold_per_floor":[99,113,123,10,10,20,46,64,90,90,115,127,35,51,63,63,63,63],"floor_reached":16,"language":"ENG","playtime":1227,"items_purged":[],"score":114,"play_id":"ba663ce5-29c5-494c-b513-c2180f688ee4","local_time":"20210131215939","is_ascension_mode":false,"campfire_choices":[{"floor":1,"key":"RECALL"},{"data":"Guardian:Suspension","floor":10,"key":"SMITH"}],"circlet_count":0,"master_deck":["Guardian:Strike_Guardian","Guardian:Strike_Guardian","Guardian:Strike_Guardian","Guardian:Strike_Guardian","Guardian:Defend_Guardian","Guardian:Defend_Guardian","Guardian:Defend_Guardian","Guardian:Defend_Guardian","Guardian:CurlUp","Guardian:TwinSlam","Guardian:CrystalBeam","Guardian:PrimingBeam","Guardian:PiercingHide","Guardian:BronzeArmor","Guardian:Suspension+1","Guardian:Gem_Yellow","Guardian:Gem_Synthetic","Guardian:Gem_Lightblue","Guardian:Incinerate","Guardian:Reroute","Guardian:Gem_Cyan"],"relics":["Guardian:ModeShifter","Dream Catcher","White Beast Statue"],"acts_visited":["Exordium"],"potions_floor_usage":[9,9,15,16,16],"damage_taken":[{"damage":5,"enemies":"Cultist","floor":2,"turns":5},{"damage":2,"enemies":"2 Louse","floor":3,"turns":3},{"damage":0,"enemies":"downfall:FleeingMerchant","floor":4,"turns":4},{"damage":5,"enemies":"Jaw Worm","floor":6,"turns":4},{"damage":6,"enemies":"Blue Slaver","floor":8,"turns":4},{"damage":25,"enemies":"Lagavulin","floor":9,"turns":13},{"damage":9,"enemies":"Gremlin Nob","floor":11,"turns":5},{"damage":9,"enemies":"Red Slaver","floor":12,"turns":3},{"damage":0,"enemies":"downfall:FleeingMerchant","floor":13,"turns":4},{"damage":0,"enemies":"3 Louse","floor":14,"turns":4},{"damage":10,"enemies":"Gremlin Gang","floor":15,"turns":3},{"damage":24,"enemies":"DF_ARCHETYPE_STREAMLINE","floor":16,"turns":6}],"seed_played":"7113159887196994167","potions_obtained":[{"floor":2,"key":"PowerPotion"},{"floor":3,"key":"PowerPotion"},{"floor":5,"key":"Fire Potion"},{"floor":11,"key":"BlessingOfTheForge"},{"floor":12,"key":"Strength Potion"},{"floor":15,"key":"sneckomod:MuddlingPotion"}],"is_trial":false,"path_per_floor":["R","M","M","$","?","M","T","M","E","R","E","M","$","M","M","B"],"character_chosen":"GUARDIAN","items_purchased":["Guardian:PiercingHide","Guardian:Gem_Green","Guardian:Gem_Lightblue","Guardian:Incinerate"],"campfire_rested":0,"item_purchase_floors":[4,4,13,13],"current_hp_per_floor":[88,83,81,81,81,76,76,70,45,45,36,27,27,27,17,0,0,0],"gold":63,"neow_bonus":"TEN_PERCENT_HP_BONUS","is_daily":false,"chose_seed":false,"campfire_upgraded":1,"win_rate":0.0,"timestamp":1612148379,"path_taken":["R","?","M","?","?","M","T","M","E","R","E","M","$","?","M","BOSS"],"items_purchased_type":["Card","Card","Card","Card"],"build_version":"2020-12-22","purchased_purges":0,"victory":false,"max_hp_per_floor":[88,88,88,88,88,88,88,88,88,88,88,88,88,88,88,88,88,88],"relic_stats":{"Dream Catcher":0,"counters":[12,58],"obtain_stats":[{"Dream Catcher":9,"Guardian:ModeShifter":0,"White Beast Statue":11},{"Dream Catcher":6,"Guardian:ModeShifter":0,"White Beast Statue":7},{"Dream Catcher":33,"Guardian:ModeShifter":0,"White Beast Statue":38}]},"card_choices":[{"not_picked":["Guardian:SpikerProtocol","Guardian:MultiBeam"],"picked":"Guardian:Gem_White","floor":2},{"not_picked":["Guardian:Incinerate","Guardian:WalkerClaw"],"picked":"Guardian:CrystalBeam","floor":3},{"not_picked":["Guardian:WalkerClaw","Guardian:ShieldSpikes"],"picked":"Guardian:PrimingBeam","floor":4},{"not_picked":["Guardian:Harden","Guardian:CrystalBeam"],"picked":"Guardian:BronzeArmor","floor":6},{"not_picked":["Guardian:FloatingOrbs","Guardian:VentSteam"],"picked":"Guardian:Gem_Cyan","floor":8},{"not_picked":["Guardian:TimeCapacitor","Guardian:ConstructionForm"],"picked":"Guardian:Suspension","floor":9},{"not_picked":["Guardian:SpikerProtocol","Guardian:Harden","Guardian:PolyBeam"],"picked":"SKIP","floor":11},{"not_picked":["Guardian:PiercingHide","Guardian:Gem_Cyan"],"picked":"Guardian:Gem_Yellow","floor":12},{"not_picked":["Guardian:ConstructionForm","Guardian:PiercingHide"],"picked":"Guardian:Gem_Synthetic","floor":13},{"not_picked":["Guardian:PiercingHide","Guardian:Gem_Fragmented"],"picked":"Guardian:Reroute","floor":14},{"not_picked":["Guardian:ChargeCore","Guardian:BronzeArmor"],"picked":"Guardian:Gem_Cyan","floor":15}],"player_experience":206599,"relics_obtained":[{"floor":9,"key":"Dream Catcher"},{"floor":11,"key":"White Beast Statue"}],"event_choices":[{"damage_healed":0,"gold_gain":0,"player_choice":"Got Potions","damage_taken":0,"max_hp_gain":0,"max_hp_loss":0,"event_name":"Lab","floor":5,"gold_loss":0}],"is_beta":false,"boss_relics":[],"items_purged_floors":[],"is_endless":false,"potions_floor_spawned":[2,3,11,12,13,14,15],"killed_by":"DF_ARCHETYPE_STREAMLINE","ascension_level":0}}