{"host":"tm3ghj8mno6gwywm","time":1612211626,"event":{"mods":["2.2 Compatiblity","AchievementEnabler","Bard","BaseMod","Beaked The Cultist","Better Third Choice","Colored Map","Colored Powertips","Conspire","Downfall","Glutton Mod","GungeonMod","Halation","Hermit","Hubris","Infinite Spire","Jorbs\u0027s Wanderer Trilogy","Mad Scientist","Marisa????????","Marked Mod","Mimic Mod","Minty Spire (QoL Compilation)","Potionbrewer","Quick Restart","Replay The Spire","Shade Mod","Shop Mod","Somnambulant","Spicy Shops","StSLib","SuperFastMode","The Bug Knight","The Construct","The Cursed","The Disciple","The Hierophant","The IronCluck","The Judge","The Jungle","The Necromancer","The Runesmith","The Servant 0.9.4","egg"],"gold_per_floor":[419,436,436,436,436,40,65,95,142,161,194,207,222,222,222,326,326,343,105,124,26,42,74,74,94,164,164,193,193,206,221,221,322,322,332,332,345,209,209,209,235,253,290,304,18,33,33,63,63,63,63,63,63,93,93],"floor_reached":56,"language":"ENG","playtime":2230,"items_purged":["Normality"],"score":1537,"play_id":"ddaa51c4-725f-4b4d-815f-59a29db81532","local_time":"20210201153346","is_ascension_mode":false,"campfire_choices":[{"floor":15,"key":"RECALL"},{"data":"bard:Inspire","floor":24,"key":"SMITH"},{"data":"bard:Riposte","floor":27,"key":"SMITH"},{"floor":32,"key":"REST"},{"floor":40,"key":"REST"},{"data":"bard:Defend","floor":49,"key":"SMITH"},{"floor":52,"key":"REST"}],"circlet_count":0,"master_deck":["bard:Strike","bard:Strike","bard:Strike","bard:Strike","bard:Defend","bard:Defend","bard:Defend","bard:Defend+1","bard:Riposte+1","bard:Inspire+1","bard:MantleOfInspiration+1","bard:EchoEcho+1","bard:DiscordantVoice+1","bard:DiscordantVoice+1","bard:SixFourTime+1","bard:HideousLaughter+1","bard:GlyphOfWarding+1","bard:FaerieFire+1","bard:StudiedStrike+1","bard:CovetousAura+1","bard:DiscordantVoice+1","bard:HideousLaughter+1","bard:Thunderwave+1","bard:Sift+1","bard:ThickOfTheFight+1","bard:Shifting+1","bard:Parry+1","bard:GlyphOfWarding+1","bard:Haste+1","bard:Parry+1","bard:Demoralize+1","bard:Sift+1","bard:ThickOfTheFight+1","bard:Thunderwave+1","bard:Sift+1","bard:SplendidForm+1","bard:GreaterMagicWeapon+1","bard:MantleOfInspiration+1","bard:ViciousMockery+1","bard:DervishDance+1"],"relics":["bard:PitchPipe","bard:BagPipes","Old Coin","WingedGreaves","Lizard Tail","Mummified Hand","Black Star","Molten Egg 2","Toxic Egg 2","Frozen Egg 2","Quantum Egg","Membership Card","bronze:BronzeIdol","Blue Candle","halation:PinkSoulGem","BargainBundle","infinitespire:FocusingShard","TungstenRod","Oddly Smooth Stone","Dream Catcher","DemoMod:ChaffGrenade","Bird Faced Urn","Slimebound:PreparedRelic","halation:LettersToHer","Golden Egg","ReplayTheSpireMod:Shallot","Orrery","White Beast Statue","Peace Pipe","Calipers","HornCleat","Kunai","MutagenicStrength","conspire:BottledYoYo","halation:AfternoonTea","Akabeko","Counterbalance","hubris:64BitClover","Potion Belt","hubris:EmptyBottle","Strawberry","bard:EchoChamber","Anchor","potionbrewer:Torch","Pear"],"acts_visited":["Exordium","TheCity","TheBeyond","TheEnding"],"potions_floor_usage":[8,8,8,16,55,55,55,55,55,55,55,55],"damage_taken":[{"damage":0,"enemies":"2 Louse","floor":1,"turns":3},{"damage":3,"enemies":"Small Slimes","floor":2,"turns":4},{"damage":9,"enemies":"3 Sentries","floor":7,"turns":7},{"damage":0,"enemies":"Lagavulin","floor":8,"turns":5},{"damage":2,"enemies":"conspire:RoseBush","floor":10,"turns":3},{"damage":0,"enemies":"Replay:BlueRogue","floor":11,"turns":3},{"damage":0,"enemies":"Exordium Thugs","floor":12,"turns":3},{"damage":0,"enemies":"Large Slime","floor":13,"turns":5},{"damage":0,"enemies":"Hexaghost","floor":16,"turns":4},{"damage":0,"enemies":"Chosen","floor":18,"turns":4},{"damage":0,"enemies":"Snecko","floor":20,"turns":3},{"damage":5,"enemies":"Cultist and Chosen","floor":22,"turns":6},{"damage":12,"enemies":"Gremlin Leader","floor":23,"turns":7},{"damage":0,"enemies":"Shelled Parasite and Fungi","floor":25,"turns":2},{"damage":0,"enemies":"Replay:Snechameleon","floor":28,"turns":4},{"damage":0,"enemies":"conspire:HollyBat","floor":30,"turns":8},{"damage":0,"enemies":"Centurion and Healer","floor":31,"turns":4},{"damage":0,"enemies":"Champ","floor":33,"turns":10},{"damage":0,"enemies":"3 Darklings","floor":35,"turns":4},{"damage":0,"enemies":"Orb Walker","floor":37,"turns":5},{"damage":0,"enemies":"Giant Head","floor":41,"turns":8},{"damage":0,"enemies":"Spire Growth","floor":42,"turns":5},{"damage":0,"enemies":"3 Darklings","floor":43,"turns":9},{"damage":0,"enemies":"3 Darklings","floor":44,"turns":5},{"damage":0,"enemies":"Maw","floor":46,"turns":7},{"damage":0,"enemies":"conspire:MimicChest","floor":48,"turns":5},{"damage":6,"enemies":"conspire:OrnateMirror","floor":50,"turns":7},{"damage":17,"enemies":"Shield and Spear","floor":54,"turns":6},{"damage":27,"enemies":"The Heart","floor":55,"turns":8}],"seed_played":"8194019660915497505","potions_obtained":[{"floor":2,"key":"champ:CounterPotion"},{"floor":8,"key":"potionbrewer:FreezingPotion"},{"floor":11,"key":"Fire Potion"},{"floor":13,"key":"Regen Potion"},{"floor":20,"key":"potionbrewer:DiscountPotion"},{"floor":30,"key":"potionbrewer:NoxiousPotion"},{"floor":31,"key":"LiquidBronze"},{"floor":37,"key":"Dexterity Potion"}],"is_trial":false,"path_per_floor":["M","M","?","?","?","$","E","E","T","M","E","M","M","?","R","B",null,"M","$","M","$","M","E","R","M","T","R","E","?","M","M","R","B",null,"M","?","M","$","?","R","E","M","MIM","M","$","M","?","?","R","B",null,"R","$","E","B",null],"character_chosen":"BARD","items_purchased":["BargainBundle","infinitespire:FocusingShard","TungstenRod","Oddly Smooth Stone","Dexterity Potion","Weak Potion","bard:DiscordantVoice+1","ReplayTheSpireMod:Shallot","bard:DiscordantVoice+1","Orrery","bard:GlyphOfWarding+1","White Beast Statue","bard:SplendidForm+1","conspire:BottledYoYo","bard:MantleOfInspiration+1","Potion Belt","hubris:EmptyBottle","Strawberry","bard:EchoChamber","PowerPotion","ColorlessPotion"],"campfire_rested":3,"item_purchase_floors":[6,6,6,6,6,6,6,19,19,19,21,21,38,38,45,45,45,45,45,45,45],"current_hp_per_floor":[70,67,62,62,62,62,53,53,53,59,69,70,70,70,70,70,70,70,70,70,70,69,64,64,70,70,70,70,70,70,70,70,70,70,70,70,70,70,70,70,70,70,70,70,77,77,77,77,77,71,77,77,77,83,78],"gold":93,"neow_bonus":"RANDOM_COMMON_RELIC","is_daily":false,"chose_seed":false,"campfire_upgraded":3,"win_rate":0.0,"timestamp":1612211626,"path_taken":["M","M","?","?","?","$","E","E","T","?","E","M","M","?","R","BOSS","M","$","?","$","M","E","R","M","T","R","E","?","M","M","R","BOSS","M","?","M","$","?","R","E","M","MIM","?","$","M","?","?","R","BOSS","R","$","E","BOSS"],"items_purchased_type":["Relic","Relic","Relic","Relic","Potion","Potion","Card","Relic","Card","Relic","Card","Relic","Card","Relic","Card","Relic","Relic","Relic","Relic","Potion","Potion"],"build_version":"2020-12-22","purchased_purges":1,"victory":true,"max_hp_per_floor":[70,70,70,70,70,70,70,70,70,70,70,70,70,70,70,70,70,70,70,70,70,70,70,70,70,70,70,70,70,70,70,70,70,70,70,70,70,70,70,70,70,70,70,70,77,77,77,77,77,77,77,77,77,87,87],"card_choices":[{"not_picked":["bard:FeastOnFear+1","bard:CuttingWords+1"],"picked":"bard:MantleOfInspiration+1","floor":1},{"not_picked":["bard:TinyHut+1","bard:BucklerBash+1"],"picked":"bard:EchoEcho+1","floor":2},{"not_picked":["bard:Doot+1","bard:SongBolt+1"],"picked":"bard:SixFourTime+1","floor":7},{"not_picked":["bard:Doot+1","bard:BestowCurse+1"],"picked":"bard:HideousLaughter+1","floor":8},{"not_picked":["bard:Fermata+1","bard:HideousLaughter+1"],"picked":"bard:GlyphOfWarding+1","floor":10},{"not_picked":["bard:ReverseGravity+1","bard:InspiringSong+1"],"picked":"bard:FaerieFire+1","floor":11},{"not_picked":["bard:Accelerando+1","bard:CuttingWords+1","bard:SongBolt+1"],"picked":"SKIP","floor":12},{"not_picked":["bard:CuttingWords+1","bard:BestowCurse+1"],"picked":"bard:StudiedStrike+1","floor":13},{"not_picked":["bard:Wish+1","bard:Improv+1"],"picked":"bard:CovetousAura+1","floor":16},{"not_picked":["bard:Solo+1","bard:InspiringSong+1","bard:LingeringPerformance+1"],"picked":"SKIP","floor":18},{"not_picked":["bard:LifeDrain+1","bard:SongBolt+1"],"picked":"bard:HideousLaughter+1","floor":19},{"not_picked":["bard:Doot+1","bard:QuickSong+1"],"picked":"bard:Thunderwave+1","floor":19},{"not_picked":["bard:PrismaticSpray+1","bard:TinyHut+1"],"picked":"bard:Sift+1","floor":19},{"not_picked":["bard:FeastOnFear+1","bard:Accelerando+1"],"picked":"bard:ThickOfTheFight+1","floor":19},{"not_picked":["bard:TinyHut+1","bard:FeastOnFear+1"],"picked":"bard:Shifting+1","floor":19},{"not_picked":["bard:HideousLaughter+1","bard:BestowCurse+1"],"picked":"bard:Parry+1","floor":20},{"not_picked":["bard:CuttingWords+1","bard:Fermata+1"],"picked":"bard:Haste+1","floor":22},{"not_picked":["bard:GuardPoint+1","bard:TinyHut+1"],"picked":"bard:Parry+1","floor":23},{"not_picked":["bard:Gamble+1","bard:Thunderwave+1"],"picked":"bard:Demoralize+1","floor":25},{"not_picked":["bard:QuickSong+1","bard:FalseLife+1"],"picked":"bard:Sift+1","floor":28},{"not_picked":["bard:PhantasmalForce+1","bard:LingeringEcho+1","bard:LocateObject+1"],"picked":"SKIP","floor":30},{"not_picked":["bard:EchoEcho+1","bard:PhantasmalForce+1"],"picked":"bard:ThickOfTheFight+1","floor":31},{"not_picked":["bard:EchoEcho+1","bard:PhantasmalForce+1"],"picked":"bard:Thunderwave+1","floor":32},{"not_picked":["bard:InspiringSong+1","bard:StudiedStrike+1"],"picked":"bard:Sift+1","floor":35},{"not_picked":["bard:Gamble+1","bard:Blink+1","bard:QuickSong+1"],"picked":"SKIP","floor":37},{"not_picked":["bard:Silence+1","bard:LocateObject+1","bard:Thunderwave+1"],"picked":"SKIP","floor":41},{"not_picked":["bard:BestowCurse+1","bard:StudiedStrike+1"],"picked":"bard:GreaterMagicWeapon+1","floor":42},{"not_picked":["bard:Fermata+1","bard:GuardPoint+1","bard:LocateObject+1"],"picked":"SKIP","floor":44},{"not_picked":["bard:EchoEcho+1","bard:PrismaticSpray+1","bard:Flourish+1"],"picked":"SKIP","floor":46},{"not_picked":["bard:PhantasmalForce+1","bard:Fermata+1"],"picked":"bard:ViciousMockery+1","floor":48},{"not_picked":["bard:LingeringPerformance+1","bard:QuickSong+1"],"picked":"bard:DervishDance+1","floor":54}],"player_experience":855204,"relics_obtained":[{"floor":7,"key":"Dream Catcher"},{"floor":7,"key":"DemoMod:ChaffGrenade"},{"floor":8,"key":"Bird Faced Urn"},{"floor":8,"key":"Slimebound:PreparedRelic"},{"floor":11,"key":"halation:LettersToHer"},{"floor":11,"key":"Golden Egg"},{"floor":23,"key":"Peace Pipe"},{"floor":23,"key":"Calipers"},{"floor":26,"key":"halation:LettersToHer"},{"floor":26,"key":"HornCleat"},{"floor":28,"key":"Kunai"},{"floor":41,"key":"halation:AfternoonTea"},{"floor":41,"key":"Akabeko"},{"floor":43,"key":"Counterbalance"},{"floor":43,"key":"hubris:64BitClover"},{"floor":43,"key":"halation:LettersToHer"},{"floor":48,"key":"Anchor"},{"floor":54,"key":"potionbrewer:Torch"},{"floor":54,"key":"Pear"}],"event_choices":[{"damage_healed":0,"gold_gain":0,"player_choice":"Bought 0 Potions","damage_taken":0,"max_hp_gain":0,"max_hp_loss":0,"event_name":"The Woman in Blue","floor":14,"gold_loss":0},{"damage_healed":0,"gold_gain":0,"player_choice":"Inject Mutagens","damage_taken":0,"relics_obtained":["MutagenicStrength"],"max_hp_gain":0,"max_hp_loss":0,"event_name":"Drug Dealer","floor":29,"gold_loss":0},{"damage_healed":0,"gold_gain":0,"player_choice":"Ignored","damage_taken":0,"max_hp_gain":0,"max_hp_loss":0,"event_name":"Tomb of Lord Red Mask","floor":36,"gold_loss":0},{"damage_healed":0,"gold_gain":0,"player_choice":"Leave","damage_taken":0,"max_hp_gain":0,"max_hp_loss":0,"event_name":"conspire:Investor","floor":39,"gold_loss":0}],"is_beta":false,"boss_relics":[{"not_picked":["halation:CatFaceCupcake","ChewingGum","halation:Yufonium"]},{"not_picked":["beaked:MawFillet","Kintsugi","ReplayTheSpireMod:SealedPack"]}],"items_purged_floors":[45],"is_endless":false,"potions_floor_spawned":[2,8,11,13,20,22,23,25,28,30,31,33,35,37,41,42,43,44,46,48,54],"ascension_level":0}}