{"host":"5jyeqch4fosnsiz2","time":1612206893,"event":{"mods":["BaseMod","Bestiary","Colored Map","Colored Powertips","Filter the Spire","Minty Spire (QoL Compilation)","Relic Stats","StSLib","Waifu the Spire","ojb\u0027s Better Paths Mod","ojb\u0027s Info Mod"],"gold_per_floor":[117,117,117,42,60,100,3,43,111,111,136,175,199,224,224,348,348,361,286,331,346,366,366,366],"floor_reached":23,"language":"ENG","playtime":733,"items_purged":["Defend_P"],"score":234,"play_id":"c437c2b3-f2f4-4480-b771-3faaea9adf70","local_time":"20210201141453","is_ascension_mode":false,"campfire_choices":[{"floor":10,"key":"REST"},{"floor":15,"key":"RECALL"}],"circlet_count":0,"master_deck":["Strike_P+1","Strike_P","Strike_P+1","Defend_P","Eruption+1","Vigilance","Protect","CutThroughFate+1","ThirdEye","WaveOfTheHand","EmptyFist","SandsOfTime","Crescendo","Indignation","FearNoEvil","LessonLearned","Fasting2","Fasting2+1"],"relics":["Fusion Hammer","Golden Idol","Centennial Puzzle","Letter Opener","Ornamental Fan","Odd Mushroom","Happy Flower","Empty Cage","Ancient Tea Set"],"acts_visited":["Exordium","TheCity"],"potions_floor_usage":[11,16,16,21,21,23],"damage_taken":[{"damage":1,"enemies":"2 Louse","floor":1,"turns":2},{"damage":12,"enemies":"Small Slimes","floor":5,"turns":4},{"damage":5,"enemies":"Lagavulin","floor":6,"turns":3},{"damage":0,"enemies":"Gremlin Nob","floor":8,"turns":3},{"damage":0,"enemies":"The Mushroom Lair","floor":11,"turns":3},{"damage":26,"enemies":"3 Sentries","floor":12,"turns":5},{"damage":0,"enemies":"Jaw Worm","floor":13,"turns":2},{"damage":0,"enemies":"Looter","floor":14,"turns":3},{"damage":11,"enemies":"Hexaghost","floor":16,"turns":5},{"damage":1,"enemies":"Chosen","floor":18,"turns":2},{"damage":36,"enemies":"2 Thieves","floor":21,"turns":4},{"damage":21,"enemies":"3 Cultists","floor":22,"turns":4},{"damage":9,"enemies":"Book of Stabbing","floor":23,"turns":1}],"seed_played":"-6019012630044884759","potions_obtained":[{"floor":8,"key":"AttackPotion"},{"floor":12,"key":"BottledMiracle"},{"floor":14,"key":"FearPotion"},{"floor":16,"key":"Weak Potion"},{"floor":18,"key":"ColorlessPotion"},{"floor":21,"key":"Ancient Potion"}],"is_trial":false,"path_per_floor":["M","?","?","$","M","E","$","E","T","R","?","E","M","M","R","B",null,"M","?","T","M","M","E"],"character_chosen":"WATCHER","items_purchased":["WaveOfTheHand","EmptyFist"],"campfire_rested":1,"item_purchase_floors":[7,7],"current_hp_per_floor":[71,67,54,54,42,37,37,37,37,57,57,31,31,31,31,20,67,66,66,66,30,9,0,0],"gold":366,"neow_bonus":"BOSS_RELIC","is_daily":false,"chose_seed":false,"campfire_upgraded":0,"win_rate":0.0,"timestamp":1612206893,"path_taken":["M","?","?","?","M","E","$","E","T","R","?","E","M","M","R","BOSS","M","?","?","?","M","E"],"items_purchased_type":["Card","Card"],"build_version":"2020-12-22","purchased_purges":1,"victory":false,"max_hp_per_floor":[72,67,67,67,67,67,67,67,67,67,67,67,67,67,67,67,67,67,67,67,67,67,67,67],"relic_stats":{"Centennial Puzzle":[15],"Happy Flower":[7],"counters":[13,41],"Golden Idol":78,"Ornamental Fan":[40],"Letter Opener":[40],"obtain_stats":[{"Centennial Puzzle":6,"Happy Flower":12,"Golden Idol":2,"Ornamental Fan":9,"Fusion Hammer":0,"Letter Opener":8,"PureWater":0,"Odd Mushroom":11,"Empty Cage":17,"Ancient Tea Set":20},{"Centennial Puzzle":3,"Happy Flower":6,"Golden Idol":1,"Ornamental Fan":4,"Fusion Hammer":0,"Letter Opener":4,"PureWater":0,"Odd Mushroom":5,"Empty Cage":9,"Ancient Tea Set":10},{"Centennial Puzzle":9,"Happy Flower":20,"Golden Idol":2,"Ornamental Fan":12,"Fusion Hammer":0,"Letter Opener":12,"PureWater":0,"Odd Mushroom":15,"Empty Cage":30,"Ancient Tea Set":32}]},"card_choices":[{"not_picked":["PathToVictory","ClearTheMind"],"picked":"Protect","floor":1},{"not_picked":["Consecrate","EmptyBody"],"picked":"CutThroughFate","floor":5},{"not_picked":["JustLucky","ReachHeaven"],"picked":"ThirdEye","floor":6},{"not_picked":["Perseverance","Pray"],"picked":"SandsOfTime","floor":8},{"not_picked":["CrushJoints","Protect"],"picked":"Crescendo","floor":11},{"not_picked":["Adaptation","SpiritShield"],"picked":"Indignation","floor":12},{"not_picked":["Crescendo","FlyingSleeves","ThirdEye"],"picked":"SKIP","floor":13},{"not_picked":["Prostrate","Study"],"picked":"FearNoEvil","floor":14},{"not_picked":["Omniscience","Blasphemy"],"picked":"LessonLearned","floor":16},{"not_picked":["CutThroughFate+1","Meditate"],"picked":"Fasting2","floor":18},{"not_picked":["Consecrate","Crescendo","Wireheading"],"picked":"SKIP","floor":21},{"not_picked":["ThirdEye+1","Evaluate"],"picked":"Fasting2+1","floor":22}],"player_experience":372379,"relics_obtained":[{"floor":6,"key":"Centennial Puzzle"},{"floor":8,"key":"Letter Opener"},{"floor":9,"key":"Ornamental Fan"},{"floor":11,"key":"Odd Mushroom"},{"floor":12,"key":"Happy Flower"},{"floor":20,"key":"Ancient Tea Set"}],"event_choices":[{"damage_healed":0,"gold_gain":0,"player_choice":"Lose Max HP","damage_taken":0,"relics_obtained":["Golden Idol"],"max_hp_gain":0,"max_hp_loss":5,"event_name":"Golden Idol","floor":2,"gold_loss":0},{"damage_healed":0,"gold_gain":0,"player_choice":"Entered Light","damage_taken":13,"max_hp_gain":0,"max_hp_loss":0,"event_name":"Shining Light","floor":3,"gold_loss":0,"cards_upgraded":["Strike_P","Eruption"]},{"damage_healed":0,"gold_gain":0,"player_choice":"Fought Mushrooms","damage_taken":0,"max_hp_gain":0,"max_hp_loss":0,"event_name":"Mushrooms","floor":11,"gold_loss":0},{"cards_removed":["Defend_P"],"damage_healed":0,"gold_gain":0,"player_choice":"Gave Gold","damage_taken":0,"max_hp_gain":0,"max_hp_loss":0,"event_name":"Beggar","floor":19,"gold_loss":75}],"is_beta":false,"boss_relics":[{"not_picked":["Sozu","Snecko Eye"],"picked":"Empty Cage"}],"items_purged_floors":[4],"is_endless":false,"potions_floor_spawned":[8,12,14,16,18,21],"killed_by":"Book of Stabbing","ascension_level":0}}