{"host":"fuszjwm6fqgjjp4d","time":1612202452,"event":{"mods":["BaseMod","Bestiary","Colored Map","DeckTracker","Minty Spire (QoL Compilation)","Permanent Neow","Relic Sorter","Relic Stats","StSLib"],"gold_per_floor":[138,153,153,198,242,242,283,316,368,368,417,458,458,501,501,580,580,629,679,689,706,725,725,725],"floor_reached":23,"language":"ENG","playtime":836,"items_purged":[],"score":498,"play_id":"7f194fb6-c545-4f5d-a74e-23aa903eb952","local_time":"20210201120052","is_ascension_mode":true,"campfire_choices":[{"data":"TalkToTheHand","floor":6.0,"key":"SMITH"},{"data":"Eruption","floor":10.0,"key":"SMITH"},{"data":"Blasphemy","floor":13.0,"key":"SMITH"},{"data":"Tantrum","floor":15.0,"key":"SMITH"}],"circlet_count":0,"master_deck":["AscendersBane","Strike_P","Strike_P","Strike_P","Strike_P","Defend_P+1","Defend_P","Defend_P","Defend_P+1","Eruption+1","Vigilance","Wish+1","CutThroughFate","FlurryOfBlows","FlyingSleeves","TalkToTheHand+1","FollowUp","FlurryOfBlows","Wallop","Blasphemy+1","Tantrum+1","Omniscience","FearNoEvil"],"relics":["PureWater","Orichalcum","War Paint","Snecko Eye"],"acts_visited":["Exordium","TheCity"],"potions_floor_usage":[21,23],"damage_taken":[{"damage":10.0,"enemies":"2 Louse","floor":1.0,"turns":7.0},{"damage":1.0,"enemies":"Small Slimes","floor":2.0,"turns":4.0},{"damage":11.0,"enemies":"Cultist","floor":4.0,"turns":4.0},{"damage":0.0,"enemies":"Blue Slaver","floor":5.0,"turns":5.0},{"damage":16.0,"enemies":"Lots of Slimes","floor":7.0,"turns":6.0},{"damage":1.0,"enemies":"Gremlin Nob","floor":8.0,"turns":3.0},{"damage":1.0,"enemies":"Red Slaver","floor":11.0,"turns":3.0},{"damage":0.0,"enemies":"Blue Slaver","floor":12.0,"turns":2.0},{"damage":8.0,"enemies":"Large Slime","floor":14.0,"turns":5.0},{"damage":0.0,"enemies":"Slime Boss","floor":16.0,"turns":3.0},{"damage":9.0,"enemies":"Chosen","floor":18.0,"turns":3.0},{"damage":16.0,"enemies":"2 Thieves","floor":20.0,"turns":4.0},{"damage":8,"enemies":"Sentry and Sphere","floor":21,"turns":4},{"damage":6,"enemies":"Shelled Parasite and Fungi","floor":22,"turns":5},{"damage":14,"enemies":"Gremlin Leader","floor":23,"turns":2}],"seed_played":"-476548897121972207","potions_obtained":[{"floor":2.0,"key":"EssenceOfSteel"},{"floor":4.0,"key":"EssenceOfSteel"},{"floor":8.0,"key":"LiquidMemories"},{"floor":12.0,"key":"EssenceOfSteel"},{"floor":16.0,"key":"DuplicationPotion"},{"floor":20.0,"key":"Block Potion"},{"floor":21,"key":"BlessingOfTheForge"}],"is_trial":false,"path_per_floor":["M","M","?","M","M","R","M","E","T","R","M","M","R","M","R","B",null,"M","?","M","M","M","E"],"character_chosen":"WATCHER","items_purchased":[],"campfire_rested":0,"item_purchase_floors":[],"current_hp_per_floor":[51,50,50,39,39,39,23,22,22,22,21,21,21,13,13,13,54,45,39,23,15,9,0,0],"gold":725,"neow_bonus":"ONE_RANDOM_RARE_CARD","is_daily":false,"chose_seed":false,"campfire_upgraded":4,"win_rate":0.0,"timestamp":1612202452,"path_taken":["M","M","?","M","M","R","M","E","T","R","M","M","R","M","R","BOSS","M","?","M","M","?","E"],"items_purchased_type":[],"build_version":"2020-12-22","purchased_purges":0,"victory":false,"max_hp_per_floor":[68,68,68,68,68,68,68,68,68,68,68,68,68,68,68,68,68,68,68,68,68,68,68,68],"relic_stats":{"counters":[15,60],"Snecko Eye":[22,27,32,39],"Orichalcum":[48],"War Paint":["Defend_P","Defend_P"],"obtain_stats":[{"Snecko Eye":17,"PureWater":0,"Orichalcum":8,"War Paint":9},{"Snecko Eye":10,"PureWater":0,"Orichalcum":6,"War Paint":6},{"Snecko Eye":42,"PureWater":0,"Orichalcum":29,"War Paint":29}]},"card_choices":[{"not_picked":["Prostrate","EmptyBody"],"picked":"CutThroughFate","floor":1.0},{"not_picked":["ForeignInfluence","JustLucky"],"picked":"FlurryOfBlows","floor":2.0},{"not_picked":["CrushJoints","SashWhip"],"picked":"FlyingSleeves","floor":4.0},{"not_picked":["WindmillStrike","PathToVictory"],"picked":"TalkToTheHand","floor":5.0},{"not_picked":["SashWhip","CrushJoints"],"picked":"FollowUp","floor":7.0},{"not_picked":["PathToVictory","WheelKick"],"picked":"FlurryOfBlows","floor":8.0},{"not_picked":["PathToVictory","Sanctity"],"picked":"Wallop","floor":11.0},{"not_picked":["JustLucky","FlurryOfBlows"],"picked":"Blasphemy","floor":12.0},{"not_picked":["JustLucky","Consecrate"],"picked":"Tantrum","floor":14.0},{"not_picked":["SpiritShield","Ragnarok"],"picked":"Omniscience","floor":16.0},{"not_picked":["SignatureMove","Nirvana+1","Consecrate"],"picked":"SKIP","floor":18.0},{"not_picked":["Perseverance","Sanctity+1","Consecrate"],"picked":"SKIP","floor":20.0},{"not_picked":["BattleHymn","Worship","FlurryOfBlows"],"picked":"SKIP","floor":21},{"not_picked":["WheelKick+1","Collect"],"picked":"FearNoEvil","floor":22}],"player_experience":1415628,"relics_obtained":[{"floor":8.0,"key":"Orichalcum"},{"floor":9.0,"key":"War Paint"}],"event_choices":[{"damage_healed":0.0,"max_hp_gain":0.0,"max_hp_loss":0.0,"gold_gain":0.0,"event_name":"Living Wall","player_choice":"Grow","floor":3.0,"gold_loss":0.0,"damage_taken":0.0,"cards_upgraded":["Wish"]},{"damage_healed":0.0,"max_hp_gain":0.0,"max_hp_loss":0.0,"gold_gain":50.0,"event_name":"FaceTrader","player_choice":"Touch","floor":19.0,"gold_loss":0.0,"damage_taken":6.0}],"is_beta":false,"boss_relics":[{"not_picked":["Calling Bell","SacredBark"],"picked":"Snecko Eye"}],"items_purged_floors":[],"is_endless":false,"potions_floor_spawned":[2,4,8,12,16,20,21],"killed_by":"Gremlin Leader","ascension_level":20}}