{"host":"vca5odlxycr7xk6d","time":1612184346,"event":{"mods":["Act Like it!","Arknights","BaseMod","Better Note","BetterRewards","Gensokyo","GungeonMod","Hermit","Hubris","Infinite Spire","Marisa????????","Minty Spire (QoL Compilation)","Morshu Shopkeeper","Reimu??????","Replay The Spire","Shop Mod","Spire Arcade","StSLib","The Animator","The Cursed","The Fake Hero","The Poker Player"],"gold_per_floor":[114,114,114,132,142,176,196,196,268,268,268,296,41,1,1,96,96,110,90,15,290,290,290,317,317,317,329,123,140,140,163,163,163,163,163],"floor_reached":33,"language":"ENG","playtime":1213,"items_purged":["animator:Curse_Greed","Regret"],"score":319,"play_id":"c11ee50c-ec43-4329-bbb9-a814fd692956","local_time":"20210201195906","is_ascension_mode":false,"metric_token":1426,"campfire_choices":[{"data":"PokerPlayerMod:Promotion","floor":10,"key":"SMITH"},{"data":"infinitespire:FutureSight","floor":23,"key":"SMITH"},{"data":"PokerPlayerMod:Duplicate","floor":25,"key":"SMITH"},{"data":"PokerPlayerMod:Overdeal","floor":32,"key":"SMITH"}],"circlet_count":0,"master_deck":["PokerPlayerMod:Diamond1","PokerPlayerMod:Diamond2","PokerPlayerMod:Diamond3","PokerPlayerMod:Diamond4","PokerPlayerMod:Diamond6","PokerPlayerMod:Spade1","PokerPlayerMod:Spade5","PokerPlayerMod:Spade3","PokerPlayerMod:Spade4","PokerPlayerMod:Club4","PokerPlayerMod:Club2","PokerPlayerMod:Heart2","PokerPlayerMod:TrumpStrike+1","PokerPlayerMod:BadJoker","PokerPlayerMod:Mulligan","PokerPlayerMod:Diamond2","infinitespire:Execution","PokerPlayerMod:DiamondStrike+1","PokerPlayerMod:CloakAndDiamond","PokerPlayerMod:Promotion+1","PokerPlayerMod:Club5","PokerPlayerMod:Club2","PokerPlayerMod:ClubShade","PokerPlayerMod:Club10+","PokerPlayerMod:Duplicate+1","PokerPlayerMod:Overdeal+1","infinitespire:FutureSight+1","PokerPlayerMod:Spade5","PokerPlayerMod:Club1","PokerPlayerMod:CardBurn","PokerPlayerMod:Diamond1"],"relics":["PokerPlayerMod:DeckCase","NeowsBlessing","Pear","Happy Flower","Bottled Flame","Pondfish Scales","PaintedHorse:ReiMu","Black Star","PokerPlayerMod:AceCard","Juzu Bracelet","MealTicket","Replay:Baseball","hubris:GlazedTorus","PokerPlayerMod:PenAndEraser","Whetstone"],"acts_visited":["Exordium","TheCity"],"potions_floor_usage":[16,16,24,24,33],"damage_taken":[{"damage":0,"enemies":"Small Slimes","floor":1,"turns":1},{"damage":0,"enemies":"2 Louse","floor":4,"turns":1},{"damage":0,"enemies":"Jaw Worm","floor":5,"turns":1},{"damage":8,"enemies":"3 Sentries","floor":6,"turns":5},{"damage":13,"enemies":"2 Fungi Beasts","floor":7,"turns":3},{"damage":22,"enemies":"Replay:BlueRogue","floor":12,"turns":7},{"damage":0,"enemies":"Slime Boss","floor":16,"turns":6},{"damage":16,"enemies":"Shell Parasite","floor":18,"turns":5},{"damage":29,"enemies":"Slavers","floor":24,"turns":4},{"damage":0,"enemies":"Spheric Guardian","floor":27,"turns":3},{"damage":40,"enemies":"Snake Plant","floor":29,"turns":4},{"damage":25,"enemies":"Collector","floor":33,"turns":3}],"seed_played":"8282110961571647839","potions_obtained":[{"floor":4,"key":"Regen Potion"},{"floor":5,"key":"Reflective Coating"},{"floor":7,"key":"Explosive Potion"},{"floor":12,"key":"PowerPotion"},{"floor":19,"key":"SteroidPotion"},{"floor":29,"key":"FearPotion"}],"is_trial":false,"path_per_floor":["M","?","?","M","M","E","M","?","T","R","?","E","$","?","R","B",null,"M","?","$","?","AVR","R","E","R","T","M","$","M","?","T","R","B"],"character_chosen":"THE_POKER_PLAYER","items_purchased":["PokerPlayerMod:ClubShade","PokerPlayerMod:Club10+","PokerPlayerMod:PenAndEraser","PokerPlayerMod:CardBurn"],"campfire_rested":0,"item_purchase_floors":[13,13,28,28],"current_hp_per_floor":[52,52,45,45,45,47,36,36,36,36,36,17,17,17,35,50,62,49,49,49,49,49,49,22,22,22,29,44,20,20,20,20,0,0,0],"gold":163,"neow_bonus":"THREE_ENEMY_KILL","is_daily":false,"chose_seed":false,"campfire_upgraded":4,"win_rate":0.0,"timestamp":1612184346,"path_taken":["M","?","?","M","M","E","M","?","T","R","?","E","$","?","R","BOSS","M","?","?","?","AVR","R","E","R","T","M","$","M","?","?","R","BOSS"],"items_purchased_type":["Card","Undefined","Relic","Card"],"build_version":"2020-12-22","purchased_purges":2,"victory":false,"max_hp_per_floor":[52,52,52,52,52,62,62,62,62,62,62,62,62,62,62,62,62,62,62,62,62,62,62,62,62,62,62,62,62,62,62,62,62,62,62],"card_choices":[{"not_picked":["PokerPlayerMod:ClubDance","PokerPlayerMod:Spade1"],"picked":"PokerPlayerMod:Diamond2","floor":1},{"not_picked":["infinitespire:Menacing","infinitespire:Collect"],"picked":"infinitespire:Execution","floor":2},{"not_picked":["PokerPlayerMod:FillThePot","PokerPlayerMod:Heart3"],"picked":"PokerPlayerMod:DiamondStrike","floor":4},{"not_picked":["PokerPlayerMod:Diamond2","PokerPlayerMod:Trickery"],"picked":"PokerPlayerMod:CloakAndDiamond","floor":5},{"not_picked":["PokerPlayerMod:FlyingCard","PokerPlayerMod:Extraction"],"picked":"PokerPlayerMod:Promotion","floor":6},{"not_picked":["PokerPlayerMod:Heart2","PokerPlayerMod:Heart1"],"picked":"PokerPlayerMod:Club5","floor":7},{"not_picked":["PokerPlayerMod:ClubDance","PokerPlayerMod:Trickery"],"picked":"PokerPlayerMod:Club2","floor":12},{"not_picked":["PokerPlayerMod:Spade7","PokerPlayerMod:Diamond7"],"picked":"PokerPlayerMod:Duplicate","floor":16},{"not_picked":["PokerPlayerMod:PoorCopy+1","PokerPlayerMod:Raise"],"picked":"PokerPlayerMod:Overdeal","floor":18},{"not_picked":["PokerPlayerMod:Diamond2","PokerPlayerMod:CloakAndDiamond"],"picked":"PokerPlayerMod:Spade5","floor":24},{"not_picked":["PokerPlayerMod:ClubsClub+1","PokerPlayerMod:DartThrow"],"picked":"PokerPlayerMod:Club1","floor":27},{"not_picked":["PokerPlayerMod:DiamondStrike+1","PokerPlayerMod:Fold"],"picked":"PokerPlayerMod:Diamond1","floor":29}],"player_experience":537752,"relics_obtained":[{"floor":6,"key":"Pear"},{"floor":9,"key":"Bottled Flame"},{"floor":12,"key":"Pondfish Scales"},{"floor":24,"key":"MealTicket"},{"floor":24,"key":"Replay:Baseball"},{"floor":26,"key":"hubris:GlazedTorus"},{"floor":31,"key":"Whetstone"}],"event_choices":[{"cards_removed":["ReplayTheSpireMod:Doomed"],"damage_healed":0,"gold_gain":0,"player_choice":"Card Removal","damage_taken":7,"max_hp_gain":0,"max_hp_loss":0,"event_name":"Golden Wing","floor":3,"gold_loss":0},{"damage_healed":0,"gold_gain":0,"player_choice":"Box","damage_taken":0,"relics_obtained":["Happy Flower"],"max_hp_gain":0,"max_hp_loss":0,"event_name":"Big Fish","floor":8,"gold_loss":0,"cards_obtained":["Regret"]},{"damage_healed":0,"gold_gain":0,"player_choice":"Donate","damage_taken":0,"relics_obtained":["PaintedHorse:ReiMu"],"max_hp_gain":0,"max_hp_loss":0,"event_name":"yidonshenshe","floor":14,"gold_loss":40},{"damage_healed":0,"gold_gain":0,"player_choice":"Bought 1 Potion","damage_taken":0,"max_hp_gain":0,"max_hp_loss":0,"event_name":"The Woman in Blue","floor":19,"gold_loss":0},{"damage_healed":0,"gold_gain":275,"player_choice":"Desecrate","damage_taken":0,"max_hp_gain":0,"max_hp_loss":0,"event_name":"Golden Shrine","floor":21,"gold_loss":0,"cards_obtained":["Regret"]},{"cards_removed":["PokerPlayerMod:Mulligan"],"damage_healed":0,"gold_gain":0,"player_choice":"Give","damage_taken":0,"max_hp_gain":0,"max_hp_loss":0,"event_name":"betterNote:BetterNote","floor":30,"gold_loss":0,"cards_obtained":["ats:Strike V"]}],"is_beta":false,"boss_relics":[{"not_picked":["Runic Dome","Kintsugi"],"picked":"Black Star"}],"items_purged_floors":[20,22],"is_endless":false,"potions_floor_spawned":[4,5,7,12,29],"killed_by":"Collector","ascension_level":0}}