{"host":"Nexxot","time":1612176611,"event":{"mods":["AchievementEnabler","BaseMod","Bestiary","Colored Map","Curses Come First","Downfall","Highlight Path","Minty Spire (QoL Compilation)","Relic Stats","StSLib"],"gold_per_floor":[99,114,133,149,168,168,192,212,212,238,258,258,408,408,425,528,528,528,543,643,384,62,97,149,165,190,206,56,56,75,90,106,201,201,201,212,227,227,89,121,121,121,154,67,67,77,77,77,88,88,88],"floor_reached":50,"language":"ENG","playtime":3341,"items_purged":["downfall:Icky","downfall:Aged","Parasite"],"score":669,"play_id":"40c1f479-2ad8-4fd8-aa9e-30092b6140f1","local_time":"20210201115011","is_ascension_mode":false,"campfire_choices":[{"data":"bronze:Replicate","floor":1.0,"key":"SMITH"},{"data":"bronze:Format","floor":6.0,"key":"SMITH"},{"data":"bronze:Fortify","floor":18.0,"key":"SMITH"},{"data":"bronze:Shell","floor":29.0,"key":"SMITH"},{"data":"expansioncontent:QuickStudy","floor":35,"key":"SMITH"},{"floor":45,"key":"RECALL"}],"circlet_count":0,"master_deck":["bronze:Defend","bronze:Defend","bronze:Defend","bronze:Replicate+1","bronze:Goto","bronze:Fortify+1","bronze:Branch","bronze:Overheat","bronze:Format+1","bronze:MaxOutput+1","bronze:DelayedSlice","bronze:FollowUp","bronze:Turbo","bronze:Verify","bronze:Safeguard+1","bronze:BronzeOrb+1","bronze:WhirlingStrike+1","bronze:ForLoop","bronze:Shell+1","expansioncontent:QuickStudy+1","bronze:Frontload","bronze:Format+1","bronze:CutThrough","bronze:DarkDash+1","Ghostly","bronze:ChosenStrike","bronze:Shell+1","bronze:CleanCode","CurseOfTheBell","bronze:Invalidate+1","bronze:Repair+1","Ghostly","bronze:Optimize","bronze:Flail+1","bronze:Repulsor+1","bronze:Optimize","bronze:ChildClass"],"relics":["bronze:BronzeCore","Ancient Tea Set","Smiling Mask","downfall:ExtraCursedKey","Astrolabe","DollysMirror","Juzu Bracelet","Pantograph","Shuriken","Calling Bell","bronze:ProtectiveGoggles","Mercury Hourglass","Du-Vu Doll","Singing Bowl","Medical Kit","Strawberry"],"acts_visited":["Exordium","TheCity","TheBeyond"],"potions_floor_usage":[40,50],"damage_taken":[{"damage":1.0,"enemies":"Cultist","floor":2.0,"turns":4.0},{"damage":0.0,"enemies":"Small Slimes","floor":3.0,"turns":4.0},{"damage":1.0,"enemies":"Jaw Worm","floor":4.0,"turns":3.0},{"damage":11.0,"enemies":"Exordium Thugs","floor":5.0,"turns":6.0},{"damage":0.0,"enemies":"Blue Slaver","floor":8.0,"turns":3.0},{"damage":7.0,"enemies":"3 Sentries","floor":10.0,"turns":6.0},{"damage":0.0,"enemies":"3 Louse","floor":11.0,"turns":3.0},{"damage":1.0,"enemies":"Exordium Thugs","floor":15.0,"turns":2.0},{"damage":7.0,"enemies":"SI_SHIV_ARCHETYPE","floor":16.0,"turns":9.0},{"damage":5.0,"enemies":"Shell Parasite","floor":19.0,"turns":5.0},{"damage":0.0,"enemies":"downfall:FleeingMerchant","floor":21.0,"turns":4.0},{"damage":3.0,"enemies":"downfall:FleeingMerchant","floor":22.0,"turns":4.0},{"damage":0.0,"enemies":"Gremlin Leader","floor":23.0,"turns":7.0},{"damage":3.0,"enemies":"3 Byrds","floor":25.0,"turns":5.0},{"damage":9.0,"enemies":"Slavers","floor":26.0,"turns":5.0},{"damage":0.0,"enemies":"3 Cultists","floor":27.0,"turns":2.0},{"damage":3.0,"enemies":"Centurion and Healer","floor":30.0,"turns":7.0},{"damage":5.0,"enemies":"Snake Plant","floor":31.0,"turns":4.0},{"damage":4.0,"enemies":"3 Cultists","floor":32.0,"turns":6.0},{"damage":35.0,"enemies":"DF_ARCHETYPE_CLAW","floor":33.0,"turns":10.0},{"damage":0,"enemies":"3 Shapes","floor":36,"turns":3},{"damage":0,"enemies":"Orb Walker","floor":37,"turns":3},{"damage":9,"enemies":"downfall:FleeingMerchant","floor":39,"turns":4},{"damage":39,"enemies":"Giant Head","floor":40,"turns":9},{"damage":0,"enemies":"Reptomancer","floor":43,"turns":8},{"damage":0,"enemies":"downfall:FleeingMerchant","floor":44,"turns":1},{"damage":0,"enemies":"Jaw Worm Horde","floor":46,"turns":1},{"damage":1,"enemies":"Sphere and 2 Shapes","floor":49,"turns":6},{"damage":134,"enemies":"IC_BLOCK_ARCHETYPE","floor":50,"turns":4}],"seed_played":"1579003744832991236","potions_obtained":[{"floor":2.0,"key":"EssenceOfSteel"},{"floor":5.0,"key":"LiquidMemories"},{"floor":11.0,"key":"bronze:BuildAFunctionPotion"},{"floor":16.0,"key":"LiquidMemories"},{"floor":25.0,"key":"DistilledChaos"},{"floor":27.0,"key":"SteroidPotion"},{"floor":30.0,"key":"Energy Potion"},{"floor":31.0,"key":"Dexterity Potion"},{"floor":33.0,"key":"Swift Potion"},{"floor":40,"key":"Swift Potion"}],"is_trial":false,"path_per_floor":["R","M","M","M","M","R","T","M","?","E","M","?","?","?","M","B",null,"R","M","?","$","$","E","T","M","E","M","?","R","M","M","M","B",null,"R","M","M","?","$","E","T","?","E","$","R","M","?","?","M","B"],"character_chosen":"THE_AUTOMATON","items_purchased":["expansioncontent:QuickStudy","DollysMirror","Juzu Bracelet","bronze:Optimize","Medical Kit","bronze:ChildClass","Strawberry"],"campfire_rested":0,"item_purchase_floors":[21,22,22,39,44,44,44],"current_hp_per_floor":[77,76,76,75,64,64,64,64,64,57,57,57,57,57,56,49,77,77,72,72,72,69,69,69,66,57,57,57,57,54,49,45,35,77,77,77,77,77,77,38,38,38,48,55,55,57,57,57,68,0,0],"gold":88,"neow_bonus":"TEN_PERCENT_HP_BONUS","is_daily":false,"chose_seed":false,"campfire_upgraded":5,"win_rate":0.0,"timestamp":1612176611,"path_taken":["R","M","M","?","M","R","T","M","?","E","M","?","?","?","M","BOSS","R","?","?","?","$","E","T","M","E","M","?","R","M","M","M","BOSS","R","M","M","?","?","E","T","?","E","$","R","M","?","?","M","BOSS"],"items_purchased_type":["Card","Relic","Relic","Card","Relic","Card","Relic"],"build_version":"2020-12-18","purchased_purges":3,"victory":false,"max_hp_per_floor":[77,77,77,77,77,77,77,77,77,77,77,77,77,77,77,77,77,77,77,77,77,77,77,77,77,77,77,77,77,77,77,77,77,77,77,77,77,77,77,77,77,77,77,81,81,83,83,83,85,85,85,85],"relic_stats":{"Singing Bowl":4,"counters":[29,138],"Shuriken":[26],"Astrolabe":["bronze:Safeguard","bronze:BronzeOrb","bronze:WhirlingStrike"],"Pantograph":42,"Juzu Bracelet":1,"Smiling Mask":150,"Medical Kit":[1],"obtain_stats":[{"bronze:BronzeCore":0,"Singing Bowl":43,"Astrolabe":17,"Juzu Bracelet":22,"Ancient Tea Set":7,"Smiling Mask":10,"Medical Kit":44,"Mercury Hourglass":34,"Calling Bell":34,"Du-Vu Doll":34,"bronze:ProtectiveGoggles":34,"DollysMirror":22,"Shuriken":26,"Pantograph":23,"Strawberry":44,"downfall:ExtraCursedKey":12},{"bronze:BronzeCore":0,"Singing Bowl":25,"Astrolabe":9,"Juzu Bracelet":12,"Ancient Tea Set":4,"Smiling Mask":6,"Medical Kit":26,"Mercury Hourglass":20,"Calling Bell":20,"Du-Vu Doll":20,"bronze:ProtectiveGoggles":20,"DollysMirror":12,"Shuriken":15,"Pantograph":13,"Strawberry":26,"downfall:ExtraCursedKey":7},{"bronze:BronzeCore":0,"Singing Bowl":126,"Astrolabe":40,"Juzu Bracelet":53,"Ancient Tea Set":17,"Smiling Mask":26,"Medical Kit":127,"Mercury Hourglass":99,"Calling Bell":99,"Du-Vu Doll":99,"bronze:ProtectiveGoggles":99,"DollysMirror":53,"Shuriken":70,"Pantograph":60,"Strawberry":127,"downfall:ExtraCursedKey":29}],"Mercury Hourglass":[138]},"card_choices":[{"not_picked":["bronze:BuggyMess","bronze:Iterate"],"picked":"bronze:Fortify","floor":2.0},{"not_picked":["bronze:Deprecate","bronze:FineTuning"],"picked":"bronze:Branch","floor":3.0},{"not_picked":["bronze:BitShift","bronze:Fortify"],"picked":"bronze:Overheat","floor":4.0},{"not_picked":["bronze:Overheat","bronze:BugBarrage"],"picked":"bronze:Format","floor":5.0},{"not_picked":["bronze:ForceShield","bronze:BitShift"],"picked":"bronze:MaxOutput","floor":8.0},{"not_picked":["bronze:DarkDash","bronze:Philosophize"],"picked":"bronze:DelayedSlice","floor":10.0},{"not_picked":["bronze:Invalidate","bronze:Shield"],"picked":"bronze:FollowUp","floor":11.0},{"not_picked":["bronze:BronzeArmor","bronze:BitShift"],"picked":"bronze:Turbo","floor":15.0},{"not_picked":["bronze:SpaghettiCode","bronze:Break"],"picked":"bronze:Verify","floor":16.0},{"not_picked":["bronze:Fortify","bronze:DelayedSlice"],"picked":"bronze:ForLoop","floor":19.0},{"not_picked":["bronze:Shield","bronze:Invalidate"],"picked":"bronze:Shell","floor":21.0},{"not_picked":["bronze:GetLatest","bronze:Overheat"],"picked":"bronze:Frontload","floor":22.0},{"not_picked":["bronze:Shield","bronze:DigitalCarnage"],"picked":"bronze:CutThrough","floor":23.0},{"not_picked":["bronze:Philosophize","bronze:Iterate","bronze:DelayedSlice"],"picked":"SKIP","floor":25.0},{"not_picked":["bronze:BurnOut","bronze:Invalidate"],"picked":"bronze:DarkDash+1","floor":26.0},{"not_picked":["bronze:DelayedGuard","bronze:FineTuning+1","bronze:OilSpill"],"picked":"SKIP","floor":27.0},{"not_picked":["bronze:BitShift","bronze:CutThrough","bronze:Safeguard"],"picked":"SKIP","floor":30.0},{"not_picked":["bronze:FindAndReplace","bronze:DelayedGuard"],"picked":"bronze:ChosenStrike","floor":31.0},{"not_picked":["bronze:WildBeam","bronze:Iterate"],"picked":"bronze:Shell+1","floor":32.0},{"not_picked":["bronze:Format","bronze:SpaghettiCode"],"picked":"bronze:CleanCode","floor":33.0},{"not_picked":["bronze:Deprecate","bronze:BronzeOrb+1"],"picked":"bronze:Invalidate+1","floor":36},{"not_picked":["bronze:BuggyMess","bronze:Overload+1"],"picked":"bronze:Repair+1","floor":37},{"not_picked":["bronze:Shell","bronze:ChosenStrike+1","bronze:Flail"],"picked":"SKIP","floor":39},{"not_picked":["bronze:Allocate","bronze:DarkDash"],"picked":"bronze:Flail+1","floor":40},{"not_picked":["bronze:BurnOut","bronze:MaxOutput+1"],"picked":"bronze:Repulsor+1","floor":43},{"not_picked":["bronze:FineTuning","bronze:Overheat"],"picked":"bronze:Optimize","floor":44},{"not_picked":["bronze:BitShift","bronze:Deprecate","bronze:Safeguard+1"],"picked":"Singing Bowl","floor":46},{"not_picked":["bronze:GetLatest","bronze:BugBarrage+1","bronze:DigitalCarnage+1"],"picked":"Singing Bowl","floor":49}],"player_experience":404250,"relics_obtained":[{"floor":7.0,"key":"Ancient Tea Set"},{"floor":10.0,"key":"Smiling Mask"},{"floor":23.0,"key":"Pantograph"},{"floor":26.0,"key":"Shuriken"},{"floor":34.0,"key":"bronze:ProtectiveGoggles"},{"floor":34.0,"key":"Mercury Hourglass"},{"floor":34.0,"key":"Du-Vu Doll"},{"floor":43,"key":"Singing Bowl"}],"event_choices":[{"cards_removed":["bronze:Defend"],"damage_healed":0,"gold_gain":0,"player_choice":"Removed Skill","damage_taken":0,"max_hp_gain":0,"max_hp_loss":0,"event_name":"Falling","floor":42,"gold_loss":0}],"is_beta":true,"boss_relics":[{"not_picked":["SlaversCollar","Busted Crown"],"picked":"Astrolabe"},{"not_picked":["Coffee Dripper","Fusion Hammer"],"picked":"Calling Bell"}],"items_purged_floors":[21,39,44],"is_endless":false,"potions_floor_spawned":[2,5,11,16,25,27,30,31,32,33,36,40],"killed_by":"IC_BLOCK_ARCHETYPE","ascension_level":0}}