{"host":"kntpungskobv1jqb","time":1612163661,"event":{"mods":["BaseMod","Minty Spire (QoL Compilation)","Replay The Spire","StSLib","SuperFastMode"],"gold_per_floor":[110,110,130,130,155,155,193,193,193,193,193,208,208,248,248,343,343,367,65,81,81,106,106,141,141,141,141,56,56,56,56,71,94,94,187,187,207,170,189,203,276,276,609,619,645,645,663,663,663,32,32,32],"floor_reached":53,"language":"ZHS","playtime":1500,"items_purged":[],"score":1309,"play_id":"c06686b3-7e54-4a18-963b-fe6e4d96af8b","local_time":"20210201151421","is_ascension_mode":true,"campfire_choices":[{"data":"BasicCrystalCard","floor":6,"key":"SMITH"},{"floor":8,"key":"REST"},{"data":"ReplayRNGCard","floor":11,"key":"SMITH"},{"floor":15,"key":"REST"},{"floor":23,"key":"REST"},{"floor":25,"key":"REST"},{"floor":27,"key":"REST"},{"floor":34,"key":"REST"},{"data":"Consume","floor":42,"key":"SMITH"},{"floor":46,"key":"REST"},{"data":"Capacitor","floor":49,"key":"SMITH"},{"data":"Capacitor","floor":51,"key":"SMITH"}],"circlet_count":0,"master_deck":["AscendersBane","Dualcast","Static Discharge","Cold Snap","BasicCrystalCard+1","ReplayRNGCard+1","Amplify+1","Tempest+1","Conserve Battery","Buffer","Seek","Conserve Battery","Defragment","ReplayTheSpireMod:Calculation Training","BasicCrystalCard","Machine Learning","Meteor Strike","Electrodynamics","Seek","CurseOfTheBell","Capacitor+1","Chill","BootSequence+1","Consume","Consume+1","Force Field","ReplayTheSpireMod:Repulse","BasicCrystalCard+1","White Noise","Capacitor+1","Looming Evil"],"relics":["Cracked Core","Ring of Misfortune","Ring of Shattering","Girya","Replay:PocketPolymizer","Pet Ghost","Ring of Chaos","Cables","Blood Vial","Mummified Hand","Replay:Baseball","Calling Bell","Strawberry","Garlic","FossilizedHelix","ReplayTheSpireMod:CursedCoin","Centennial Puzzle","Iron Hammer","Mercury Hourglass"],"acts_visited":["Exordium","TheCity","TheBeyond"],"potions_floor_usage":[7,24,35,52,52],"damage_taken":[{"damage":7,"enemies":"Small Slimes","floor":1,"turns":3},{"damage":0,"enemies":"2 Louse","floor":3,"turns":3},{"damage":3,"enemies":"Cultist","floor":5,"turns":2},{"damage":16,"enemies":"Lagavulin","floor":7,"turns":5},{"damage":13,"enemies":"3 Louse","floor":12,"turns":2},{"damage":22,"enemies":"Gremlin Nob","floor":14,"turns":4},{"damage":31,"enemies":"The Guardian","floor":16,"turns":9},{"damage":27,"enemies":"Shell Parasite","floor":18,"turns":12},{"damage":0,"enemies":"Spheric Guardian","floor":20,"turns":3},{"damage":7,"enemies":"Snake Plant","floor":22,"turns":4},{"damage":52,"enemies":"Slavers","floor":24,"turns":4},{"damage":0,"enemies":"Snecko","floor":32,"turns":3},{"damage":0,"enemies":"Cultist and Chosen","floor":33,"turns":2},{"damage":53,"enemies":"Collector","floor":35,"turns":8},{"damage":0,"enemies":"3 Shapes","floor":37,"turns":2},{"damage":10,"enemies":"3 Darklings","floor":39,"turns":4},{"damage":0,"enemies":"Transient","floor":40,"turns":6},{"damage":0,"enemies":"Spire Growth","floor":44,"turns":6},{"damage":7,"enemies":"Jaw Worm Horde","floor":47,"turns":2},{"damage":10,"enemies":"Donu and Deca","floor":52,"turns":5}],"seed_played":"3357082179928897723","potions_obtained":[{"floor":1,"key":"Swift Potion"},{"floor":5,"key":"SkillPotion"},{"floor":24,"key":"Block Potion"},{"floor":32,"key":"FearPotion"},{"floor":33,"key":"DuplicationPotion"},{"floor":35,"key":"PowerPotion"}],"is_trial":false,"path_per_floor":["M","?","M","?","M","R","E","R","T","?","R","M","?","E","R","B",null,"M","$","M","?","M","R","E","R","T","R","?","?","PTL","PTL","M","M","R","B",null,"M","$","M","M","$","R","?","M","T","R","M","?","R","$","R","B",null],"character_chosen":"DEFECT","items_purchased":["Defragment","Cables","Capacitor","ReplayTheSpireMod:CursedCoin","Consume","Capacitor","Iron Hammer","Mercury Hourglass"],"campfire_rested":7,"item_purchase_floors":[19,19,38,41,41,50,50,50],"current_hp_per_floor":[64,64,64,64,61,61,45,68,68,68,68,55,55,33,56,25,65,38,38,38,38,31,54,2,25,25,48,48,48,48,48,50,52,75,24,72,74,74,66,68,68,68,68,70,70,85,78,78,78,78,78,70],"gold":32,"neow_bonus":"TEN_PERCENT_HP_BONUS","is_daily":false,"chose_seed":false,"campfire_upgraded":5,"win_rate":0.0,"timestamp":1612163661,"path_taken":["M","?","M","?","M","R","E","R","T","?","R","M","?","E","R","BOSS","M","$","?","?","?","R","E","R","T","R","?","?","PTL","PTL","M","M","R","BOSS","M","$","M","?","?","R","?","M","T","R","M","?","R","$","R","BOSS"],"items_purchased_type":["Card","Relic","Card","Relic","Card","Card","Relic","Relic"],"build_version":"2020-12-22","purchased_purges":0,"victory":true,"max_hp_per_floor":[78,78,78,78,78,78,78,78,78,78,78,78,78,78,78,78,78,78,78,78,78,78,78,78,78,78,78,78,78,78,78,78,78,78,78,85,85,85,85,85,85,85,85,85,85,85,85,85,85,85,85,85],"card_choices":[{"not_picked":["Steam Power","Sweeping Beam"],"picked":"Static Discharge","floor":1},{"not_picked":["Turbo","BasicCrystalCard"],"picked":"Cold Snap","floor":3},{"not_picked":["Ball Lightning","Rebound"],"picked":"BasicCrystalCard","floor":5},{"not_picked":["Turbo","Coolheaded"],"picked":"ReplayRNGCard","floor":7},{"not_picked":["FTL","Barrage"],"picked":"Conserve Battery","floor":12},{"not_picked":["Compile Driver","Barrage"],"picked":"Buffer","floor":14},{"not_picked":["Biased Cognition","Core Surge"],"picked":"Seek","floor":16},{"not_picked":["Sweeping Beam","Doom and Gloom"],"picked":"Conserve Battery","floor":18},{"not_picked":["Panic Button","Cold Snap"],"picked":"ReplayTheSpireMod:Calculation Training","floor":20},{"not_picked":["FTL","BootSequence"],"picked":"BasicCrystalCard","floor":22},{"not_picked":["Fusion","BasicCrystalCard"],"picked":"Machine Learning","floor":24},{"not_picked":["Conserve Battery","Aggregate","Stack+1"],"picked":"SKIP","floor":32},{"not_picked":["Panic Button","Streamline","Go for the Eyes"],"picked":"SKIP","floor":33},{"not_picked":["Meteor Strike","Machine Learning"],"picked":"Seek","floor":35},{"not_picked":["Beam Cell","Redo","Barrage+1"],"picked":"SKIP","floor":37},{"not_picked":["ReplayTheSpireMod:GoodbyeWorld","Go for the Eyes"],"picked":"Chill","floor":39},{"not_picked":["Steam","Auto Shields"],"picked":"BootSequence+1","floor":40},{"not_picked":["Thunder Strike","Melter"],"picked":"Force Field","floor":44},{"not_picked":["ReplaySort","Streamline"],"picked":"BasicCrystalCard+1","floor":47}],"player_experience":527960,"relics_obtained":[{"floor":2,"key":"Ring of Misfortune"},{"floor":2,"key":"Ring of Shattering"},{"floor":7,"key":"Girya"},{"floor":9,"key":"Replay:PocketPolymizer"},{"floor":14,"key":"Pet Ghost"},{"floor":24,"key":"Blood Vial"},{"floor":26,"key":"Mummified Hand"},{"floor":36,"key":"Strawberry"},{"floor":36,"key":"Garlic"},{"floor":36,"key":"FossilizedHelix"},{"floor":45,"key":"Centennial Puzzle"}],"event_choices":[{"damage_healed":0,"gold_gain":0,"player_choice":"Take Wound","damage_taken":0,"relics_obtained":["Golden Idol"],"max_hp_gain":0,"max_hp_loss":0,"event_name":"Golden Idol","floor":4,"gold_loss":0,"cards_obtained":["Injury"]},{"damage_healed":0,"gold_gain":0,"player_choice":"Upgraded","damage_taken":0,"max_hp_gain":0,"max_hp_loss":0,"event_name":"Upgrade Shrine","floor":13,"gold_loss":0,"cards_upgraded":["Tempest"]},{"cards_removed":["Strike_B"],"damage_healed":0,"gold_gain":0,"player_choice":"Offered Basic","damage_taken":0,"max_hp_gain":0,"max_hp_loss":0,"event_name":"Bonfire Elementals","floor":21,"gold_loss":0},{"damage_healed":0,"gold_gain":0,"player_choice":"Obtained Relic","damage_taken":0,"relics_obtained":["Replay:Baseball"],"max_hp_gain":0,"max_hp_loss":0,"event_name":"Addict","floor":28,"gold_loss":85},{"cards_removed":["Injury","Hallucinations"],"damage_healed":0,"gold_gain":0,"player_choice":"Removed Curses","damage_taken":0,"max_hp_gain":0,"max_hp_loss":0,"event_name":"Fountain of Cleansing","floor":29,"gold_loss":0},{"damage_healed":0,"gold_gain":333,"player_choice":"Gave Idol","damage_taken":0,"max_hp_gain":0,"max_hp_loss":0,"event_name":"The Moai Head","floor":43,"relics_lost":["Golden Idol"],"gold_loss":0},{"cards_removed":["Zap"],"damage_healed":0,"gold_gain":0,"player_choice":"Purged","damage_taken":0,"max_hp_gain":0,"max_hp_loss":0,"event_name":"Purifier","floor":48,"gold_loss":0}],"is_beta":false,"boss_relics":[{"not_picked":["Black Star","Sozu"],"picked":"Ring of Chaos"},{"not_picked":["SacredBark","Busted Crown"],"picked":"Calling Bell"}],"items_purged_floors":[],"is_endless":false,"potions_floor_spawned":[1,5,24,32,33,35,44,47],"ascension_level":19}}