{"host":"dscols65uipasqd2","time":1612159500,"event":{"mods":["2.2 Compatiblity","AchievementEnabler","Aspiration","BaseMod","Colored Powertips","Downfall","Energized Spire","GifTheSpireLib","Hermit","Hubris","Infinite Spire","JesterMod","Jorbs\u0027s Wanderer Trilogy","Magitek Elite","Marisa????????","Minty Spire (QoL Compilation)","Rare Cards Sparkle","Replay The Spire","StSLib","Stuff the Spire","The Cursed","The Disciple","The Hierophant","The Judge","The Jungle","TheFirefly"],"gold_per_floor":[99,99,11,11,11,0,47,64,77,77,77,96,108,138,156,116,116,116],"floor_reached":16,"language":"ENG","playtime":1076,"items_purged":[],"score":105,"play_id":"f4037f54-eeac-4be0-83b6-7711d2a2b56e","local_time":"20210201010500","is_ascension_mode":true,"campfire_choices":[{"floor":1,"key":"DIG"},{"floor":11,"key":"REST"}],"circlet_count":0,"master_deck":["sneckomod:Strike","sneckomod:Strike","sneckomod:Strike","sneckomod:Defend","sneckomod:Defend","sneckomod:TailWhip","sneckomod:SnekBite","sneckomod:Unknown","sneckomod:Unknown","sneckomod:UnknownUncommonAttack","sneckomod:UnendingSupply","expansioncontent:AwakenDeath","sneckomod:UnknownUncommonAttack","sneckomod:UnknownClassHIEROPHANT_GOLD_COLOR","sneckomod:UnknownClassJESTER_ORANGE","sneckomod:UnknownClassJESTER_ORANGE","sneckomod:DiceBoulder","sneckomod:Unknown1Cost","sneckomod:UnknownClassTHE_BRONZE_AUTOMATON","sneckomod:SlitherStrike","sneckomod:UnknownClassGREEN"],"relics":["sneckomod:SneckoSoul","downfall:HeartsMalice","Replay:Wax Seal","InkBottle"],"acts_visited":["Exordium"],"potions_floor_usage":[12,14,16,16,16],"damage_taken":[{"damage":0,"enemies":"Cultist","floor":2,"turns":1},{"damage":0,"enemies":"downfall:FleeingMerchant","floor":3,"turns":1},{"damage":0,"enemies":"2 Louse","floor":4,"turns":1},{"damage":5,"enemies":"downfall:FleeingMerchant","floor":6,"turns":4},{"damage":11,"enemies":"Jaw Worm","floor":8,"turns":2},{"damage":14,"enemies":"3 Louse","floor":9,"turns":4},{"damage":5,"enemies":"Red Slaver","floor":12,"turns":4},{"damage":27,"enemies":"Exordium Wildlife","floor":13,"turns":5},{"damage":19,"enemies":"Lagavulin","floor":14,"turns":6},{"damage":21,"enemies":"Exordium Thugs","floor":15,"turns":4},{"damage":44,"enemies":"DF_ARCHETYPE_STREAMLINE","floor":16,"turns":6}],"seed_played":"3844003341575989404","potions_obtained":[{"floor":8,"key":"SkillPotion"},{"floor":12,"key":"SpeedPotion"},{"floor":13,"key":"Dexterity Potion"},{"floor":15,"key":"sneckomod:DiceRollPotion"}],"is_trial":false,"path_per_floor":["R","M","$","M","?","$","T","M","M","?","R","M","M","E","M","B"],"character_chosen":"THE_SNECKO","items_purchased":["expansioncontent:AwakenDeath"],"campfire_rested":1,"item_purchase_floors":[3],"current_hp_per_floor":[90,90,90,90,90,85,85,74,60,60,87,82,55,36,15,0,0,0],"gold":116,"neow_bonus":"THREE_ENEMY_KILL","is_daily":false,"chose_seed":false,"campfire_upgraded":0,"win_rate":0.0,"timestamp":1612159500,"path_taken":["R","M","$","M","?","$","T","M","M","?","R","?","M","E","M","BOSS"],"items_purchased_type":["Card"],"build_version":"2020-12-22","purchased_purges":0,"victory":false,"max_hp_per_floor":[90,90,90,90,90,90,90,90,90,90,90,90,90,90,90,90,90,90],"card_choices":[{"not_picked":["sneckomod:DiceCrush","sneckomod:SoulCleanse"],"picked":"sneckomod:UnknownUncommonAttack","floor":2},{"not_picked":["sneckomod:SoulRoll","sneckomod:UnknownClassTHE_BRONZE_AUTOMATON"],"picked":"sneckomod:UnendingSupply","floor":3},{"not_picked":["sneckomod:UnknownClassINFINITE_BLACK","sneckomod:IronFang"],"picked":"sneckomod:UnknownUncommonAttack","floor":4},{"not_picked":["sneckomod:TrashToTreasure","sneckomod:RainOfDice"],"picked":"sneckomod:UnknownClassHIEROPHANT_GOLD_COLOR","floor":6},{"not_picked":["sneckomod:RainOfDice","sneckomod:UnknownBlock"],"picked":"sneckomod:UnknownClassJESTER_ORANGE","floor":8},{"not_picked":["sneckomod:SlitherStrike","sneckomod:TrashToTreasure"],"picked":"sneckomod:UnknownClassJESTER_ORANGE","floor":9},{"not_picked":["sneckomod:UnknownClassDEFAULT_GRAY_COLOR","sneckomod:UnknownClassFIREFLY_COLOR"],"picked":"sneckomod:Unknown1Cost","floor":12},{"not_picked":["sneckomod:UnknownClassHEXA_GHOST_PURPLE","sneckomod:UnknownClassPURPLE"],"picked":"sneckomod:UnknownClassTHE_BRONZE_AUTOMATON","floor":13},{"not_picked":["sneckomod:Mudshield","sneckomod:DiceBlock"],"picked":"sneckomod:SlitherStrike","floor":14},{"not_picked":["sneckomod:UnknownCommonSkill","sneckomod:UnknownX"],"picked":"sneckomod:UnknownClassGREEN","floor":15}],"player_experience":528609,"relics_obtained":[{"floor":1,"key":"Replay:Wax Seal"},{"floor":14,"key":"InkBottle"}],"event_choices":[],"is_beta":false,"boss_relics":[],"items_purged_floors":[],"is_endless":false,"potions_floor_spawned":[8,12,13,15],"killed_by":"DF_ARCHETYPE_STREAMLINE","ascension_level":1}}