{"host":"yans4pr1zf0lm9bx","time":1612188418,"event":{"mods":["AchievementEnabler","BaseMod","Downfall","Minty Spire (QoL Compilation)","StSLib","SuperFastMode","slay the spire mod where everything is the same but ironclad has a cowboy hat"],"gold_per_floor":[99,117,117,117,131,131,156,173,199,199,213,231,231,249,263,263,263,263],"floor_reached":16,"language":"ENG","playtime":840,"items_purged":[],"score":104,"play_id":"2c08ad7e-5d2a-44a6-9b0a-7ac99f30d7c0","local_time":"20210201090658","is_ascension_mode":false,"campfire_choices":[{"data":"Slimebound:Defend_Slimebound","floor":1,"key":"SMITH"},{"data":"Slimebound:CorrosiveSpit","floor":10,"key":"SMITH"},{"data":"Slimebound:Prepare","floor":13,"key":"SMITH"}],"circlet_count":0,"master_deck":["Slimebound:Strike_Slimebound","Slimebound:Strike_Slimebound+1","Slimebound:Tackle+1","Slimebound:Defend_Slimebound","Slimebound:Defend_Slimebound","Slimebound:Defend_Slimebound","Slimebound:Defend_Slimebound+1","Slimebound:Split+1","Slimebound:CorrosiveSpit+1","Slimebound:Dissolve+1","downfall:Malfunctioning","Slimebound:Prepare","Slimebound:Prepare+1","Slimebound:Dissolve","Slimebound:LeechEnergy+1","Slimebound:AcidTongue","Slimebound:SpikyOuterGoop","Slimebound:SlimeSpikes"],"relics":["Slimebound:AbsorbEndCombat","Molten Egg 2"],"acts_visited":["Exordium"],"potions_floor_usage":[15],"damage_taken":[{"damage":3,"enemies":"Small Slimes","floor":2,"turns":3},{"damage":1,"enemies":"Jaw Worm","floor":5,"turns":4},{"damage":0,"enemies":"2 Louse","floor":8,"turns":3},{"damage":16,"enemies":"Lagavulin","floor":9,"turns":6},{"damage":3,"enemies":"Gremlin Gang","floor":11,"turns":3},{"damage":0,"enemies":"Blue Slaver","floor":12,"turns":3},{"damage":1,"enemies":"Red Slaver","floor":14,"turns":2},{"damage":15,"enemies":"Exordium Wildlife","floor":15,"turns":4},{"damage":60,"enemies":"SI_SHIV_ARCHETYPE","floor":16,"turns":8}],"seed_played":"7242067594963261123","potions_obtained":[{"floor":8,"key":"Swift Potion"},{"floor":11,"key":"Energy Potion"},{"floor":12,"key":"bronze:BurnAndBuffPotion"},{"floor":14,"key":"Explosive Potion"},{"floor":15,"key":"SneckoOil"}],"is_trial":false,"path_per_floor":["R","M","?","?","M","?","T","M","E","R","M","M","R","M","M","B"],"character_chosen":"SLIMEBOUND","items_purchased":[],"campfire_rested":0,"item_purchase_floors":[],"current_hp_per_floor":[65,64,64,64,65,65,65,65,51,51,52,56,56,59,52,0,0,0],"gold":263,"neow_bonus":"UPGRADE_CARD","is_daily":false,"chose_seed":false,"campfire_upgraded":3,"win_rate":0.0,"timestamp":1612188418,"path_taken":["R","M","?","?","M","?","T","?","E","R","M","M","R","M","M","BOSS"],"items_purchased_type":[],"build_version":"2020-12-22","purchased_purges":0,"victory":false,"max_hp_per_floor":[65,65,65,65,65,65,65,65,65,65,65,65,65,65,65,65,65,65],"card_choices":[{"not_picked":["Slimebound:RollThrough","Slimebound:Grow"],"picked":"Slimebound:Dissolve","floor":2},{"not_picked":["Slimebound:SamplingLick","Slimebound:FormOfPuddle"],"picked":"Slimebound:Prepare","floor":5},{"not_picked":["Slimebound:LivingWall","Slimebound:GoopTackle"],"picked":"Slimebound:Prepare","floor":8},{"not_picked":["Slimebound:HauntingLick","Slimebound:Schlurp"],"picked":"Slimebound:Dissolve","floor":9},{"not_picked":["Slimebound:LevelUp","Slimebound:RollThrough+1"],"picked":"Slimebound:LeechEnergy+1","floor":11},{"not_picked":["Slimebound:SlimeBrawl","Slimebound:SlimeBarrage+1"],"picked":"Slimebound:AcidTongue","floor":12},{"not_picked":["Slimebound:LivingWall","Slimebound:FinishingTackle+1"],"picked":"Slimebound:SpikyOuterGoop","floor":14},{"not_picked":["Slimebound:DisruptingSlam+1","Slimebound:Schlurp"],"picked":"Slimebound:SlimeSpikes","floor":15}],"player_experience":272330,"relics_obtained":[{"floor":9,"key":"Molten Egg 2"}],"event_choices":[{"damage_healed":0,"gold_gain":0,"player_choice":"Forge","damage_taken":0,"max_hp_gain":0,"max_hp_loss":0,"event_name":"Accursed Blacksmith","floor":6,"gold_loss":0,"cards_upgraded":["Slimebound:Dissolve"]}],"is_beta":false,"boss_relics":[],"items_purged_floors":[],"is_endless":false,"potions_floor_spawned":[8,11,12,14,15],"killed_by":"SI_SHIV_ARCHETYPE","ascension_level":0}}