{"host":"3y2rtlgteqp2nuo3","time":1612172454,"event":{"mods":["2.2 Compatiblity","AchievementEnabler","BaseMod","Colored Map","DeckTracker","Highlight Path","Keyboard Shortcuts","Minty Spire (QoL Compilation)","Permanent Neow","Quick Restart","StSLib","SuperFastMode","everything is the same but u backflip on backflip"],"gold_per_floor":[115,127,142,142,154,154,154,154],"floor_reached":7,"language":"KOR","playtime":173,"items_purged":[],"score":77,"play_id":"c4171e09-5377-4ffd-81ae-9ed67d8e086a","local_time":"20210201184054","is_ascension_mode":true,"campfire_choices":[{"data":"Crippling Poison","floor":6.0,"key":"SMITH"}],"circlet_count":0,"master_deck":["AscendersBane","Strike_G","Strike_G","Strike_G","Strike_G","Strike_G","Defend_G","Defend_G","Defend_G","Defend_G","Defend_G","Survivor","Neutralize","Burst","Slice","Dagger Spray","Crippling Poison+1"],"relics":["Ring of the Snake","Eternal Feather"],"acts_visited":["Exordium"],"potions_floor_usage":[7],"damage_taken":[{"damage":5.0,"enemies":"Jaw Worm","floor":1.0,"turns":7.0},{"damage":8.0,"enemies":"Small Slimes","floor":2.0,"turns":6.0},{"damage":0.0,"enemies":"Cultist","floor":3.0,"turns":4.0},{"damage":2.0,"enemies":"2 Fungi Beasts","floor":5.0,"turns":4.0},{"damage":65,"enemies":"Lagavulin","floor":7,"turns":8}],"seed_played":"-7704564665550563182","potions_obtained":[{"floor":5.0,"key":"Regen Potion"}],"is_trial":false,"path_per_floor":["M","M","M","?","M","R","E"],"character_chosen":"THE_SILENT","items_purchased":[],"campfire_rested":0,"item_purchase_floors":[],"current_hp_per_floor":[54,46,46,35,33,42,0,0],"gold":154,"neow_bonus":"THREE_RARE_CARDS","is_daily":false,"chose_seed":false,"campfire_upgraded":1,"win_rate":0.0,"timestamp":1612172454,"path_taken":["M","M","M","?","M","R","E"],"items_purchased_type":[],"build_version":"2020-12-22","purchased_purges":0,"victory":false,"max_hp_per_floor":[60,60,60,60,60,60,60,60],"card_choices":[{"not_picked":["Adrenaline","Storm of Steel"],"picked":"Burst","floor":0.0},{"not_picked":["Bane","Acrobatics"],"picked":"Slice","floor":1.0},{"not_picked":["Sucker Punch","Deflect"],"picked":"Dagger Spray","floor":2.0},{"not_picked":["Flying Knee","Finisher","Dagger Spray"],"picked":"SKIP","floor":3.0},{"not_picked":["Underhanded Strike","Escape Plan"],"picked":"Crippling Poison","floor":5.0}],"player_experience":737088,"relics_obtained":[],"event_choices":[{"damage_healed":0.0,"max_hp_gain":0.0,"max_hp_loss":0.0,"gold_gain":0.0,"event_name":"Scrap Ooze","player_choice":"Success","floor":4.0,"gold_loss":0.0,"damage_taken":11.0,"relics_obtained":["Eternal Feather"]}],"is_beta":false,"boss_relics":[],"items_purged_floors":[],"is_endless":false,"potions_floor_spawned":[5],"killed_by":"Lagavulin","ascension_level":16}}