{"host":"rkd2egloqduv8drx","time":1612192522,"event":{"mods":["ATMod(°¢èªMod)","Act Like it!","Arknights","BaseMod","CapriCore","Gensokyo","GungeonMod","Hermit","Jedi Mod","Koishi","Minty Spire (QoL Compilation)","Permanent Neow","Prisma Mod","Quick Restart","Rare Cards Sparkle","Robot Space Explorer","Spicy Shops","StSLib","The Administrix","The Bug Knight","The Immortal","WarShipGirlsR/Õ½½¢ÉÙÅ®R mod"],"gold_per_floor":[13,28,28,44,60,60,93,93,165,165,15,29,29,49,49,150,150,162,172,172,191,91,91,91,103,157,157,157,211,223,300,312,501,513,561,712,574,574,574,574,665,443,443,150,150,150,189,282,282,282,282,282],"floor_reached":50,"language":"ZHS","playtime":4487,"items_purged":["MokouMod:EternalBurstReactor","MokouMod:Defend","MokouMod:FlickeringFlame+1","MokouMod:Defend","MokouMod:Defend"],"score":494,"play_id":"fb904ab5-ca6a-4463-9d05-3fc462867fa3","local_time":"20210201231522","is_ascension_mode":false,"campfire_choices":[{"data":"MokouMod:Sear","floor":6.0,"key":"SMITH"},{"data":"MokouMod:HeatTransfer","floor":8.0,"key":"SMITH"},{"data":"MokouMod:Ember","floor":10.0,"key":"SMITH"},{"data":"MokouMod:IgneousBlow","floor":15.0,"key":"SMITH"},{"data":"MokouMod:SacredFire","floor":23.0,"key":"SMITH"},{"data":"MokouMod:RadiantBlade","floor":27.0,"key":"SMITH"},{"data":"MokouMod:IgnitionBlast","floor":30.0,"key":"SMITH"},{"data":"MokouMod:HeatSpark","floor":32.0,"key":"SMITH"},{"data":"MokouMod:BurningDraft","floor":40,"key":"SMITH"},{"data":"MokouMod:ScorchedEarth","floor":46,"key":"SMITH"},{"data":"MokouMod:Firecracker","floor":49,"key":"SMITH"}],"circlet_count":0,"master_deck":["MokouMod:Sear+1","MokouMod:RadiantBlade+1","MokouMod:Ember+1","MokouMod:HeatTransfer+1","MokouMod:IgnitionBlast+1","MokouMod:IgneousBlow+1","MokouMod:SacredFire+1","MokouMod:Overheat+1","Necronomicurse","MokouMod:Singe","MokouMod:FlamingFireTalons+1","MokouMod:BurningDraft+1","MokouMod:ControlledCombustion+1","MokouMod:Firecracker+1","MokouMod:ScorchedEarth+1","MokouMod:Firecracker"],"relics":["MokouMod:PhoenixFeather","AT_ATBox","DemoMod:BigBoy","Potion Belt","Astrolabe","Necronomicon","AT_MibuBalloonWealth","MawBank","Empty Cage","Thread and Needle"],"acts_visited":["Exordium","TheCity","TheBeyond"],"potions_floor_usage":[41,50,50,50],"damage_taken":[{"damage":12.0,"enemies":"Small Slimes","floor":1.0,"turns":5.0},{"damage":1.0,"enemies":"Jaw Worm","floor":2.0,"turns":3.0},{"damage":5.0,"enemies":"2 Louse","floor":4.0,"turns":4.0},{"damage":4.0,"enemies":"Blue Slaver","floor":5.0,"turns":3.0},{"damage":6.0,"enemies":"HollowMod:MossKnight","floor":7.0,"turns":5.0},{"damage":0.0,"enemies":"Exordium Thugs","floor":12.0,"turns":3.0},{"damage":0.0,"enemies":"Large Slime","floor":14.0,"turns":1.0},{"damage":36.0,"enemies":"Hexaghost","floor":16.0,"turns":7.0},{"damage":9.0,"enemies":"Chosen","floor":18.0,"turns":3.0},{"damage":0.0,"enemies":"Spheric Guardian","floor":19.0,"turns":2.0},{"damage":4.0,"enemies":"Cultist and Chosen","floor":21.0,"turns":3.0},{"damage":16.0,"enemies":"3 Cultists","floor":25.0,"turns":4.0},{"damage":0.0,"enemies":"Snake Plant","floor":29.0,"turns":2.0},{"damage":8.0,"enemies":"Centurion and Healer","floor":31.0,"turns":3.0},{"damage":60.0,"enemies":"Automaton","floor":33.0,"turns":7.0},{"damage":12,"enemies":"Orb Walker","floor":35,"turns":3},{"damage":19,"enemies":"3 Darklings","floor":36,"turns":4},{"damage":9,"enemies":"Jaw Worm Horde","floor":41,"turns":3},{"damage":16,"enemies":"Spire Growth","floor":47,"turns":3},{"damage":27,"enemies":"Jaw Worm Horde","floor":48,"turns":4},{"damage":46,"enemies":"Donu and Deca","floor":50,"turns":3}],"seed_played":"427963220362954488","potions_obtained":[{"floor":4.0,"key":"BlessingOfTheForge"},{"floor":5.0,"key":"SpeedPotion"},{"floor":7.0,"key":"Block Potion"},{"floor":16.0,"key":"Strength Potion"},{"floor":18.0,"key":"Explosive Potion"},{"floor":31.0,"key":"Dexterity Potion"},{"floor":36,"key":"Weak Potion"},{"floor":48,"key":"ColorlessPotion"}],"is_trial":false,"path_per_floor":["M","M","?","M","M","R","E","R","T","R","$","M","$","M","R","B",null,"M","M","?","M","$","R","?","M","T","R","T","M","R","M","R","B",null,"M","M","$","?","?","R","M","$","T","$","?","R","M","M","R","B"],"character_chosen":"MKU","items_purchased":["MokouMod:IgnitionBlast","MokouMod:BurningDraft","MokouMod:Firecracker","MokouMod:ScorchedEarth","MokouMod:Firecracker"],"campfire_rested":0,"item_purchase_floors":[11,37,42,44,44],"current_hp_per_floor":[63,62,62,57,53,53,47,47,47,47,47,47,47,47,47,11,75,66,66,50,46,46,46,46,30,30,30,30,30,30,22,22,18,75,63,44,44,44,44,44,35,35,35,35,35,35,19,10,10,0,0,0],"gold":282,"neow_bonus":"ONE_RARE_RELIC","is_daily":false,"chose_seed":false,"campfire_upgraded":11,"win_rate":0.0,"timestamp":1612192522,"path_taken":["M","M","?","M","M","R","E","R","T","R","?","M","$","M","R","BOSS","M","M","?","M","$","R","?","M","T","R","?","M","R","M","R","BOSS","M","M","$","?","?","R","M","$","T","$","?","R","M","M","R","BOSS"],"items_purchased_type":["Card","Card","Card","Card","Card"],"build_version":"2020-12-22","purchased_purges":5,"victory":false,"max_hp_per_floor":[75,75,75,75,75,75,75,75,75,75,75,75,75,75,75,75,75,75,75,75,75,75,75,75,75,75,75,75,75,75,75,75,75,75,75,75,75,75,75,75,75,75,75,75,75,75,75,75,75,75,75,75],"card_choices":[{"not_picked":["MokouMod:EternalBurstReactor","MokouMod:SearingShot"],"picked":"MokouMod:Sear","floor":1.0},{"not_picked":["MokouMod:ScorchingColumn","MokouMod:SearingShot","MokouMod:Singe"],"picked":"SKIP","floor":2.0},{"not_picked":["MokouMod:EternalBurstReactor","MokouMod:IndiscriminateIgnition"],"picked":"MokouMod:RadiantBlade","floor":4.0},{"not_picked":["MokouMod:Overheat","MokouMod:ResonanceReactor"],"picked":"MokouMod:Ember","floor":5.0},{"not_picked":["MokouMod:Ember","MokouMod:TemporalFireSeal"],"picked":"MokouMod:HeatTransfer","floor":7.0},{"not_picked":["MokouMod:UncontrollableSolarReaction","MokouMod:FujiyamaVolcano"],"picked":"MokouMod:IgneousBlow","floor":12.0},{"not_picked":["MokouMod:RoaringFlare","MokouMod:InfernalWave","MokouMod:IgneousBlow"],"picked":"SKIP","floor":14.0},{"not_picked":["MokouMod:Geothermal","MokouMod:PhoenixForm"],"picked":"MokouMod:SacredFire","floor":16.0},{"not_picked":["MokouMod:BlazingComet","MokouMod:FusionFlare","MokouMod:CrimsonFlare"],"picked":"SKIP","floor":18.0},{"not_picked":["MokouMod:EternalBurstReactor","MokouMod:HeatFactory","MokouMod:Refresh"],"picked":"SKIP","floor":19.0},{"not_picked":["MokouMod:HouraiForge","MokouMod:FlareStarter","MokouMod:Overheat+1"],"picked":"SKIP","floor":21.0},{"not_picked":["MokouMod:ControlledCombustion","MokouMod:ResonanceReactor","MokouMod:UncontrollableSolarReaction"],"picked":"SKIP","floor":25.0},{"not_picked":["MokouMod:CrimsonFlare","MokouMod:InfernalWave","MokouMod:Sear"],"picked":"SKIP","floor":29.0},{"not_picked":["MokouMod:Stoke","MokouMod:FlareStarter+1","MokouMod:IcarusDive+1"],"picked":"SKIP","floor":31.0},{"not_picked":["MokouMod:Stoke+1","MokouMod:Refresh"],"picked":"MokouMod:Singe","floor":35},{"not_picked":["MokouMod:Ember","MokouMod:CrimsonFlare"],"picked":"MokouMod:FlamingFireTalons+1","floor":36},{"not_picked":["MokouMod:TemporalFireSeal","MokouMod:FlickeringFlame"],"picked":"MokouMod:ControlledCombustion+1","floor":41},{"not_picked":["MokouMod:IgnitionBarrier+1","MokouMod:IgneousBlow","MokouMod:BlazingComet"],"picked":"SKIP","floor":47},{"not_picked":["MokouMod:IgnitionBarrier+1","MokouMod:IgneousBlow","MokouMod:BlazingComet"],"picked":"SKIP","floor":47},{"not_picked":["MokouMod:EternalBurstReactor+1","MokouMod:Extinguish","MokouMod:Singe+1"],"picked":"SKIP","floor":48}],"player_experience":329413,"relics_obtained":[{"floor":7.0,"key":"Potion Belt"},{"floor":20.0,"key":"Necronomicon"},{"floor":26.0,"key":"AT_MibuBalloonWealth"},{"floor":28.0,"key":"MawBank"},{"floor":43,"key":"Thread and Needle"}],"event_choices":[{"damage_healed":0.0,"max_hp_gain":0.0,"max_hp_loss":0.0,"gold_gain":0.0,"cards_transformed":["MokouMod:Strike"],"event_name":"Living Wall","player_choice":"Change","floor":3.0,"gold_loss":0.0,"damage_taken":0.0,"cards_obtained":["MokouMod:EternalBurstReactor"]},{"damage_healed":0.0,"max_hp_gain":0.0,"max_hp_loss":0.0,"gold_gain":0.0,"event_name":"Cursed Tome","player_choice":"Obtained Book","floor":20.0,"gold_loss":0.0,"damage_taken":16.0},{"damage_healed":0.0,"max_hp_gain":0.0,"max_hp_loss":0.0,"gold_gain":0.0,"event_name":"Ghosts","player_choice":"Ignored","floor":24.0,"gold_loss":0.0,"damage_taken":0.0},{"damage_healed":0,"gold_gain":0,"player_choice":"Ignored","damage_taken":0,"max_hp_gain":0,"max_hp_loss":0,"event_name":"Tomb of Lord Red Mask","floor":38,"gold_loss":0},{"cards_removed":["MokouMod:CrimsonArmoury"],"damage_healed":0,"gold_gain":0,"player_choice":"Removed Skill","damage_taken":0,"max_hp_gain":0,"max_hp_loss":0,"event_name":"Falling","floor":39,"gold_loss":0},{"cards_removed":["MokouMod:HeatSpark"],"damage_healed":0,"gold_gain":0,"player_choice":"Offered Basic","damage_taken":0,"max_hp_gain":0,"max_hp_loss":0,"event_name":"Bonfire Elementals","floor":45,"gold_loss":0}],"is_beta":false,"boss_relics":[{"not_picked":["Ectoplasm","Tiny House"],"picked":"Astrolabe"},{"not_picked":["Calling Bell","jedi:paperlyon"],"picked":"Empty Cage"}],"items_purged_floors":[11,22,37,42,44],"is_endless":false,"potions_floor_spawned":[4,5,7,16,18,21,25,31,36,48],"killed_by":"Donu and Deca","ascension_level":0}}