{"host":"5kerkh94hj8hofz6","time":1612159114,"event":{"mods":["AchievementEnabler","BaseMod","Colored Map","Colored Powertips","Highlight Path","Minty Spire (QoL Compilation)","StSLib","The Cursed","The Hierophant"],"gold_per_floor":[118,137,154,169,181,184,184,191,191,191,202,0,14,14,14,4,4],"floor_reached":16,"language":"ENG","playtime":2387,"items_purged":["hierophant:Strike_Hierophant"],"score":106,"play_id":"df1c5957-664d-4729-9afa-0a830b86523f","local_time":"20210201185834","is_ascension_mode":false,"campfire_choices":[{"data":"hierophant:PassingBell","floor":7,"key":"SMITH"},{"data":"hierophant:MorningPrayer","floor":10,"key":"SMITH"},{"data":"hierophant:Punish","floor":15,"key":"SMITH"}],"circlet_count":0,"master_deck":["hierophant:Strike_Hierophant","hierophant:Strike_Hierophant","hierophant:Punish+1","hierophant:Defend_Hierophant","hierophant:Defend_Hierophant","hierophant:Defend_Hierophant","hierophant:Defend_Hierophant","hierophant:ChurchCoffers","hierophant:Racketeering","hierophant:SealAway","hierophant:PassingBell+1","hierophant:HammerAndAnvil","hierophant:MorningPrayer+1","hierophant:Purify","hierophant:Bribe","hierophant:ThreeLashes","hierophant:Shelter","Parasite"],"relics":["hierophant:PropheticMaskRelic","Pocketwatch","Smiling Mask","Lantern"],"acts_visited":["Exordium"],"potions_floor_usage":[8],"damage_taken":[{"damage":1,"enemies":"2 Louse","floor":1,"turns":2},{"damage":1,"enemies":"Jaw Worm","floor":2,"turns":4},{"damage":4,"enemies":"Small Slimes","floor":3,"turns":4},{"damage":11,"enemies":"Red Slaver","floor":4,"turns":3},{"damage":0,"enemies":"2 Fungi Beasts","floor":5,"turns":2},{"damage":11,"enemies":"Large Slime","floor":6,"turns":6},{"damage":18,"enemies":"3 Sentries","floor":8,"turns":4},{"damage":2,"enemies":"Blue Slaver","floor":11,"turns":3},{"damage":0,"enemies":"Lots of Slimes","floor":13,"turns":2},{"damage":46,"enemies":"Hexaghost","floor":16,"turns":11}],"seed_played":"-3783678635766562313","potions_obtained":[{"floor":1,"key":"LiquidMemories"},{"floor":4,"key":"SteroidPotion"},{"floor":6,"key":"ColorlessPotion"},{"floor":11,"key":"Explosive Potion"}],"is_trial":false,"path_per_floor":["M","M","M","M","M","M","R","E","T","R","M","$","M","?","R","B"],"character_chosen":"HIEROPHANT","items_purchased":["Lantern"],"campfire_rested":0,"item_purchase_floors":[12],"current_hp_per_floor":[74,73,69,58,58,47,47,29,29,29,27,27,27,45,45,0,0],"gold":4,"neow_bonus":"TRANSFORM_CARD","is_daily":false,"chose_seed":false,"campfire_upgraded":3,"win_rate":0.0,"timestamp":1612159114,"path_taken":["M","M","M","M","M","M","R","E","T","R","M","$","M","?","R","BOSS"],"items_purchased_type":["Relic"],"build_version":"2020-12-22","purchased_purges":1,"victory":false,"max_hp_per_floor":[75,75,75,75,75,75,75,75,75,75,75,75,75,75,75,75,75],"card_choices":[{"not_picked":["hierophant:RecallFunds","hierophant:Encroach"],"picked":"hierophant:SealAway","floor":1},{"not_picked":["hierophant:SealAway","hierophant:Rebuild"],"picked":"hierophant:PassingBell","floor":2},{"not_picked":["hierophant:CoinFling","hierophant:Doubloon"],"picked":"hierophant:HammerAndAnvil","floor":3},{"not_picked":["hierophant:PristineSoul","hierophant:Remorse"],"picked":"hierophant:MorningPrayer","floor":4},{"not_picked":["hierophant:Mercenaries","hierophant:Sermon"],"picked":"hierophant:Purify","floor":5},{"not_picked":["hierophant:ConvertCurrency","hierophant:Mercenaries","hierophant:PassingBell"],"picked":"SKIP","floor":6},{"not_picked":["hierophant:Mercenaries","hierophant:Doubloon"],"picked":"hierophant:Bribe","floor":8},{"not_picked":["hierophant:Empathy","hierophant:LocustPlague"],"picked":"hierophant:ThreeLashes","floor":11},{"not_picked":["hierophant:Purify","hierophant:ThreeLashes"],"picked":"hierophant:Shelter","floor":13}],"player_experience":410176,"relics_obtained":[{"floor":8,"key":"Pocketwatch"},{"floor":9,"key":"Smiling Mask"}],"event_choices":[{"damage_healed":18,"gold_gain":0,"player_choice":"Healed and dodged fight","damage_taken":0,"max_hp_gain":0,"max_hp_loss":0,"event_name":"Mushrooms","floor":14,"gold_loss":0,"cards_obtained":["Parasite"]}],"is_beta":false,"boss_relics":[],"items_purged_floors":[12],"is_endless":false,"potions_floor_spawned":[1,4,6,11],"killed_by":"Hexaghost","ascension_level":0}}