{"host":"rqs2099buorjjoja","time":1612148550,"event":{"mods":["AchievementEnabler","BaseMod","Beaked The Cultist","Colored Powertips","Downfall","Hubris","Infinite Spire","Minty Spire (QoL Compilation)","Quick Restart","Replay The Spire","StSLib"],"gold_per_floor":[99,113,124,124,109,109,109,136,136,136,155,55,66,66,66,80,95,200,200,100,117,135,146,159,159,184,199,199,199,218,218,218,218],"floor_reached":31,"language":"ENG","playtime":4473,"items_purged":[],"score":264,"play_id":"55eeb74a-c626-45a3-9aa9-246bf6e872c9","local_time":"20210131220230","is_ascension_mode":false,"campfire_choices":[{"floor":1,"key":"RECALL"},{"floor":12,"key":"REST"},{"data":"hexamod:RadiantFlame","floor":15,"key":"SMITH"},{"data":"hexamod:ExtraCrispy","floor":20,"key":"SMITH"}],"circlet_count":0,"master_deck":["hexamod:Strike","hexamod:Strike","hexamod:Strike","hexamod:Strike","hexamod:Defend","hexamod:Defend","hexamod:Defend","hexamod:Defend","hexamod:Sear","hexamod:Float","hexamod:AdvancingGuard","hexamod:ThermalTransfer","hexamod:Hexaguard","hexamod:NightmareGuise","hexamod:RadiantFlame+1","hexamod:ExtraCrispy+1","hexamod:SpectersWail","hexamod:WildfireWeapon","hexamod:Hexaguard","hexamod:SwordOfDarkness+1","hexamod:SwordOfDarkness","hexamod:ShieldOfDarkness","hexamod:HeatShield+1","hexamod:ThermalTransfer"],"relics":["hexamod:SpiritBrand","hubris:Icosahedron","Omamori","downfall:HeartBlessingRed","Honey Jar","downfall:HeartBlessingBlue","Regal Pillow"],"acts_visited":["Exordium","TheCity"],"potions_floor_usage":[21,24,27,30,31],"damage_taken":[{"damage":2,"enemies":"2 Louse","floor":2,"turns":3},{"damage":3,"enemies":"Jaw Worm","floor":3,"turns":7},{"damage":0,"enemies":"downfall:FleeingMerchant","floor":5,"turns":4},{"damage":26,"enemies":"3 Sentries","floor":8,"turns":13},{"damage":0,"enemies":"Cultist","floor":11,"turns":3},{"damage":1,"enemies":"Exordium Wildlife","floor":13,"turns":7},{"damage":0,"enemies":"Large Slime","floor":16,"turns":7},{"damage":1,"enemies":"3 Louse","floor":17,"turns":5},{"damage":41,"enemies":"SI_SHIV_ARCHETYPE","floor":18,"turns":11},{"damage":9,"enemies":"Chosen","floor":21,"turns":5},{"damage":6,"enemies":"Chosen and Byrds","floor":22,"turns":6},{"damage":0,"enemies":"Cultist and Chosen","floor":23,"turns":6},{"damage":4,"enemies":"Snake Plant","floor":24,"turns":3},{"damage":16,"enemies":"Sentry and Sphere","floor":27,"turns":7},{"damage":4,"enemies":"Centurion and Healer","floor":30,"turns":6},{"damage":11,"enemies":"Slavers","floor":31,"turns":4}],"seed_played":"630874525203939751","potions_obtained":[{"floor":8,"key":"Elixir"},{"floor":13,"key":"GamblersBrew"},{"floor":16,"key":"Elixir"},{"floor":17,"key":"Energy Potion"},{"floor":18,"key":"Adrenaline Potion"},{"floor":22,"key":"Slimebound:ThreeZeroPotion"},{"floor":24,"key":"Reflective Coating"},{"floor":30,"key":"DuplicationPotion"}],"is_trial":false,"path_per_floor":["R","M","M","?","$","?","T","E","PTL","PTL","M","R","M","?","R","M","M","B",null,"R","M","M","M","M","?","T","M","?","?","M","E"],"character_chosen":"THE_SPIRIT","items_purchased":[],"campfire_rested":1,"item_purchase_floors":[],"current_hp_per_floor":[77,75,72,72,72,72,72,46,46,46,46,69,68,77,77,77,76,35,77,87,78,72,72,68,68,68,52,55,14,10,0,0,0],"gold":218,"neow_bonus":"TEN_PERCENT_HP_BONUS","is_daily":false,"chose_seed":false,"campfire_upgraded":2,"win_rate":0.0,"timestamp":1612148550,"path_taken":["R","M","M","?","$","?","T","E","PTL","PTL","M","R","M","?","R","M","M","BOSS","R","M","M","M","?","?","T","M","?","?","M","E"],"items_purchased_type":[],"build_version":"2020-12-22","purchased_purges":0,"victory":false,"max_hp_per_floor":[77,77,77,77,77,77,77,77,77,77,77,77,77,77,77,77,77,77,77,87,87,87,87,87,87,87,87,90,90,90,90,90,90],"card_choices":[{"not_picked":["hexamod:HauntingEcho","hexamod:FastForward"],"picked":"hexamod:AdvancingGuard","floor":2},{"not_picked":["hexamod:ShieldOfDarkness","hexamod:AdvancingGuard"],"picked":"hexamod:ThermalTransfer","floor":3},{"not_picked":["hexamod:FirstSeal","hexamod:WildfireWeapon"],"picked":"hexamod:SpectralAdrenaline","floor":5},{"not_picked":["hexamod:NecessarySacrifice","hexamod:GhostLash"],"picked":"hexamod:Hexaguard","floor":8},{"not_picked":["hexamod:BacktrackSmack","hexamod:GhostOfSpirePast"],"picked":"hexamod:NightmareGuise","floor":11},{"not_picked":["hexamod:InspiringFlames","hexamod:SpectralAdrenaline"],"picked":"hexamod:RadiantFlame","floor":13},{"not_picked":["hexamod:BurningTouch","hexamod:ShieldOfDarkness"],"picked":"hexamod:ExtraCrispy","floor":16},{"not_picked":["hexamod:AdvancingGuard","hexamod:ThermalTransfer"],"picked":"hexamod:SpectersWail","floor":17},{"not_picked":["hexamod:UnlimitedPower","hexamod:TurnItUp"],"picked":"hexamod:WildfireWeapon","floor":18},{"not_picked":["hexamod:AdvancingGuard","hexamod:Haunt","hexamod:RainOfEmbers"],"picked":"hexamod:Hexaguard","floor":21},{"not_picked":["hexamod:HauntingEcho+1","hexamod:BurningTouch","hexamod:NightmareGuise"],"picked":"hexamod:SwordOfDarkness+1","floor":22},{"not_picked":["hexamod:FastForward+1","hexamod:NightmareGuise","hexamod:ChargedBarrage"],"picked":"hexamod:SwordOfDarkness","floor":23},{"not_picked":["hexamod:BurningTouch","hexamod:SwordOfDarkness","hexamod:GhostflameInferno"],"picked":"hexamod:ShieldOfDarkness","floor":24},{"not_picked":["hexamod:SwordOfDarkness","hexamod:Again","hexamod:SecondSeal"],"picked":"hexamod:HeatShield+1","floor":27},{"not_picked":["hexamod:GhostOfSpirePast","hexamod:HeatCrush","hexamod:ShieldOfDarkness"],"picked":"hexamod:ThermalTransfer","floor":30}],"player_experience":172420,"relics_obtained":[{"floor":8,"key":"Omamori"},{"floor":26,"key":"Regal Pillow"}],"event_choices":[{"cards_removed":["hexamod:SpectralAdrenaline"],"damage_healed":9,"gold_gain":0,"player_choice":"Offered Uncommon","damage_taken":0,"max_hp_gain":0,"max_hp_loss":0,"event_name":"Bonfire Elementals","floor":14,"gold_loss":0}],"is_beta":false,"boss_relics":[{"not_picked":["hexamod:UnbrokenSoul","hubris:HollowSoul"],"picked":"Honey Jar"}],"items_purged_floors":[],"is_endless":false,"potions_floor_spawned":[8,13,16,17,18,22,24,30],"killed_by":"Slavers","ascension_level":0}}