{"host":"rb2p2z6v6vieend5","time":1612216555,"event":{"mods":["BaseMod","Block Reminder","Colored Map","DeckTracker","Highlight Path","Minty Spire (QoL Compilation)","Random Character Button","Relic Stats"],"gold_per_floor":[115,126,143,143,143,174,174,174,174],"floor_reached":8,"language":"ENG","playtime":210,"items_purged":[],"score":76,"play_id":"040947ca-255f-4692-a032-8f35a92079cb","local_time":"20210201225555","is_ascension_mode":true,"campfire_choices":[],"circlet_count":0,"master_deck":["Strike_B","Strike_B","Strike_B","Defend_B","Defend_B","Defend_B","Defend_B","Zap","Dualcast","Sweeping Beam","Coolheaded","Machine Learning","Glacier"],"relics":["Cracked Core","NeowsBlessing","InkBottle","Bottled Tornado","Ginger"],"acts_visited":["Exordium"],"potions_floor_usage":[8],"damage_taken":[{"damage":0,"enemies":"2 Louse","floor":1,"turns":1},{"damage":0,"enemies":"Jaw Worm","floor":2,"turns":1},{"damage":0,"enemies":"Cultist","floor":3,"turns":1},{"damage":33,"enemies":"3 Sentries","floor":6,"turns":7},{"damage":31,"enemies":"Gremlin Nob","floor":8,"turns":3}],"seed_played":"-568305822614597620","potions_obtained":[{"floor":6,"key":"SneckoOil"}],"is_trial":false,"path_per_floor":["M","M","M","?","?","E","T","E"],"character_chosen":"DEFECT","items_purchased":[],"campfire_rested":0,"item_purchase_floors":[],"current_hp_per_floor":[68,68,68,65,58,25,25,0,0],"gold":174,"neow_bonus":"THREE_ENEMY_KILL","is_daily":false,"chose_seed":false,"campfire_upgraded":0,"win_rate":0.0,"timestamp":1612216555,"path_taken":["M","M","M","?","?","E","?","E"],"items_purchased_type":[],"build_version":"2020-12-22","purchased_purges":0,"victory":false,"max_hp_per_floor":[75,75,75,75,75,75,75,75,75],"relic_stats":{"counters":[5,13],"Ginger":[0],"obtain_stats":[{"NeowsBlessing":0,"Ginger":7,"Bottled Tornado":6,"Cracked Core":0,"InkBottle":4},{"NeowsBlessing":0,"Ginger":4,"Bottled Tornado":4,"Cracked Core":0,"InkBottle":3},{"NeowsBlessing":0,"Ginger":10,"Bottled Tornado":10,"Cracked Core":0,"InkBottle":3}],"InkBottle":[2]},"card_choices":[{"not_picked":["Go for the Eyes","Redo"],"picked":"Sweeping Beam","floor":1},{"not_picked":["Turbo","Melter"],"picked":"Coolheaded","floor":2},{"not_picked":["Compile Driver","Recycle"],"picked":"Machine Learning","floor":3},{"not_picked":["Seek","Steam"],"picked":"Glacier","floor":6}],"player_experience":669871,"relics_obtained":[{"floor":6,"key":"Bottled Tornado"},{"floor":7,"key":"Ginger"}],"event_choices":[{"damage_healed":0,"gold_gain":0,"player_choice":"Success","damage_taken":3,"relics_obtained":["InkBottle"],"max_hp_gain":0,"max_hp_loss":0,"event_name":"Scrap Ooze","floor":4,"gold_loss":0},{"cards_removed":["Strike_B"],"damage_healed":0,"gold_gain":0,"player_choice":"Card Removal","damage_taken":7,"max_hp_gain":0,"max_hp_loss":0,"event_name":"Golden Wing","floor":5,"gold_loss":0}],"is_beta":false,"boss_relics":[],"items_purged_floors":[],"is_endless":false,"potions_floor_spawned":[6],"killed_by":"Gremlin Nob","ascension_level":7}}