{"host":"9v3x998ddbx8o276","time":1612170783,"event":{"mods":["AchievementEnabler","BaseMod","Colored Map","Colored Powertips","Highlight Path","Minty Spire (QoL Compilation)","Quick Restart","Rare Cards Sparkle"],"gold_per_floor":[119,35,35,46,46,90,90,134,160,160,180,213,237,252,252,342,342,357,407,422,422,4,4,4,4],"floor_reached":24,"language":"ENG","playtime":665,"items_purged":["Strike_R"],"score":478,"play_id":"d0ccc3e6-caad-4c12-a522-de6c0eb62ef2","local_time":"20210201194303","is_ascension_mode":true,"campfire_choices":[{"floor":10.0,"key":"REST"},{"floor":15.0,"key":"REST"},{"data":"Feed","floor":23.0,"key":"SMITH"}],"circlet_count":0,"master_deck":["AscendersBane","Strike_R","Strike_R","Strike_R","Defend_R","Defend_R","Defend_R","Defend_R","Bash","Clothesline","Dropkick","Cleave","Flame Barrier","Shockwave","Fire Breathing","Disarm","Pommel Strike","Armaments","Feed+1","Sentinel+1","Ghostly Armor","Ghostly","Ghostly","Ghostly"],"relics":["Burning Blood","NeowsBlessing","Golden Idol","Lantern","Pen Nib","Orichalcum","Oddly Smooth Stone","Cursed Key","Mango"],"acts_visited":["Exordium","TheCity"],"potions_floor_usage":[],"damage_taken":[{"damage":0.0,"enemies":"Jaw Worm","floor":1.0,"turns":1.0},{"damage":0.0,"enemies":"2 Louse","floor":4.0,"turns":1.0},{"damage":0.0,"enemies":"3 Sentries","floor":6.0,"turns":1.0},{"damage":30.0,"enemies":"Gremlin Nob","floor":8.0,"turns":4.0},{"damage":0.0,"enemies":"Small Slimes","floor":11.0,"turns":3.0},{"damage":15.0,"enemies":"3 Sentries","floor":12.0,"turns":4.0},{"damage":1.0,"enemies":"3 Louse","floor":13.0,"turns":4.0},{"damage":18.0,"enemies":"Large Slime","floor":14.0,"turns":5.0},{"damage":15.0,"enemies":"Slime Boss","floor":16.0,"turns":8.0},{"damage":4.0,"enemies":"Chosen","floor":18.0,"turns":5.0},{"damage":15.0,"enemies":"Shell Parasite","floor":20.0,"turns":6.0},{"damage":18,"enemies":"Gremlin Leader","floor":24,"turns":6}],"seed_played":"1943380361839781893","potions_obtained":[{"floor":4.0,"key":"DuplicationPotion"},{"floor":6.0,"key":"SkillPotion"},{"floor":16.0,"key":"Strength Potion"}],"is_trial":false,"path_per_floor":["M","$","?","M","?","E","?","E","T","R","M","E","M","M","R","B",null,"M","?","M","?","$","R","E"],"character_chosen":"IRONCLAD","items_purchased":["Dropkick","Mango"],"campfire_rested":2,"item_purchase_floors":[2,22],"current_hp_per_floor":[74,74,74,75,49,55,48,24,24,46,52,43,48,36,58,49,69,74,74,68,40,54,54,36,36],"gold":4,"neow_bonus":"THREE_ENEMY_KILL","is_daily":false,"chose_seed":false,"campfire_upgraded":1,"win_rate":0.0,"timestamp":1612170783,"path_taken":["M","$","?","M","?","E","?","E","T","R","M","E","M","?","R","BOSS","M","?","M","?","$","R","E"],"items_purchased_type":["Card","Relic"],"build_version":"2020-12-22","purchased_purges":1,"victory":false,"max_hp_per_floor":[75,75,75,75,75,75,75,75,75,75,75,75,75,75,75,75,75,78,78,81,40,54,54,54,54],"card_choices":[{"not_picked":["Warcry","Sentinel"],"picked":"Clothesline","floor":1.0},{"not_picked":["Infernal Blade","Armaments"],"picked":"Cleave","floor":4.0},{"not_picked":["Entrench","Dark Embrace"],"picked":"Flame Barrier","floor":6.0},{"not_picked":["Reckless Charge","Flex"],"picked":"Shockwave","floor":8.0},{"not_picked":["Twin Strike","Armaments"],"picked":"Fire Breathing","floor":11.0},{"not_picked":["Limit Break","Carnage"],"picked":"Disarm","floor":12.0},{"not_picked":["Dark Embrace","Flex"],"picked":"Pommel Strike","floor":13.0},{"not_picked":["Perfected Strike","Pommel Strike"],"picked":"Armaments","floor":14.0},{"not_picked":["Immolate","Berserk"],"picked":"Feed","floor":16.0},{"not_picked":["Shrug It Off","Headbutt"],"picked":"Sentinel+1","floor":18.0},{"not_picked":["Headbutt","Flex"],"picked":"Ghostly Armor","floor":20.0}],"player_experience":2211536,"relics_obtained":[{"floor":6.0,"key":"Lantern"},{"floor":8.0,"key":"Pen Nib"},{"floor":9.0,"key":"Orichalcum"},{"floor":12.0,"key":"Oddly Smooth Stone"}],"event_choices":[{"damage_healed":0.0,"max_hp_gain":0.0,"max_hp_loss":0.0,"gold_gain":0.0,"event_name":"Liars Game","player_choice":"Ignored","floor":3.0,"gold_loss":0.0,"damage_taken":0.0},{"damage_healed":0.0,"max_hp_gain":0.0,"max_hp_loss":0.0,"gold_gain":0.0,"event_name":"Golden Idol","player_choice":"Take Damage","floor":5.0,"gold_loss":0.0,"damage_taken":26.0,"relics_obtained":["Golden Idol"]},{"cards_removed":["Strike_R"],"damage_healed":0.0,"max_hp_gain":0.0,"max_hp_loss":0.0,"gold_gain":0.0,"event_name":"Golden Wing","player_choice":"Card Removal","floor":7.0,"gold_loss":0.0,"damage_taken":7.0},{"damage_healed":0.0,"max_hp_gain":0.0,"max_hp_loss":0.0,"gold_gain":50.0,"event_name":"Nest","player_choice":"Stole From Cult","floor":19.0,"gold_loss":0.0,"damage_taken":0.0},{"damage_healed":0.0,"max_hp_gain":0.0,"max_hp_loss":41.0,"gold_gain":0.0,"event_name":"Ghosts","player_choice":"Became a Ghost","floor":21.0,"gold_loss":0.0,"damage_taken":0.0,"cards_obtained":["Ghostly","Ghostly","Ghostly"]}],"is_beta":false,"boss_relics":[{"not_picked":["Empty Cage","SlaversCollar"],"picked":"Cursed Key"}],"items_purged_floors":[22],"is_endless":false,"potions_floor_spawned":[4,6,14,16,20],"killed_by":"Gremlin Leader","ascension_level":20}}