{"host":"15dd7v8o90xso62x","time":1612146111,"event":{"mods":["BaseMod","Minty Spire (QoL Compilation)","Quick Restart","StSLib","SuperFastMode"],"gold_per_floor":[109,119,131,146,166,166,196,135,214,49,83,83,103,131,131,207,207,218,218,38,67,67,99,99,99,152,184,530,542,105,124,124,201,201,213,213,213,213,263,297,297,309,309,1,1,21,34,49,49,49,49,49],"floor_reached":51,"language":"KOR","playtime":1605,"items_purged":["Strike_G","Strike_G","Defend_G","Defend_G"],"score":1591,"play_id":"3b2e1008-f6e5-4b77-95eb-1b72bf3db14f","local_time":"20210201112151","is_ascension_mode":true,"campfire_choices":[{"data":"Storm of Steel","floor":6.0,"key":"SMITH"},{"floor":12.0,"key":"REST"},{"data":"Blade Dance","floor":15.0,"key":"SMITH"},{"data":"Cloak And Dagger","floor":24,"key":"SMITH"},{"data":"Cloak And Dagger","floor":25,"key":"SMITH"},{"data":"Concentrate","floor":29,"key":"SMITH"},{"data":"Blade Dance","floor":32,"key":"SMITH"},{"data":"Night Terror","floor":41,"key":"SMITH"},{"data":"Adrenaline","floor":45,"key":"SMITH"},{"data":"Phantasmal Killer","floor":49,"key":"SMITH"}],"circlet_count":0,"master_deck":["AscendersBane","Defend_G","Survivor","Neutralize","Storm of Steel+1","Infinite Blades","Blade Dance+1","Blade Dance+1","Calculated Gamble","Cloak And Dagger+1","Terror","Accuracy","Cloak And Dagger+1","Adrenaline+1","Accuracy","Well Laid Plans","Backflip","Concentrate+1","Malaise","Backflip","Night Terror+1","Finesse","Finesse","Footwork","Adrenaline","Phantasmal Killer+1"],"relics":["Ring of the Snake","Regal Pillow","WingedGreaves","Mercury Hourglass","Bag of Marbles","Vajra","WristBlade","Red Mask","Ninja Scroll","MawBank","Old Coin","Lantern","Empty Cage","Happy Flower","Kunai","DollysMirror"],"acts_visited":["Exordium","TheCity","TheBeyond"],"potions_floor_usage":[23,33,50,51],"damage_taken":[{"damage":0.0,"enemies":"Cultist","floor":1.0,"turns":3.0},{"damage":0.0,"enemies":"Small Slimes","floor":2.0,"turns":2.0},{"damage":4.0,"enemies":"Jaw Worm","floor":3.0,"turns":3.0},{"damage":11.0,"enemies":"3 Louse","floor":4.0,"turns":2.0},{"damage":1.0,"enemies":"Blue Slaver","floor":5.0,"turns":4.0},{"damage":20.0,"enemies":"Lagavulin","floor":7.0,"turns":6.0},{"damage":0.0,"enemies":"Gremlin Nob","floor":11.0,"turns":2.0},{"damage":0.0,"enemies":"Lots of Slimes","floor":13.0,"turns":2.0},{"damage":8.0,"enemies":"3 Sentries","floor":14.0,"turns":5.0},{"damage":5.0,"enemies":"The Guardian","floor":16.0,"turns":8.0},{"damage":0,"enemies":"Shell Parasite","floor":18,"turns":1},{"damage":0,"enemies":"Masked Bandits","floor":21,"turns":2},{"damage":8,"enemies":"Book of Stabbing","floor":23,"turns":2},{"damage":0,"enemies":"2 Thieves","floor":27,"turns":1},{"damage":0,"enemies":"Gremlin Leader","floor":28,"turns":3},{"damage":0,"enemies":"Snake Plant","floor":31,"turns":1},{"damage":2,"enemies":"Champ","floor":33,"turns":4},{"damage":0,"enemies":"3 Shapes","floor":35,"turns":5},{"damage":0,"enemies":"Nemesis","floor":40,"turns":1},{"damage":0,"enemies":"3 Darklings","floor":42,"turns":2},{"damage":0,"enemies":"Maw","floor":46,"turns":4},{"damage":0,"enemies":"Transient","floor":47,"turns":6},{"damage":0,"enemies":"Jaw Worm Horde","floor":48,"turns":2},{"damage":23,"enemies":"Donu and Deca","floor":50,"turns":6},{"damage":32,"enemies":"Awakened One","floor":51,"turns":3}],"seed_played":"3188703006213666725","potions_obtained":[{"floor":1.0,"key":"SkillPotion"},{"floor":4.0,"key":"Ancient Potion"},{"floor":7.0,"key":"EntropicBrew"},{"floor":11.0,"key":"Block Potion"},{"floor":16.0,"key":"ColorlessPotion"},{"floor":28,"key":"Dexterity Potion"},{"floor":33,"key":"LiquidMemories"},{"floor":35,"key":"Fire Potion"}],"is_trial":false,"path_per_floor":["M","M","M","M","M","R","E","?","T","$","E","R","M","E","R","B",null,"M","?","$","?","?","E","R","R","T","M","E","R","$","M","R","B",null,"M","?","?","?","?","E","R","M","T","$","R","M","M","M","R","B","B"],"character_chosen":"THE_SILENT","items_purchased":["Accuracy","Accuracy","Malaise","Lantern","DollysMirror"],"campfire_rested":1,"item_purchase_floors":[10,20,30,30,44],"current_hp_per_floor":[44,44,40,29,28,28,8,8,8,8,8,42,42,34,34,29,57,57,57,57,57,57,49,49,49,49,49,49,49,49,49,49,47,61,61,61,61,51,51,51,51,51,51,51,51,51,51,51,51,28,0,0],"gold":49,"neow_bonus":"TRANSFORM_TWO_CARDS","is_daily":false,"chose_seed":false,"campfire_upgraded":9,"win_rate":0.0,"timestamp":1612146111,"path_taken":["M","M","M","?","M","R","E","?","T","$","E","R","M","E","R","BOSS","M","?","$","?","?","E","R","R","T","M","E","R","$","M","R","BOSS","M","?","?","?","?","E","R","M","T","$","R","?","M","M","R","BOSS","BOSS"],"items_purchased_type":["Card","Card","Card","Relic","Relic"],"build_version":"2020-12-22","purchased_purges":4,"victory":false,"max_hp_per_floor":[66,66,66,66,66,66,66,66,66,66,66,66,66,66,66,66,66,66,66,66,66,66,66,66,66,66,66,66,66,66,66,66,66,66,66,66,63,63,63,63,63,63,63,63,63,63,63,63,63,63,63,63],"card_choices":[{"not_picked":["Skewer","Poisoned Stab"],"picked":"Blade Dance","floor":1.0},{"not_picked":["Deflect","Sucker Punch"],"picked":"Blade Dance","floor":2.0},{"not_picked":["Flying Knee","Bane","PiercingWail"],"picked":"SKIP","floor":3.0},{"not_picked":["Infinite Blades","Slice"],"picked":"Calculated Gamble","floor":4.0},{"not_picked":["Predator","Deadly Poison"],"picked":"Cloak And Dagger","floor":5.0},{"not_picked":["Night Terror","Crippling Poison"],"picked":"Terror","floor":7.0},{"not_picked":["Finisher","Dagger Throw"],"picked":"Cloak And Dagger","floor":11.0},{"not_picked":["Caltrops","Riddle With Holes","Dodge and Roll"],"picked":"SKIP","floor":13.0},{"not_picked":["Terror","Slice","Backflip"],"picked":"SKIP","floor":14.0},{"not_picked":["Doppelganger","Night Terror"],"picked":"Adrenaline","floor":16.0},{"not_picked":["Tactician","Infinite Blades","Expertise"],"picked":"SKIP","floor":18},{"not_picked":["Poisoned Stab","Skewer"],"picked":"Well Laid Plans","floor":21},{"not_picked":["Blade Dance","Crippling Poison","Dagger Throw"],"picked":"SKIP","floor":23},{"not_picked":["Skewer","Dagger Spray"],"picked":"Backflip","floor":27},{"not_picked":["Escape Plan","Unload"],"picked":"Concentrate","floor":28},{"not_picked":["Prepared","Eviscerate"],"picked":"Backflip","floor":31},{"not_picked":["Die Die Die","Envenom"],"picked":"Night Terror","floor":33},{"not_picked":["Flying Knee+1","PiercingWail","Quick Slash"],"picked":"SKIP","floor":35},{"not_picked":["Panache","PanicButton"],"picked":"Finesse","floor":38},{"not_picked":["Thinking Ahead","Discovery"],"picked":"Finesse","floor":38},{"not_picked":["Dodge and Roll","Deadly Poison+1"],"picked":"Footwork","floor":40},{"not_picked":["All Out Attack","Distraction","Flying Knee"],"picked":"SKIP","floor":42},{"not_picked":["Slice","Sucker Punch","Quick Slash"],"picked":"SKIP","floor":46},{"not_picked":["Noxious Fumes","Cloak And Dagger"],"picked":"Phantasmal Killer","floor":47},{"not_picked":["All Out Attack","Blur","Deadly Poison"],"picked":"SKIP","floor":48}],"player_experience":914292,"relics_obtained":[{"floor":7.0,"key":"Regal Pillow"},{"floor":9.0,"key":"Mercury Hourglass"},{"floor":11.0,"key":"Bag of Marbles"},{"floor":14.0,"key":"Vajra"},{"floor":21,"key":"Red Mask"},{"floor":23,"key":"Ninja Scroll"},{"floor":26,"key":"MawBank"},{"floor":28,"key":"Old Coin"},{"floor":40,"key":"Happy Flower"},{"floor":43,"key":"Kunai"}],"event_choices":[{"damage_healed":0.0,"max_hp_gain":0.0,"max_hp_loss":0.0,"gold_gain":0.0,"event_name":"WeMeetAgain","player_choice":"Paid Gold","floor":8.0,"gold_loss":61.0,"damage_taken":0.0,"relics_obtained":["WingedGreaves"]},{"damage_healed":0,"gold_gain":0,"player_choice":"Ignored","damage_taken":0,"max_hp_gain":0,"max_hp_loss":0,"event_name":"Vampires","floor":19,"gold_loss":0},{"damage_healed":0,"gold_gain":0,"player_choice":"Fought Bandits","damage_taken":0,"max_hp_gain":0,"max_hp_loss":0,"event_name":"Masked Bandits","floor":21,"gold_loss":0},{"damage_healed":0,"gold_gain":0,"player_choice":"Ignored","damage_taken":0,"max_hp_gain":0,"max_hp_loss":0,"event_name":"The Mausoleum","floor":22,"gold_loss":0},{"cards_removed":["Strike_G"],"damage_healed":0,"gold_gain":0,"player_choice":"Removed Attack","damage_taken":0,"max_hp_gain":0,"max_hp_loss":0,"event_name":"Falling","floor":36,"gold_loss":0},{"damage_healed":0,"gold_gain":0,"player_choice":"Max HP","damage_taken":0,"max_hp_gain":0,"max_hp_loss":3,"event_name":"Winding Halls","floor":37,"gold_loss":0},{"damage_healed":0,"gold_gain":0,"player_choice":"Memory 3","damage_taken":10,"max_hp_gain":0,"max_hp_loss":0,"event_name":"SensoryStone","floor":38,"gold_loss":0},{"damage_healed":0,"gold_gain":50,"player_choice":"Pray","damage_taken":0,"max_hp_gain":0,"max_hp_loss":0,"event_name":"Golden Shrine","floor":39,"gold_loss":0}],"is_beta":false,"boss_relics":[{"not_picked":["Astrolabe","Ring of the Serpent"],"picked":"WristBlade"},{"not_picked":["Sozu","Velvet Choker"],"picked":"Empty Cage"}],"items_purged_floors":[10,20,30,44],"is_endless":false,"potions_floor_spawned":[1,4,7,11,16,28,33,35,42],"killed_by":"Awakened One","ascension_level":20}}