{"host":"ormi09wwzv7sq47a","time":1612222759,"event":{"mods":["2.2 Compatiblity","AchievementEnabler","Act Like it!","BaseMod","Bestiary","Better Altar","Better Note","Better Sensory Stone","Better Silent Start","Better Skull","Better Third Choice","Better Vampires","BetterRewards","Block Reminder","Card Forge","Colored Map","Colored Powertips","Curses Come First","DeckTracker","Downfall","Highlight Path","Minty Spire (QoL Compilation)","Permanent Neow","Quick Restart","Rare Cards Sparkle","Relic Stats","Shop Mod","StSLib","The Jungle"],"gold_per_floor":[113,128,143,156,2,2,2,18,42,57,72,72,86,86,86,163,163,181,160,174,23,42,42,42,42],"floor_reached":24,"language":"ENG","playtime":1119,"items_purged":["Strike_B","Strike_B","Defend_B"],"score":671,"play_id":"4266e306-c0b5-4193-aec2-550a6cf75a0f","local_time":"20210201213919","is_ascension_mode":true,"campfire_choices":[{"data":"Zap","floor":6,"key":"SMITH"},{"data":"Streamline","floor":12,"key":"SMITH"},{"data":"Dualcast","floor":15,"key":"SMITH"},{"data":"Go for the Eyes","floor":23,"key":"SMITH"}],"circlet_count":0,"master_deck":["AscendersBane","Defend_B","Defend_B","Defend_B","Zap+1","Dualcast+1","Scrape","Tempest","Go for the Eyes+1","Hologram","Beam Cell","Streamline+1","Hologram","Steam","Gash","Seek","CurseOfTheBell","Glacier+1","Gash"],"relics":["Cracked Core","Hammer of Thor","Seething Fire","Anvil of the Gods","hexamod:Sixitude","MealTicket","Slimebound:StickyStick","Calling Bell","Orichalcum","Pear","Girya"],"acts_visited":["Exordium","TheCity"],"potions_floor_usage":[3,10,18,24],"damage_taken":[{"damage":1,"enemies":"Cultist","floor":1,"turns":3},{"damage":2,"enemies":"Jaw Worm","floor":2,"turns":3},{"damage":2,"enemies":"2 Louse","floor":3,"turns":2},{"damage":0,"enemies":"Large Slime","floor":4,"turns":4},{"damage":6,"enemies":"Lots of Slimes","floor":8,"turns":3},{"damage":4,"enemies":"2 Fungi Beasts","floor":10,"turns":3},{"damage":13,"enemies":"Gremlin Gang","floor":11,"turns":3},{"damage":7,"enemies":"Blue Slaver","floor":13,"turns":2},{"damage":0,"enemies":"Slime Boss","floor":16,"turns":4},{"damage":13,"enemies":"Shell Parasite","floor":18,"turns":3},{"damage":12,"enemies":"2 Thieves","floor":19,"turns":4},{"damage":26,"enemies":"Shelled Parasite and Fungi","floor":20,"turns":7},{"damage":4,"enemies":"Centurion and Healer","floor":22,"turns":6},{"damage":39,"enemies":"Gremlin Leader","floor":24,"turns":6}],"seed_played":"-6391761388559423796","potions_obtained":[{"floor":2,"key":"Weak Potion"},{"floor":4,"key":"Block Potion"},{"floor":8,"key":"GamblersBrew"},{"floor":13,"key":"PotionOfCapacity"},{"floor":22,"key":"LiquidMemories"}],"is_trial":false,"path_per_floor":["M","M","M","M","$","R","?","M","T","M","M","R","M","?","R","B",null,"M","M","M","$","M","R","E"],"character_chosen":"DEFECT","items_purchased":["MealTicket","Scrape","Streamline","Gash"],"campfire_rested":0,"item_purchase_floors":[0,0,5,21],"current_hp_per_floor":[49,47,45,45,60,60,53,47,47,43,30,30,23,23,23,23,69,56,44,18,33,29,29,0,0],"gold":42,"neow_bonus":"","is_daily":false,"chose_seed":false,"campfire_upgraded":4,"win_rate":0.0,"timestamp":1612222759,"path_taken":["M","M","?","M","$","R","?","M","T","M","M","R","M","?","R","BOSS","M","M","M","$","M","R","E"],"items_purchased_type":["Relic","Card","Card","Card"],"build_version":"2020-12-22","purchased_purges":3,"victory":false,"max_hp_per_floor":[71,71,71,71,71,71,71,71,71,71,71,71,71,71,71,71,81,81,81,81,81,81,81,81,81],"relic_stats":{"counters":[71,324],"MealTicket":30,"Orichalcum":[12],"obtain_stats":[{"Gremlin Horn":8,"Vajra":27,"Hammer of Thor":0,"Runic Capacitor":0,"Old Coin":24,"Blood Vial":17,"Sundial":42,"Strawberry":9,"MealTicket":2,"Philosopher\u0027s Stone":34,"Girya":40,"MerchantsRug":0,"Pear":17,"Blue Candle":38,"Oddly Smooth Stone":36,"Eternal Feather":26,"Letter Opener":25,"Cables":54,"Anvil of the Gods":0,"Shuriken":43,"Bronze Scales":26,"Nloth\u0027s Gift":21,"Symbiotic Virus":36,"Unceasing Top":0,"Meat on the Bone":17,"Darkstone Periapt":45,"Lantern":13,"SacredBark":34,"Incense Burner":0,"Bag of Preparation":7,"Smiling Mask":25,"ClockworkSouvenir":48,"SsserpentHead":2,"Shovel":17,"Mummified Hand":48,"Slimebound:StickyStick":9,"Gambling Chip":0,"Pantograph":17,"Cracked Core":0,"InkBottle":9,"Lee\u0027s Waffle":0,"hexamod:Sixitude":0,"Omamori":23,"Seething Fire":0,"Frozen Egg 2":0,"Orichalcum":17,"Medical Kit":38,"Calling Bell":17,"Peace Pipe":0,"Anchor":27,"CaptainsWheel":0,"Turnip":17,"Membership Card":0,"Bottled Lightning":40,"hexamod:BolsterEngine":49,"Toy Ornithopter":31},{"Gremlin Horn":35,"Vajra":45,"Hammer of Thor":0,"Runic Capacitor":0,"Old Coin":44,"Blood Vial":8,"Sundial":21,"Strawberry":5,"MealTicket":1,"Philosopher\u0027s Stone":17,"Girya":20,"MerchantsRug":30,"Pear":66,"Blue Candle":50,"Oddly Smooth Stone":18,"Eternal Feather":13,"Letter Opener":44,"Cables":24,"Anvil of the Gods":0,"Shuriken":53,"Bronze Scales":44,"Nloth\u0027s Gift":11,"Symbiotic Virus":18,"Unceasing Top":30,"Meat on the Bone":40,"Darkstone Periapt":54,"Lantern":6,"SacredBark":48,"Incense Burner":0,"Bag of Preparation":34,"Smiling Mask":13,"ClockworkSouvenir":22,"SsserpentHead":26,"Shovel":40,"Mummified Hand":22,"Slimebound:StickyStick":62,"Gambling Chip":0,"Pantograph":8,"Cracked Core":0,"InkBottle":35,"Lee\u0027s Waffle":30,"hexamod:Sixitude":57,"Omamori":43,"Seething Fire":0,"Frozen Egg 2":25,"Orichalcum":66,"Medical Kit":18,"Calling Bell":8,"Peace Pipe":25,"Anchor":14,"CaptainsWheel":30,"Turnip":8,"Membership Card":0,"Bottled Lightning":51,"hexamod:BolsterEngine":56,"Toy Ornithopter":16},{"Gremlin Horn":180,"Vajra":221,"Hammer of Thor":0,"Runic Capacitor":0,"Old Coin":217,"Blood Vial":26,"Sundial":106,"Strawberry":12,"MealTicket":3,"Philosopher\u0027s Stone":78,"Girya":97,"MerchantsRug":166,"Pear":298,"Blue Candle":242,"Oddly Smooth Stone":82,"Eternal Feather":51,"Letter Opener":217,"Cables":135,"Anvil of the Gods":0,"Shuriken":253,"Bronze Scales":217,"Nloth\u0027s Gift":38,"Symbiotic Virus":82,"Unceasing Top":166,"Meat on the Bone":200,"Darkstone Periapt":256,"Lantern":18,"SacredBark":238,"Incense Burner":0,"Bag of Preparation":176,"Smiling Mask":51,"ClockworkSouvenir":113,"SsserpentHead":148,"Shovel":200,"Mummified Hand":113,"Slimebound:StickyStick":286,"Gambling Chip":0,"Pantograph":26,"Cracked Core":0,"InkBottle":180,"Lee\u0027s Waffle":166,"hexamod:Sixitude":271,"Omamori":211,"Seething Fire":0,"Frozen Egg 2":145,"Orichalcum":298,"Medical Kit":82,"Calling Bell":26,"Peace Pipe":145,"Anchor":57,"CaptainsWheel":166,"Turnip":26,"Membership Card":0,"Bottled Lightning":247,"hexamod:BolsterEngine":260,"Toy Ornithopter":68}]},"card_choices":[{"not_picked":["Undo","Self Repair"],"picked":"Tempest","floor":1},{"not_picked":["Cold Snap","Sweeping Beam"],"picked":"Go for the Eyes","floor":2},{"not_picked":["Steam Power","Redo"],"picked":"Hologram","floor":3},{"not_picked":["Ball Lightning","Cold Snap"],"picked":"Beam Cell","floor":4},{"not_picked":["Barrage","Melter"],"picked":"Hologram","floor":8},{"not_picked":["Streamline","Capacitor"],"picked":"Steam","floor":10},{"not_picked":["Multi-Cast","Beam Cell"],"picked":"Gash","floor":11},{"not_picked":["Rebound","Coolheaded","Stack"],"picked":"SKIP","floor":13},{"not_picked":["Creative AI","Core Surge"],"picked":"Seek","floor":16},{"not_picked":["Chaos","Beam Cell"],"picked":"Glacier+1","floor":18},{"not_picked":["Sweeping Beam+1","Recycle","Coolheaded"],"picked":"SKIP","floor":19},{"not_picked":["Ball Lightning","White Noise","Streamline"],"picked":"SKIP","floor":20},{"not_picked":["Streamline","Leap","Chill"],"picked":"SKIP","floor":22}],"player_experience":1001696,"relics_obtained":[{"floor":9,"key":"Slimebound:StickyStick"},{"floor":17,"key":"Orichalcum"},{"floor":17,"key":"Pear"},{"floor":17,"key":"Girya"}],"event_choices":[{"cards_removed":["Strike_B"],"damage_healed":0,"gold_gain":0,"player_choice":"Card Removal","damage_taken":7,"max_hp_gain":0,"max_hp_loss":0,"event_name":"Golden Wing","floor":7,"gold_loss":0},{"cards_removed":["Strike_B"],"damage_healed":0,"gold_gain":0,"player_choice":"Forget","damage_taken":0,"max_hp_gain":0,"max_hp_loss":0,"event_name":"Living Wall","floor":14,"gold_loss":0}],"is_beta":false,"boss_relics":[{"not_picked":["Fusion Hammer","Runic Pyramid"],"picked":"Calling Bell"}],"items_purged_floors":[0,5,21],"is_endless":false,"potions_floor_spawned":[2,4,8,13,22],"killed_by":"Gremlin Leader","ascension_level":19}}