{"host":"7gewg82ormp6yt4e","time":1612183295,"event":{"mods":["BaseMod","Block Reminder","Colored Map","DeckTracker","Highlight Path","Minty Spire (QoL Compilation)","Relic Stats","StSLib","ojb\u0027s Info Mod"],"gold_per_floor":[369,15,25,41,59,93,93,124,176,176,194,194,205,236,236,310,310,326,339,339,353,59,93,93,125,125,125,137,164,121,40,40,111,111,153,153,229,338,381,381,407,433,433,458,474,160,160,160,160,160,160,160,160,5,5,5],"floor_reached":55,"language":"JPN","playtime":5503,"items_purged":[],"score":2281,"play_id":"9cc27b47-a90d-45cf-862e-d611c132ccc4","local_time":"20210201214135","is_ascension_mode":true,"campfire_choices":[{"data":"Apotheosis","floor":7.0,"key":"SMITH"},{"data":"Conclude","floor":10.0,"key":"SMITH"},{"floor":12.0,"key":"REST"},{"data":"CutThroughFate","floor":15.0,"key":"SMITH"},{"data":"Wish","floor":24.0,"key":"SMITH"},{"floor":32.0,"key":"RECALL"},{"data":"Alpha","floor":40.0,"key":"SMITH"},{"data":"Master of Strategy","floor":47,"key":"SMITH"},{"data":"Wish","floor":49,"key":"SMITH"},{"data":"MentalFortress","floor":53,"key":"SMITH"}],"circlet_count":0,"master_deck":["AscendersBane","Defend_P","Defend_P","Defend_P","Defend_P","Eruption","Vigilance","ClearTheMind","Apotheosis+1","CutThroughFate+1","SashWhip","FearNoEvil","Conclude+1","Indignation","Indignation","ReachHeaven","MasterReality","Fasting2","EmptyBody","Bite","Bite","Bite","Bite","BowlingBash","Master of Strategy+1","EmptyBody","Wish+1","WaveOfTheHand","Protect","Alpha+1","Adaptation","Wish+1","Scrawl","ThirdEye+1","TalkToTheHand","ThirdEye","EmptyBody+1","MentalFortress+1","DevaForm","The Bomb+1","Fasting2"],"relics":["PureWater","Pocketwatch","Sundial","Lantern","Oddly Smooth Stone","Coffee Dripper","Membership Card","Happy Flower","Eternal Feather","Bronze Scales","Potion Belt","Snecko Eye","Torii","CaptainsWheel","Pear","Toxic Egg 2","TeardropLocket","OrangePellets"],"acts_visited":["Exordium","TheCity","TheBeyond","TheEnding"],"potions_floor_usage":[50,50,50],"damage_taken":[{"damage":1.0,"enemies":"Small Slimes","floor":1.0,"turns":5.0},{"damage":0.0,"enemies":"Cultist","floor":3.0,"turns":3.0},{"damage":4.0,"enemies":"2 Louse","floor":4.0,"turns":2.0},{"damage":5.0,"enemies":"Red Slaver","floor":5.0,"turns":5.0},{"damage":0.0,"enemies":"Gremlin Nob","floor":6.0,"turns":2.0},{"damage":0.0,"enemies":"Lagavulin","floor":8.0,"turns":4.0},{"damage":0.0,"enemies":"3 Louse","floor":11.0,"turns":1.0},{"damage":0.0,"enemies":"Exordium Wildlife","floor":13.0,"turns":1.0},{"damage":0.0,"enemies":"Gremlin Nob","floor":14.0,"turns":2.0},{"damage":0.0,"enemies":"Slime Boss","floor":16.0,"turns":3.0},{"damage":0.0,"enemies":"Spheric Guardian","floor":18.0,"turns":3.0},{"damage":4.0,"enemies":"3 Byrds","floor":19.0,"turns":3.0},{"damage":0.0,"enemies":"3 Cultists","floor":21.0,"turns":2.0},{"damage":16.0,"enemies":"Gremlin Leader","floor":23.0,"turns":4.0},{"damage":26.0,"enemies":"Slavers","floor":25.0,"turns":7.0},{"damage":8.0,"enemies":"Snecko","floor":28.0,"turns":6.0},{"damage":8.0,"enemies":"Book of Stabbing","floor":29.0,"turns":4.0},{"damage":50.0,"enemies":"Collector","floor":33.0,"turns":9.0},{"damage":15.0,"enemies":"Orb Walker","floor":35.0,"turns":4.0},{"damage":0.0,"enemies":"3 Darklings","floor":37.0,"turns":4.0},{"damage":57.0,"enemies":"2 Orb Walkers","floor":38.0,"turns":6.0},{"damage":17.0,"enemies":"4 Shapes","floor":39.0,"turns":4.0},{"damage":17.0,"enemies":"Nemesis","floor":42.0,"turns":7.0},{"damage":0,"enemies":"Giant Head","floor":44,"turns":8},{"damage":37,"enemies":"Jaw Worm Horde","floor":45,"turns":4},{"damage":79,"enemies":"Awakened One","floor":50,"turns":12},{"damage":28,"enemies":"Time Eater","floor":51,"turns":12},{"damage":64,"enemies":"Shield and Spear","floor":55,"turns":7}],"seed_played":"4243336773785223025","potions_obtained":[{"floor":4.0,"key":"Swift Potion"},{"floor":6.0,"key":"Explosive Potion"},{"floor":11.0,"key":"AttackPotion"},{"floor":19.0,"key":"Weak Potion"},{"floor":29.0,"key":"Fire Potion"},{"floor":33.0,"key":"DistilledChaos"},{"floor":35.0,"key":"DuplicationPotion"},{"floor":38.0,"key":"Energy Potion"},{"floor":42.0,"key":"Strength Potion"},{"floor":45,"key":"Regen Potion"}],"is_trial":false,"path_per_floor":["M","$","M","M","M","E","R","E","T","R","M","R","M","E","R","B",null,"M","M","?","M","$","E","R","E","T","?","M","E","$","$","R","B",null,"M","?","M","?","M","R","T","E","T","E","M","$","R","?","R","B","B",null,"R","$","E"],"character_chosen":"WATCHER","items_purchased":["Apotheosis","FairyPotion","CutThroughFate","Membership Card","Master of Strategy","EmptyBody","Adaptation","Wish","TeardropLocket","The Bomb+1","Regen Potion","DuplicationPotion","SpeedPotion","SteroidPotion","OrangePellets","Fasting2"],"campfire_rested":1,"item_purchase_floors":[2,2,2,22,22,22,30,31,46,46,46,46,54,54,54,54],"current_hp_per_floor":[42,42,42,38,33,33,33,33,33,33,33,53,53,53,53,53,64,64,60,47,47,47,42,42,31,31,31,31,26,26,26,44,6,37,31,31,43,17,5,26,26,24,34,52,24,24,48,48,57,57,57,57,57,57,0,0],"gold":5,"neow_bonus":"TWO_FIFTY_GOLD","is_daily":false,"chose_seed":false,"campfire_upgraded":8,"win_rate":0.0,"timestamp":1612183295,"path_taken":["M","$","M","M","M","E","R","E","T","R","M","R","M","E","R","BOSS","M","M","?","M","$","E","R","E","T","?","?","E","?","$","R","BOSS","M","?","?","?","M","R","?","E","T","E","M","$","R","?","R","BOSS","BOSS","R","$","E"],"items_purchased_type":["Card","Potion","Card","Relic","Card","Card","Card","Card","Relic","Card","Potion","Potion","Potion","Potion","Relic","Card"],"build_version":"2020-12-22","purchased_purges":0,"victory":false,"max_hp_per_floor":[68,68,68,68,68,68,68,68,68,68,68,68,68,68,68,68,68,68,68,47,47,47,47,47,47,47,47,47,47,47,47,47,47,47,47,47,47,47,47,47,47,47,57,57,57,57,57,57,57,57,57,57,57,57,57,57],"relic_stats":{"OrangePellets":[2],"Happy Flower":[31],"Torii":23,"counters":[28,134],"Sundial":[12],"Bronze Scales":[330],"Snecko Eye":[137,133,146,151],"Eternal Feather":72,"obtain_stats":[{"Potion Belt":29,"Lantern":9,"Pear":43,"Happy Flower":23,"Torii":38,"Oddly Smooth Stone":14,"Eternal Feather":25,"TeardropLocket":46,"OrangePellets":54,"CaptainsWheel":42,"Sundial":8,"Bronze Scales":26,"Snecko Eye":34,"Coffee Dripper":17,"Membership Card":22,"PureWater":0,"Toxic Egg 2":44,"Pocketwatch":6},{"Potion Belt":17,"Lantern":6,"Pear":23,"Happy Flower":14,"Torii":21,"Oddly Smooth Stone":9,"Eternal Feather":15,"TeardropLocket":25,"OrangePellets":27,"CaptainsWheel":23,"Sundial":6,"Bronze Scales":15,"Snecko Eye":18,"Coffee Dripper":10,"Membership Card":13,"PureWater":0,"Toxic Egg 2":24,"Pocketwatch":5},{"Potion Belt":57,"Lantern":21,"Pear":91,"Happy Flower":40,"Torii":80,"Oddly Smooth Stone":25,"Eternal Feather":47,"TeardropLocket":103,"OrangePellets":127,"CaptainsWheel":91,"Sundial":21,"Bronze Scales":47,"Snecko Eye":66,"Coffee Dripper":28,"Membership Card":36,"PureWater":0,"Toxic Egg 2":99,"Pocketwatch":17}],"Pocketwatch":[90]},"card_choices":[{"not_picked":["EmptyBody","Fasting2"],"picked":"ClearTheMind","floor":1.0},{"not_picked":["Nirvana","ConjureBlade"],"picked":"FlurryOfBlows","floor":3.0},{"not_picked":["JustLucky","ClearTheMind"],"picked":"SashWhip","floor":4.0},{"not_picked":["PathToVictory","Halt"],"picked":"FearNoEvil","floor":5.0},{"not_picked":["Protect","CutThroughFate"],"picked":"Conclude","floor":6.0},{"not_picked":["EmptyFist","Brilliance"],"picked":"Indignation","floor":8.0},{"not_picked":["ClearTheMind","CutThroughFate"],"picked":"Indignation","floor":11.0},{"not_picked":["Halt","Consecrate"],"picked":"ReachHeaven","floor":13.0},{"not_picked":["Prostrate","Weave","SashWhip"],"picked":"SKIP","floor":14.0},{"not_picked":["LessonLearned","Devotion"],"picked":"MasterReality","floor":16.0},{"not_picked":["FlurryOfBlows+1","CutThroughFate"],"picked":"Fasting2","floor":18.0},{"not_picked":["Study","SashWhip"],"picked":"EmptyBody","floor":19.0},{"not_picked":["LikeWater","Consecrate"],"picked":"BowlingBash","floor":21.0},{"not_picked":["Consecrate+1","DeusExMachina"],"picked":"Wish","floor":23.0},{"not_picked":["LikeWater","EmptyMind"],"picked":"WaveOfTheHand","floor":25.0},{"not_picked":["Vengeance","WaveOfTheHand"],"picked":"Protect","floor":28.0},{"not_picked":["BattleHymn+1","FlurryOfBlows+1"],"picked":"Alpha","floor":29.0},{"not_picked":["Wish","Ragnarok"],"picked":"Scrawl","floor":33.0},{"not_picked":["EmptyFist","ClearTheMind"],"picked":"ThirdEye+1","floor":35.0},{"not_picked":["Protect","EmptyFist"],"picked":"ThirdEye","floor":37.0},{"not_picked":["Study","Evaluate"],"picked":"EmptyBody+1","floor":38.0},{"not_picked":["Consecrate","CarveReality"],"picked":"MentalFortress","floor":39.0},{"not_picked":["ReachHeaven","Evaluate"],"picked":"DevaForm","floor":42.0},{"not_picked":["FollowUp+1","BowlingBash","Prostrate+1"],"picked":"SKIP","floor":44},{"not_picked":["Weave","ThirdEye+1","Indignation+1"],"picked":"SKIP","floor":45}],"player_experience":2738989,"relics_obtained":[{"floor":6.0,"key":"Pocketwatch"},{"floor":8.0,"key":"Sundial"},{"floor":9.0,"key":"Lantern"},{"floor":14.0,"key":"Oddly Smooth Stone"},{"floor":23.0,"key":"Happy Flower"},{"floor":25.0,"key":"Eternal Feather"},{"floor":26.0,"key":"Bronze Scales"},{"floor":29.0,"key":"Potion Belt"},{"floor":38.0,"key":"Torii"},{"floor":42.0,"key":"CaptainsWheel"},{"floor":43.0,"key":"Pear"},{"floor":44,"key":"Toxic Egg 2"}],"event_choices":[{"damage_healed":0.0,"max_hp_gain":0.0,"max_hp_loss":21.0,"gold_gain":0.0,"event_name":"Vampires","player_choice":"Became a vampire","floor":20.0,"gold_loss":0.0,"damage_taken":0.0,"cards_obtained":["Bite","Bite","Bite","Bite","Bite"]},{"cards_removed":["Bite"],"damage_healed":0.0,"max_hp_gain":0.0,"max_hp_loss":0.0,"gold_gain":0.0,"event_name":"Purifier","player_choice":"Purged","floor":27.0,"gold_loss":0.0,"damage_taken":0.0},{"damage_healed":0.0,"max_hp_gain":0.0,"max_hp_loss":0.0,"gold_gain":0.0,"cards_transformed":["FlurryOfBlows"],"event_name":"Transmorgrifier","player_choice":"Transformed","floor":36.0,"gold_loss":0.0,"damage_taken":0.0,"cards_obtained":["TalkToTheHand"]},{"damage_healed":0.0,"max_hp_gain":0.0,"max_hp_loss":0.0,"gold_gain":0.0,"event_name":"Mysterious Sphere","player_choice":"Fight","floor":38.0,"gold_loss":0.0,"damage_taken":0.0},{"damage_healed":0,"gold_gain":0,"player_choice":"Ignored","damage_taken":0,"max_hp_gain":0,"max_hp_loss":0,"event_name":"Tomb of Lord Red Mask","floor":48,"gold_loss":0}],"is_beta":false,"boss_relics":[{"not_picked":["Sozu","Cursed Key"],"picked":"Coffee Dripper"},{"not_picked":["Runic Dome","VioletLotus"],"picked":"Snecko Eye"}],"items_purged_floors":[],"is_endless":false,"potions_floor_spawned":[4,6,11,13,19,29,33,35,38,42,45],"killed_by":"Shield and Spear","ascension_level":20}}