{"host":"xg4r5pv6chpuampg","time":1612183646,"event":{"mods":["AchievementEnabler","BaseMod","Googly Eyes","Minty Spire (QoL Compilation)"],"gold_per_floor":[117,117,133,308,308,339,339,349,349,349,366,99,113,137,137,235,235,248,518,532,557,570,570,12,111,111,59,59,77,177,177,177,275,275,289,289,116,338,352,381,381,395,395,81,131,131,163,178,178,178,178],"floor_reached":50,"language":"ENG","playtime":2330,"items_purged":["Doubt"],"score":621,"play_id":"b2237bc9-41ea-478f-996b-7ddff97e4a7c","local_time":"20210201154726","is_ascension_mode":false,"campfire_choices":[{"data":"Crippling Poison","floor":10,"key":"SMITH"},{"data":"Noxious Fumes","floor":15,"key":"SMITH"},{"floor":23,"key":"REST"},{"floor":28,"key":"REST"},{"floor":32,"key":"REST"},{"data":"Noxious Fumes","floor":41,"key":"SMITH"},{"floor":49,"key":"REST"}],"circlet_count":0,"master_deck":["Strike_G","Strike_G","Strike_G+1","Strike_G","Strike_G","Defend_G","Defend_G+1","Defend_G+1","Defend_G","Defend_G","Survivor","Neutralize+1","Crippling Poison+1","Noxious Fumes+1","PiercingWail+1","Flying Knee","Doppelganger+1","Burst+1","Bane+1","Backstab+1","Noxious Fumes","Flying Knee+1","Die Die Die+1","Noxious Fumes+1","Deadly Poison+1","Poisoned Stab+1","Catalyst+1","Crippling Poison+1","Burst+1","Poisoned Stab+1","PiercingWail+1"],"relics":["Ring of the Snake","NeowsBlessing","Toxic Egg 2","Molten Egg 2","Bronze Scales","SlaversCollar","Red Mask","Pantograph","Whetstone","DollysMirror","Ginger","Pocketwatch","Meat on the Bone","Black Star","Chemical X","Gremlin Horn","War Paint","Snake Skull","Unceasing Top","Tough Bandages","Lantern","Smiling Mask"],"acts_visited":["Exordium","TheCity","TheBeyond"],"potions_floor_usage":[20,21,21,21,21,40,50],"damage_taken":[{"damage":0,"enemies":"Jaw Worm","floor":1,"turns":1},{"damage":0,"enemies":"2 Louse","floor":3,"turns":1},{"damage":0,"enemies":"Lagavulin","floor":6,"turns":1},{"damage":0,"enemies":"Small Slimes","floor":8,"turns":4},{"damage":12,"enemies":"Red Slaver","floor":11,"turns":5},{"damage":0,"enemies":"Blue Slaver","floor":13,"turns":3},{"damage":24,"enemies":"The Guardian","floor":16,"turns":8},{"damage":12,"enemies":"2 Thieves","floor":18,"turns":3},{"damage":5,"enemies":"Shell Parasite","floor":20,"turns":5},{"damage":6,"enemies":"Masked Bandits","floor":21,"turns":3},{"damage":3,"enemies":"Centurion and Healer","floor":22,"turns":4},{"damage":10,"enemies":"Cultist and Chosen","floor":29,"turns":3},{"damage":18,"enemies":"Colosseum Slavers","floor":30,"turns":3},{"damage":9,"enemies":"Colosseum Nobs","floor":30,"turns":3},{"damage":12,"enemies":"Champ","floor":33,"turns":6},{"damage":18,"enemies":"3 Darklings","floor":35,"turns":3},{"damage":7,"enemies":"Orb Walker","floor":39,"turns":3},{"damage":0,"enemies":"Reptomancer","floor":40,"turns":3},{"damage":0,"enemies":"4 Shapes","floor":42,"turns":2},{"damage":1,"enemies":"Mind Bloom Boss Battle","floor":45,"turns":4},{"damage":55,"enemies":"Nemesis","floor":47,"turns":5},{"damage":0,"enemies":"Sphere and 2 Shapes","floor":48,"turns":4},{"damage":107,"enemies":"Time Eater","floor":50,"turns":9}],"seed_played":"-8302456002046126011","potions_obtained":[{"floor":6,"key":"Explosive Potion"},{"floor":11,"key":"SteroidPotion"},{"floor":16,"key":"Regen Potion"},{"floor":18,"key":"EntropicBrew"},{"floor":29,"key":"LiquidBronze"},{"floor":39,"key":"LiquidMemories"},{"floor":45,"key":"Fire Potion"},{"floor":46,"key":"FairyPotion"}],"is_trial":false,"path_per_floor":["M","?","M","?","?","E","?","M","T","R","M","$","M","T","R","B",null,"M","?","M","?","M","R","$","?","T","$","R","M","?","?","R","B",null,"M","?","$","?","M","E","R","M","T","$","?","?","E","M","R","B"],"character_chosen":"THE_SILENT","items_purchased":["Bane+1","Backstab+1","Noxious Fumes","Pantograph","Whetstone","DollysMirror","BlessingOfTheForge","Poisoned Stab+1","Chemical X","Unceasing Top"],"campfire_rested":4,"item_purchase_floors":[12,12,12,24,24,24,27,37,37,44],"current_hp_per_floor":[70,70,70,70,75,75,75,75,75,75,63,63,63,63,63,39,75,63,36,46,40,37,59,59,59,59,59,75,65,38,38,60,63,75,57,57,57,57,50,50,50,50,50,50,74,74,31,43,65,0,0],"gold":178,"neow_bonus":"THREE_ENEMY_KILL","is_daily":false,"chose_seed":false,"campfire_upgraded":3,"win_rate":0.0,"timestamp":1612183646,"path_taken":["M","?","M","?","?","E","?","M","T","R","?","$","M","?","R","BOSS","M","?","?","?","M","R","$","?","T","?","R","M","?","?","R","BOSS","M","?","?","?","?","E","R","M","T","$","?","?","E","?","R","BOSS"],"items_purchased_type":["Card","Card","Card","Relic","Relic","Relic","Potion","Card","Relic","Relic"],"build_version":"2020-12-22","purchased_purges":1,"victory":false,"max_hp_per_floor":[70,70,70,70,75,75,75,75,75,75,75,75,75,75,75,75,75,75,75,75,75,75,75,75,75,75,75,75,75,75,75,75,75,75,75,75,75,75,75,75,75,75,75,75,75,75,75,75,75,75,75],"card_choices":[{"not_picked":["Dagger Throw","Sucker Punch"],"picked":"Crippling Poison","floor":1},{"not_picked":["Dodge and Roll","Dagger Throw"],"picked":"Noxious Fumes","floor":3},{"not_picked":["Dash","Quick Slash"],"picked":"PiercingWail+1","floor":6},{"not_picked":["Acrobatics+1","Cloak And Dagger+1"],"picked":"Burst+1","floor":8},{"not_picked":["Caltrops","Slice+1","Choke+1"],"picked":"SKIP","floor":11},{"not_picked":["Dagger Throw+1","Sucker Punch+1"],"picked":"Flying Knee+1","floor":13},{"not_picked":["Wraith Form v2","Bullet Time+1"],"picked":"Die Die Die+1","floor":16},{"not_picked":["Calculated Gamble+1","Acrobatics+1"],"picked":"Noxious Fumes","floor":18},{"not_picked":["Acrobatics+1","Cloak And Dagger+1"],"picked":"Deadly Poison+1","floor":20},{"not_picked":["Expertise+1","Escape Plan+1"],"picked":"Poisoned Stab+1","floor":21},{"not_picked":["Dagger Throw+1","Deadly Poison+1"],"picked":"Catalyst+1","floor":22},{"not_picked":["Outmaneuver+1","Escape Plan+1","Choke+1"],"picked":"SKIP","floor":29},{"not_picked":["Die Die Die+1","After Image"],"picked":"Burst+1","floor":33},{"not_picked":["Cloak And Dagger+1","Prepared+1","Sucker Punch+1"],"picked":"SKIP","floor":35},{"not_picked":["Infinite Blades+1","Underhanded Strike+1","Eviscerate+1"],"picked":"SKIP","floor":39},{"not_picked":["Caltrops+1","Storm of Steel+1","Slice+1"],"picked":"SKIP","floor":40},{"not_picked":["Underhanded Strike+1","Choke+1","Quick Slash+1"],"picked":"SKIP","floor":42},{"not_picked":["Cloak And Dagger+1","Quick Slash+1"],"picked":"PiercingWail+1","floor":45},{"not_picked":["Dagger Throw+1","Dagger Spray+1","Slice+1"],"picked":"SKIP","floor":47},{"not_picked":["Blade Dance+1","Flying Knee+1","Endless Agony+1"],"picked":"SKIP","floor":48}],"player_experience":35995,"relics_obtained":[{"floor":6,"key":"Toxic Egg 2"},{"floor":9,"key":"Molten Egg 2"},{"floor":14,"key":"Bronze Scales"},{"floor":21,"key":"Red Mask"},{"floor":26,"key":"Ginger"},{"floor":30,"key":"Pocketwatch"},{"floor":30,"key":"Meat on the Bone"},{"floor":40,"key":"Gremlin Horn"},{"floor":40,"key":"War Paint"},{"floor":43,"key":"Snake Skull"},{"floor":45,"key":"Tough Bandages"},{"floor":47,"key":"Lantern"},{"floor":47,"key":"Smiling Mask"}],"event_choices":[{"damage_healed":0,"gold_gain":0,"player_choice":"Ignored","damage_taken":0,"max_hp_gain":0,"max_hp_loss":0,"event_name":"Golden Wing","floor":2,"gold_loss":0},{"damage_healed":0,"gold_gain":175,"player_choice":"AGREE","damage_taken":0,"max_hp_gain":0,"max_hp_loss":0,"event_name":"Liars Game","floor":4,"gold_loss":0,"cards_obtained":["Doubt"]},{"damage_healed":0,"gold_gain":0,"player_choice":"Donut","damage_taken":0,"max_hp_gain":5,"max_hp_loss":0,"event_name":"Big Fish","floor":5,"gold_loss":0},{"damage_healed":0,"gold_gain":0,"player_choice":"2 cards matched","damage_taken":0,"max_hp_gain":0,"max_hp_loss":0,"event_name":"Match and Keep!","floor":7,"gold_loss":0,"cards_obtained":["Flying Knee","Doppelganger"]},{"damage_healed":0,"gold_gain":270,"player_choice":"GOLD GOLD GOLD ","damage_taken":27,"max_hp_gain":0,"max_hp_loss":0,"event_name":"Knowing Skull","floor":19,"potions_obtained":[],"gold_loss":0,"cards_obtained":[]},{"damage_healed":0,"gold_gain":0,"player_choice":"Fought Bandits","damage_taken":0,"max_hp_gain":0,"max_hp_loss":0,"event_name":"Masked Bandits","floor":21,"gold_loss":0},{"damage_healed":0,"gold_gain":99,"player_choice":"Stole From Cult","damage_taken":0,"max_hp_gain":0,"max_hp_loss":0,"event_name":"Nest","floor":25,"gold_loss":0},{"damage_healed":0,"gold_gain":0,"player_choice":"Fight","damage_taken":0,"max_hp_gain":0,"max_hp_loss":0,"event_name":"Colosseum","floor":30,"gold_loss":0},{"damage_healed":0,"gold_gain":0,"player_choice":"Fought Nobs","damage_taken":0,"max_hp_gain":0,"max_hp_loss":0,"event_name":"Colosseum","floor":30,"gold_loss":0},{"damage_healed":0,"gold_gain":0,"player_choice":"Ignored","damage_taken":0,"max_hp_gain":0,"max_hp_loss":0,"event_name":"Vampires","floor":31,"gold_loss":0},{"damage_healed":0,"gold_gain":0,"player_choice":"Ignored","damage_taken":0,"max_hp_gain":0,"max_hp_loss":0,"event_name":"NoteForYourself","floor":36,"gold_loss":0},{"damage_healed":0,"gold_gain":222,"player_choice":"Wore Mask","damage_taken":0,"max_hp_gain":0,"max_hp_loss":0,"event_name":"Tomb of Lord Red Mask","floor":38,"gold_loss":0},{"damage_healed":0,"gold_gain":0,"player_choice":"Fight","damage_taken":0,"max_hp_gain":0,"max_hp_loss":0,"event_name":"MindBloom","floor":45,"gold_loss":0},{"damage_healed":0,"gold_gain":0,"player_choice":"Got Potions","damage_taken":0,"max_hp_gain":0,"max_hp_loss":0,"event_name":"Lab","floor":46,"gold_loss":0}],"is_beta":false,"boss_relics":[{"not_picked":["WristBlade","Velvet Choker"],"picked":"SlaversCollar"},{"not_picked":["Tiny House","HoveringKite"],"picked":"Black Star"}],"items_purged_floors":[12],"is_endless":false,"potions_floor_spawned":[6,11,16,18,29,30,39,45],"killed_by":"Time Eater","ascension_level":0}}