{"host":"jczpfntkj7lke2b5","time":1612221639,"event":{"mods":["2.2 Compatiblity","AchievementEnabler","BaseMod","Block Reminder","Colored Map","Colored Powertips","Highlight Path","Minty Spire (QoL Compilation)","Permanent Neow","Random Character Button","Random Character Mod","Rare Cards Sparkle","Relic Stats","Remove Card Discount Mod","Shop Mod","StSLib","The Cursed"],"gold_per_floor":[114,128,18989,19004,19020,19034,19034,19063,19112,19130,18197,18197,18231,18242,18242,18341,18341,18357,18357,18368,17821,17840,17871,17871,18071,18153,18184,18199,17784,17812,17375,17375,17473,17473,17492,16959,16959,16929,16939,16964,16964,16975,16975,16975,16975,17003,17053,17066,17066,17066,17066,17066,16494,16521,16521],"floor_reached":56,"language":"ENG","playtime":6127,"items_purged":["TheCursedMod:CircleOfAmplification","TheCursedMod:Strike_TheCursed","TheCursedMod:Strike_TheCursed","TheCursedMod:Strike_TheCursed","TheCursedMod:Strike_TheCursed","TheCursedMod:Defend_TheCursed","TheCursedMod:Defend_TheCursed","TheCursedMod:Defend_TheCursed","TheCursedMod:Defend_TheCursed","TheCursedMod:BloodBarrier","TheCursedMod:FleshFromBone"],"score":1500,"play_id":"64002cfd-e701-4662-bfc1-8439de9b634c","local_time":"20210202002039","is_ascension_mode":false,"campfire_choices":[{"data":"TheCursedMod:CursedWand","floor":7,"key":"SMITH"},{"data":"TheCursedMod:Stigma","floor":12,"key":"SMITH"},{"data":"TheCursedMod:StingEye","floor":15,"key":"SMITH"},{"data":"TheCursedMod:Stigma","floor":32,"key":"SMITH"},{"data":"TheCursedMod:CursedMace","floor":41,"key":"SMITH"},{"floor":49,"key":"RECALL"},{"data":"TheCursedMod:ShockAndAwe","floor":52,"key":"SMITH"}],"circlet_count":0,"master_deck":["TheCursedMod:CursedWand+1","TheCursedMod:Stigma+1","TheCursedMod:Hemoplague","TheCursedMod:StingEye+1","TheCursedMod:Stigma+1","TheCursedMod:Hemoplague","TheCursedMod:Obscuration","Violence","TheCursedMod:CursedMace+1","TheCursedMod:CursedBoomerang","TheCursedMod:WearCloak","TheCursedMod:VitalStrike+1","TheCursedMod:SmokeScreen","TheCursedMod:CursedShiv+1","TheCursedMod:CursedMace","TheCursedMod:CircleOfCorruption","TheCursedMod:NeowsMight","TheCursedMod:HellfireBreathing","TheCursedMod:RapidMovement","TheCursedMod:ShockAndAwe+1","TheCursedMod:Torture+1","Sadistic Nature+1","TheCursedMod:TacticalStrike","TheCursedMod:CursedShiv+1","TheCursedMod:FuryStrike","TheCursedMod:Obscuration","TheCursedMod:Hemoplague","TheCursedMod:CursedMace+1","TheCursedMod:CursedBlade","TheCursedMod:VoidForm","TheCursedMod:StunningStrike","Writhe","TheCursedMod:CursedStaff+1"],"relics":["TheCursedMod:BlackMagic101","MerchantsRug","Vajra","Darkstone Periapt","CaptainsWheel","Bottled Tornado","ClockworkSouvenir","Matryoshka","Bronze Scales","Strange Spoon","Bottled Lightning","HornCleat","Toolbox","TheCursedMod:DemonicMark","TheCursedMod:BloodyHarpoon","Snecko Eye","Ornamental Fan","Bag of Preparation","Lee\u0027s Waffle","Mercury Hourglass","Regal Pillow","Pen Nib","Letter Opener","Nunchaku","Ginger","Anchor","Bag of Marbles","OrangePellets"],"acts_visited":["Exordium","TheCity","TheBeyond","TheEnding"],"potions_floor_usage":[33,33,33,50,50,55,55,55],"damage_taken":[{"damage":0,"enemies":"Cultist","floor":1,"turns":4},{"damage":0,"enemies":"2 Louse","floor":2,"turns":3},{"damage":4,"enemies":"Small Slimes","floor":4,"turns":3},{"damage":5,"enemies":"Looter","floor":5,"turns":2},{"damage":15,"enemies":"Lots of Slimes","floor":6,"turns":4},{"damage":8,"enemies":"Lagavulin","floor":8,"turns":4},{"damage":0,"enemies":"Large Slime","floor":10,"turns":4},{"damage":0,"enemies":"Gremlin Nob","floor":13,"turns":3},{"damage":0,"enemies":"Blue Slaver","floor":14,"turns":1},{"damage":15,"enemies":"The Guardian","floor":16,"turns":4},{"damage":3,"enemies":"Shell Parasite","floor":18,"turns":3},{"damage":0,"enemies":"Spheric Guardian","floor":20,"turns":3},{"damage":14,"enemies":"Centurion and Healer","floor":22,"turns":4},{"damage":51,"enemies":"Gremlin Leader","floor":23,"turns":5},{"damage":7,"enemies":"Book of Stabbing","floor":27,"turns":3},{"damage":0,"enemies":"Cultist and Chosen","floor":28,"turns":4},{"damage":20,"enemies":"Slavers","floor":30,"turns":3},{"damage":0,"enemies":"Champ","floor":33,"turns":4},{"damage":0,"enemies":"3 Shapes","floor":35,"turns":2},{"damage":0,"enemies":"Orb Walker","floor":39,"turns":1},{"damage":0,"enemies":"Nemesis","floor":40,"turns":3},{"damage":0,"enemies":"Jaw Worm Horde","floor":42,"turns":2},{"damage":0,"enemies":"Reptomancer","floor":46,"turns":2},{"damage":0,"enemies":"Mind Bloom Boss Battle","floor":47,"turns":2},{"damage":0,"enemies":"Maw","floor":48,"turns":2},{"damage":13,"enemies":"Time Eater","floor":50,"turns":5},{"damage":0,"enemies":"Shield and Spear","floor":54,"turns":2},{"damage":10,"enemies":"The Heart","floor":55,"turns":5}],"seed_played":"-9006694819466204717","potions_obtained":[{"floor":2,"key":"Ancient Potion"},{"floor":3,"key":"CultistPotion"},{"floor":3,"key":"PowerPotion"},{"floor":13,"key":"Swift Potion"},{"floor":14,"key":"DistilledChaos"},{"floor":33,"key":"Fire Potion"},{"floor":38,"key":"ColorlessPotion"},{"floor":40,"key":"Strength Potion"},{"floor":42,"key":"BlessingOfTheForge"}],"is_trial":false,"path_per_floor":["M","M","$","M","M","M","R","E","T","M","$","R","E","M","R","B",null,"M","?","M","$","M","E","?","?","T","E","M","$","E","$","R","B",null,"M","$","T","?","M","E","R","M","T","?","?","E","?","M","R","B",null,"R","$","E","B",null],"character_chosen":"THE_CURSED","items_purchased":["MerchantsRug","Vajra","Darkstone Periapt","Cauldron","TheCursedMod:StingEye","TheCursedMod:Stigma","TheCursedMod:Hemoplague","TheCursedMod:Obscuration","TheCursedMod:CircleOfAmplification","Violence","Bottled Tornado","ClockworkSouvenir","TheCursedMod:CursedShiv","TheCursedMod:CursedMace","TheCursedMod:CircleOfCorruption","TheCursedMod:NeowsMight","TheCursedMod:HellfireBreathing","Master of Strategy","Bronze Scales","Strange Spoon","TheCursedMod:FuryStrike","TheCursedMod:SoulReap","TheCursedMod:Obscuration","TheCursedMod:Hemoplague","HornCleat","Toolbox","Whetstone","TheCursedMod:BloodyHarpoon","TheCursedMod:VoidForm","Ornamental Fan","Bag of Preparation","Lee\u0027s Waffle","Anchor","Bag of Marbles","OrangePellets","EssenceOfSteel","Block Potion"],"campfire_rested":0,"item_purchase_floors":[3,3,3,3,3,3,3,3,3,3,11,11,11,11,11,11,11,11,21,21,21,21,21,21,29,29,31,31,31,36,36,36,53,53,53,53,53],"current_hp_per_floor":[75,75,75,71,75,75,75,75,75,75,75,75,75,75,75,60,75,72,72,72,72,75,31,17,17,17,80,80,80,80,80,80,80,80,80,87,87,87,87,87,87,87,87,93,93,93,93,93,93,80,93,93,93,93,83],"gold":16521,"neow_bonus":"REMOVE_CARD","is_daily":false,"chose_seed":false,"campfire_upgraded":6,"win_rate":0.0,"timestamp":1612221639,"path_taken":["M","M","$","?","M","M","R","E","T","M","$","R","E","M","R","BOSS","M","?","M","$","M","E","?","?","T","E","M","$","E","$","R","BOSS","M","$","?","?","M","E","R","?","T","?","?","E","?","M","R","BOSS","R","$","E","BOSS"],"items_purchased_type":["Relic","Relic","Relic","Relic","Card","Card","Card","Card","Card","Card","Relic","Relic","Card","Card","Card","Card","Card","Card","Relic","Relic","Card","Card","Card","Card","Relic","Relic","Relic","Relic","Card","Relic","Relic","Relic","Relic","Relic","Relic","Potion","Potion"],"build_version":"2020-12-13","purchased_purges":11,"victory":true,"max_hp_per_floor":[75,75,75,75,75,75,75,75,75,75,75,75,75,75,75,75,75,75,75,75,75,75,75,80,80,80,80,80,80,80,80,80,80,80,80,87,87,87,87,87,87,87,87,93,93,93,93,93,93,93,93,93,93,93,93],"relic_stats":{"Darkstone Periapt":6,"Lee\u0027s Waffle":7,"Regal Pillow":0,"counters":[28,87],"Pen Nib":[8],"Bag of Preparation":[18],"Letter Opener":[70],"Ginger":[5],"Mercury Hourglass":[82],"Strange Spoon":[21],"OrangePellets":[3],"Nunchaku":[6],"Ornamental Fan":[96],"Bronze Scales":[122],"Snecko Eye":[41,41,42,57],"obtain_stats":[{"Darkstone Periapt":3,"TheCursedMod:BloodyHarpoon":31,"Regal Pillow":37,"Vajra":3,"Bag of Preparation":36,"Whetstone":31,"Ginger":47,"Bottled Tornado":11,"TheCursedMod:DemonicMark":30,"ClockworkSouvenir":11,"Dream Catcher":26,"Nunchaku":46,"Matryoshka":13,"HornCleat":29,"Toolbox":29,"TheCursedMod:BlackMagic101":0,"MerchantsRug":3,"Lee\u0027s Waffle":36,"Happy Flower":23,"Astrolabe":17,"Pen Nib":40,"Letter Opener":43,"Mercury Hourglass":37,"Cauldron":3,"Strange Spoon":21,"OrangePellets":53,"CaptainsWheel":8,"Anchor":53,"Ornamental Fan":36,"Bronze Scales":21,"Snecko Eye":34,"Bag of Marbles":53,"Bottled Lightning":26},{"Darkstone Periapt":2,"TheCursedMod:BloodyHarpoon":17,"Regal Pillow":19,"Vajra":2,"Bag of Preparation":19,"Whetstone":17,"Ginger":24,"Bottled Tornado":7,"TheCursedMod:DemonicMark":17,"ClockworkSouvenir":7,"Dream Catcher":14,"Nunchaku":23,"Matryoshka":8,"HornCleat":16,"Toolbox":16,"TheCursedMod:BlackMagic101":0,"MerchantsRug":2,"Lee\u0027s Waffle":19,"Happy Flower":14,"Astrolabe":10,"Pen Nib":21,"Letter Opener":22,"Mercury Hourglass":19,"Cauldron":2,"Strange Spoon":12,"OrangePellets":26,"CaptainsWheel":6,"Anchor":26,"Ornamental Fan":19,"Bronze Scales":12,"Snecko Eye":18,"Bag of Marbles":26,"Bottled Lightning":14},{"Darkstone Periapt":7,"TheCursedMod:BloodyHarpoon":57,"Regal Pillow":63,"Vajra":7,"Bag of Preparation":63,"Whetstone":57,"Ginger":73,"Bottled Tornado":24,"TheCursedMod:DemonicMark":57,"ClockworkSouvenir":24,"Dream Catcher":47,"Nunchaku":71,"Matryoshka":27,"HornCleat":54,"Toolbox":54,"TheCursedMod:BlackMagic101":0,"MerchantsRug":7,"Lee\u0027s Waffle":63,"Happy Flower":47,"Astrolabe":32,"Pen Nib":67,"Letter Opener":69,"Mercury Hourglass":63,"Cauldron":7,"Strange Spoon":38,"OrangePellets":80,"CaptainsWheel":20,"Anchor":80,"Ornamental Fan":63,"Bronze Scales":38,"Snecko Eye":61,"Bag of Marbles":80,"Bottled Lightning":47}]},"card_choices":[{"not_picked":["TheCursedMod:CircleOfCorruption","TheCursedMod:Stretching"],"picked":"TheCursedMod:Stigma","floor":1},{"not_picked":["TheCursedMod:ReleasedKnowledge","TheCursedMod:VitalStrike"],"picked":"TheCursedMod:Hemoplague","floor":2},{"not_picked":["TheCursedMod:CursedBlade","TheCursedMod:SaltUponWound"],"picked":"TheCursedMod:CursedMace","floor":4},{"not_picked":["TheCursedMod:Obscuration","TheCursedMod:StingEye"],"picked":"TheCursedMod:CursedBoomerang","floor":5},{"not_picked":["TheCursedMod:ReleasedKnowledge","TheCursedMod:SmokeScreen"],"picked":"TheCursedMod:WearCloak","floor":6},{"not_picked":["TheCursedMod:ManaCirculation","TheCursedMod:CursedBoomerang"],"picked":"TheCursedMod:VitalStrike","floor":8},{"not_picked":["TheCursedMod:CircleOfAmplification","TheCursedMod:SoulReap"],"picked":"TheCursedMod:SmokeScreen","floor":10},{"not_picked":["TheCursedMod:SurpriseAttack","TheCursedMod:CircleOfFocus"],"picked":"TheCursedMod:RapidMovement","floor":13},{"not_picked":["TheCursedMod:CircleOfCorruption","TheCursedMod:ReleasedStrength"],"picked":"TheCursedMod:SurpriseAttack","floor":14},{"not_picked":["TheCursedMod:OutForBlood","TheCursedMod:NeowsMight"],"picked":"TheCursedMod:ShockAndAwe","floor":16},{"not_picked":["TheCursedMod:Hemoplague","TheCursedMod:SpitefulStrike"],"picked":"TheCursedMod:TacticalStrike","floor":18},{"not_picked":["TheCursedMod:WearCloak","TheCursedMod:CircleOfBlood"],"picked":"TheCursedMod:CursedShiv+1","floor":20},{"not_picked":["TheCursedMod:Obscuration","TheCursedMod:CursedSpellbook+1"],"picked":"TheCursedMod:CursedMace+1","floor":22},{"not_picked":["TheCursedMod:HellfireBreathing","TheCursedMod:CollectTribute"],"picked":"TheCursedMod:FleshFromBone","floor":23},{"not_picked":["TheCursedMod:CursedShiv","TheCursedMod:Obscuration"],"picked":"TheCursedMod:BloodBarrier","floor":27},{"not_picked":["TheCursedMod:Obscuration","TheCursedMod:CursedShiv"],"picked":"TheCursedMod:CursedBlade","floor":28},{"not_picked":["TheCursedMod:StingEye","TheCursedMod:WearCloak","TheCursedMod:SoulCrush"],"picked":"SKIP","floor":30},{"not_picked":["TheCursedMod:UltimatePain","TheCursedMod:VoidForm"],"picked":"TheCursedMod:StunningStrike","floor":33},{"not_picked":["TheCursedMod:TacticalStrike","TheCursedMod:VitalStrike","TheCursedMod:CursedMace"],"picked":"SKIP","floor":35},{"not_picked":["TheCursedMod:SoulReap+1","TheCursedMod:Obscuration+1","TheCursedMod:TacticalStrike+1"],"picked":"SKIP","floor":39},{"not_picked":["TheCursedMod:Stigma","TheCursedMod:TacticalStrike","TheCursedMod:ParallelWorld"],"picked":"SKIP","floor":40},{"not_picked":["TheCursedMod:Obscuration+1","TheCursedMod:SmokeScreen+1","TheCursedMod:CursedMace+1"],"picked":"SKIP","floor":42},{"not_picked":["TheCursedMod:SpitefulStrike","TheCursedMod:SpitefulPray"],"picked":"TheCursedMod:CursedStaff+1","floor":46},{"not_picked":["TheCursedMod:Obscuration+1","TheCursedMod:RapidMovement","TheCursedMod:Mangle+1"],"picked":"SKIP","floor":48},{"not_picked":["TheCursedMod:FleshFromBone+1","TheCursedMod:RapidMovement+1","TheCursedMod:BlessingInDisguise+1"],"picked":"SKIP","floor":54}],"player_experience":75976,"relics_obtained":[{"floor":8,"key":"CaptainsWheel"},{"floor":13,"key":"Matryoshka"},{"floor":23,"key":"Happy Flower"},{"floor":26,"key":"Dream Catcher"},{"floor":26,"key":"Bottled Lightning"},{"floor":30,"key":"TheCursedMod:DemonicMark"},{"floor":37,"key":"Mercury Hourglass"},{"floor":37,"key":"Regal Pillow"},{"floor":40,"key":"Pen Nib"},{"floor":43,"key":"Letter Opener"},{"floor":46,"key":"Nunchaku"},{"floor":47,"key":"Ginger"}],"event_choices":[{"cards_removed":["TheCursedMod:UltimatePain"],"damage_healed":0,"gold_gain":0,"player_choice":"Elegance","damage_taken":0,"max_hp_gain":0,"max_hp_loss":0,"event_name":"Back to Basics","floor":19,"gold_loss":0},{"damage_healed":0,"gold_gain":0,"player_choice":"Shed Blood","damage_taken":19,"max_hp_gain":5,"max_hp_loss":0,"event_name":"Forgotten Altar","floor":24,"gold_loss":0},{"damage_healed":0,"gold_gain":200,"player_choice":"Gold","damage_taken":0,"max_hp_gain":0,"max_hp_loss":0,"event_name":"Wheel of Change","floor":25,"gold_loss":0},{"damage_healed":0,"gold_gain":0,"player_choice":"Bought 2 Potions","damage_taken":0,"max_hp_gain":0,"max_hp_loss":0,"event_name":"The Woman in Blue","floor":38,"gold_loss":0},{"damage_healed":22,"gold_gain":0,"player_choice":"Writhe","damage_taken":0,"max_hp_gain":0,"max_hp_loss":0,"event_name":"Winding Halls","floor":44,"gold_loss":0,"cards_obtained":["Writhe"]},{"cards_removed":["TheCursedMod:SoulReap"],"damage_healed":0,"gold_gain":0,"player_choice":"Removed Attack","damage_taken":0,"max_hp_gain":0,"max_hp_loss":0,"event_name":"Falling","floor":45,"gold_loss":0},{"damage_healed":0,"gold_gain":0,"player_choice":"Fight","damage_taken":0,"max_hp_gain":0,"max_hp_loss":0,"event_name":"MindBloom","floor":47,"gold_loss":0}],"is_beta":false,"boss_relics":[{"not_picked":["Fusion Hammer","SacredBark"],"picked":"Astrolabe"},{"not_picked":["Runic Dome","Velvet Choker"],"picked":"Snecko Eye"}],"items_purged_floors":[11,11,11,11,11,11,11,11,11,29,29],"is_endless":false,"potions_floor_spawned":[2,10,13,14,18,20,33,40,42,46,47,54],"ascension_level":0}}