{"host":"74uvi6kym3vf3uk6","time":1612206649,"event":{"mods":["AchievementEnabler","Astrologer","BaseMod","Better Altar","Better Match","Better Note","Better Sensory Stone","Better Skull","Better Third Choice","CatGirl Mod","ChefMod","Colored Map","Colored Powertips","Conspire","Custom Start","Dark Map","Halation","Hermit","Highlight Path","Infinite Spire","Minty Spire (QoL Compilation)","Permanent Neow","Rare Cards Sparkle","Replay The Spire","Shop Mod","StSLib","The Construct","The Elementalist","The Exalted","The Florist","The Poker Player","The Runesmith","The Vixen","TheBandit"],"gold_per_floor":[115,115,115,125,139,139,173,188,188,64,64,64,97,112,112,217,217,233,233,251,251,251,251],"floor_reached":22,"language":"ENG","playtime":2322,"items_purged":[],"score":194,"play_id":"a6864942-bb06-4ad5-92bd-0e82dfa183bd","local_time":"20210201131049","is_ascension_mode":false,"campfire_choices":[{"data":"construct:DefenseMode","floor":6,"key":"SMITH"},{"floor":11,"key":"REST"},{"data":"construct:LaserCore","floor":15,"key":"SMITH"}],"circlet_count":0,"master_deck":["construct:Strike_Gold","construct:Strike_Gold","construct:Strike_Gold","construct:Strike_Gold","construct:Strike_Gold","construct:Defend_Gold","construct:Defend_Gold","construct:Defend_Gold","construct:Defend_Gold","construct:Defend_Gold","construct:AttackMode+1","construct:DefenseMode+1","construct:Versatility","construct:ClusterMines","construct:ClusterMines","construct:Boost","construct:ClusterMines","construct:LaserCore+1","Dark Shackles+1","construct:LaserCore","construct:FocusedBeam","construct:MassProduction","construct:Analyze","construct:ShiftGuard+1"],"relics":["construct:Cogwheel","Blue Doll","Orichalcum","Shuriken","Bottled Flame","Replay:Grab Bag","Sozu","conspire:RoyalGoblet","halation:Prosthetics","halation:PromiseList"],"acts_visited":["Exordium","TheCity"],"potions_floor_usage":[8,18],"damage_taken":[{"damage":3,"enemies":"Small Slimes","floor":1,"turns":3},{"damage":0,"enemies":"2 Louse","floor":4,"turns":3},{"damage":0,"enemies":"Cultist","floor":5,"turns":2},{"damage":17,"enemies":"3 Sentries","floor":7,"turns":7},{"damage":35,"enemies":"Exordium Thugs","floor":8,"turns":6},{"damage":9,"enemies":"Lagavulin","floor":13,"turns":6},{"damage":6,"enemies":"Red Slaver","floor":14,"turns":3},{"damage":28,"enemies":"Hexaghost","floor":16,"turns":8},{"damage":11,"enemies":"2 Thieves","floor":18,"turns":3},{"damage":5,"enemies":"Chosen","floor":20,"turns":6},{"damage":43,"enemies":"3 Cultists","floor":22,"turns":4}],"seed_played":"117445299058207828","potions_obtained":[{"floor":7,"key":"SteroidPotion"},{"floor":8,"key":"CultistPotion"},{"floor":13,"key":"DistilledChaos"},{"floor":16,"key":"FearPotion"}],"is_trial":false,"path_per_floor":["M","?","?","M","M","R","E","M","T","$","R","$","E","M","R","B",null,"M","T","M","?","M"],"character_chosen":"THE_CONSTRUCT_MOD","items_purchased":["construct:LaserCore","Dark Shackles+1"],"campfire_rested":1,"item_purchase_floors":[10,10],"current_hp_per_floor":[82,82,82,82,82,82,65,30,30,30,55,55,46,40,40,12,50,39,39,34,34,0,0],"gold":251,"neow_bonus":"RANDOM_COMMON_RELIC","is_daily":false,"chose_seed":false,"campfire_upgraded":2,"win_rate":0.0,"timestamp":1612206649,"path_taken":["M","?","?","M","M","R","E","?","T","$","R","?","E","M","R","BOSS","M","?","M","?","M"],"items_purchased_type":["Card","Card"],"build_version":"2020-12-22","purchased_purges":0,"victory":false,"max_hp_per_floor":[85,85,85,85,85,85,85,85,85,85,85,85,85,85,85,85,50,50,50,50,50,50,50],"card_choices":[{"not_picked":["construct:Analyze","construct:Autoturret"],"picked":"construct:Versatility","floor":1},{"not_picked":["construct:SyphonStrike","construct:OneWayMirror"],"picked":"construct:ClusterMines","floor":4},{"not_picked":["construct:Backfire","construct:SyphonStrike"],"picked":"construct:ClusterMines","floor":5},{"not_picked":["construct:ShiftStrike","construct:Forcefield"],"picked":"construct:Boost","floor":7},{"not_picked":["construct:Accumulate","construct:Backfire"],"picked":"construct:ClusterMines","floor":8},{"not_picked":["construct:Isolate","construct:GoldenBullet"],"picked":"construct:LaserCore","floor":13},{"not_picked":["construct:SweepLaser","construct:Reinforce"],"picked":"construct:FocusedBeam","floor":14},{"not_picked":["construct:HammerDown","construct:HyperBeam"],"picked":"construct:MassProduction","floor":16},{"not_picked":["construct:HeavyBolt+1","construct:Construct_Overclock"],"picked":"construct:Analyze","floor":18},{"not_picked":["construct:Boost","construct:Forcefield"],"picked":"construct:ShiftGuard+1","floor":20}],"player_experience":234695,"relics_obtained":[{"floor":7,"key":"Orichalcum"},{"floor":9,"key":"Shuriken"},{"floor":13,"key":"Bottled Flame"},{"floor":19,"key":"halation:PromiseList"}],"event_choices":[{"damage_healed":0,"gold_gain":0,"player_choice":"Upgraded","damage_taken":0,"max_hp_gain":0,"max_hp_loss":0,"event_name":"Upgrade Shrine","floor":3,"gold_loss":0,"cards_upgraded":["construct:AttackMode"]},{"damage_healed":0,"gold_gain":0,"player_choice":"Got Potions","damage_taken":0,"max_hp_gain":0,"max_hp_loss":0,"event_name":"Lab","floor":21,"gold_loss":0}],"is_beta":false,"boss_relics":[{"not_picked":["conspire:SlowCooker","Coffee Dripper"],"picked":"Replay:Grab Bag"},{"not_picked":["ReplayTheSpireMod:DimensionalGlitch","ReplayTheSpireMod:Onyx Gauntlets"],"picked":"Sozu"},{"not_picked":["halation:IncompleteEncyclopedia","Busted Crown"],"picked":"conspire:RoyalGoblet"},{"not_picked":["halation:Yufonium","Kintsugi"],"picked":"halation:Prosthetics"}],"items_purged_floors":[],"is_endless":false,"potions_floor_spawned":[7,8,13,16,18],"killed_by":"3 Cultists","ascension_level":0}}