{"host":"5jyeqch4fosnsiz2","time":1612149600,"event":{"mods":["BaseMod","Bestiary","Colored Map","Colored Powertips","Filter the Spire","Minty Spire (QoL Compilation)","Relic Stats","StSLib","Waifu the Spire","ojb\u0027s Better Paths Mod","ojb\u0027s Info Mod"],"gold_per_floor":[117,117,2,12,32,32,66,66,66,96,15,33,33,44,44,44,44],"floor_reached":16,"language":"ENG","playtime":556,"items_purged":["Defend_G"],"score":110,"play_id":"9514c787-345e-4466-af5f-d7aa9857d3e8","local_time":"20210131222000","is_ascension_mode":false,"campfire_choices":[{"data":"Well Laid Plans","floor":6,"key":"SMITH"},{"data":"Blade Dance","floor":8,"key":"SMITH"},{"floor":15,"key":"REST"}],"circlet_count":0,"master_deck":["Strike_G","Strike_G+1","Strike_G+1","Strike_G","Strike_G","Defend_G","Defend_G","Defend_G","Defend_G","Survivor","Neutralize","Prepared","Well Laid Plans+1","Escape Plan","Blade Dance+1","Bane","Envenom","Bouncing Flask","Pain","Masterful Stab","Footwork"],"relics":["Ring of the Snake","Whetstone","Bottled Lightning","Orichalcum","Dream Catcher","WarpedTongs"],"acts_visited":["Exordium"],"potions_floor_usage":[7,12,14,16],"damage_taken":[{"damage":0,"enemies":"Jaw Worm","floor":1,"turns":4},{"damage":4,"enemies":"Cultist","floor":4,"turns":4},{"damage":6,"enemies":"2 Louse","floor":5,"turns":2},{"damage":17,"enemies":"Lagavulin","floor":7,"turns":6},{"damage":11,"enemies":"3 Sentries","floor":10,"turns":8},{"damage":25,"enemies":"Gremlin Gang","floor":12,"turns":3},{"damage":4,"enemies":"3 Louse","floor":14,"turns":4},{"damage":32,"enemies":"Slime Boss","floor":16,"turns":3}],"seed_played":"5259827388481784809","potions_obtained":[{"floor":2,"key":"GamblersBrew"},{"floor":2,"key":"LiquidBronze"},{"floor":2,"key":"Ancient Potion"},{"floor":4,"key":"Fire Potion"},{"floor":12,"key":"Poison Potion"}],"is_trial":false,"path_per_floor":["M","?","$","M","M","R","E","R","T","E","$","M","?","M","R","B"],"character_chosen":"THE_SILENT","items_purchased":["Well Laid Plans","Bouncing Flask"],"campfire_rested":1,"item_purchase_floors":[3,11],"current_hp_per_floor":[70,70,70,66,60,60,43,43,43,32,32,7,7,3,24,0,0],"gold":44,"neow_bonus":"RANDOM_COMMON_RELIC","is_daily":false,"chose_seed":false,"campfire_upgraded":2,"win_rate":0.0,"timestamp":1612149600,"path_taken":["M","?","?","M","M","R","E","R","T","E","$","M","?","M","R","BOSS"],"items_purchased_type":["Card","Card"],"build_version":"2020-12-22","purchased_purges":1,"victory":false,"max_hp_per_floor":[70,70,70,70,70,70,70,70,70,70,70,70,70,70,70,70,70],"relic_stats":{"Dream Catcher":1,"counters":[8,34],"Whetstone":["Strike_G","Strike_G"],"Orichalcum":[60],"obtain_stats":[{"Dream Catcher":10,"Whetstone":0,"Bottled Lightning":7,"Orichalcum":9,"Ring of the Snake":0,"WarpedTongs":13},{"Dream Catcher":5,"Whetstone":0,"Bottled Lightning":4,"Orichalcum":4,"Ring of the Snake":0,"WarpedTongs":6},{"Dream Catcher":24,"Whetstone":0,"Bottled Lightning":16,"Orichalcum":16,"Ring of the Snake":0,"WarpedTongs":27}],"Ring of the Snake":[16],"WarpedTongs":[7]},"card_choices":[{"not_picked":["Deflect","Expertise"],"picked":"Prepared","floor":1},{"not_picked":["Slice","Dagger Throw"],"picked":"Escape Plan","floor":4},{"not_picked":["Crippling Poison","Acrobatics"],"picked":"Blade Dance","floor":5},{"not_picked":["Prepared","Grand Finale"],"picked":"Bane","floor":7},{"not_picked":["Poisoned Stab","Backflip"],"picked":"Envenom","floor":10},{"not_picked":["Dagger Throw","Prepared","Well Laid Plans"],"picked":"SKIP","floor":12},{"not_picked":["Dagger Throw","Deflect"],"picked":"Masterful Stab","floor":14},{"not_picked":["Flechettes","Flying Knee"],"picked":"Footwork","floor":15}],"player_experience":355175,"relics_obtained":[{"floor":7,"key":"Bottled Lightning"},{"floor":9,"key":"Orichalcum"},{"floor":10,"key":"Dream Catcher"}],"event_choices":[{"damage_healed":0,"gold_gain":0,"player_choice":"Got Potions","damage_taken":0,"max_hp_gain":0,"max_hp_loss":0,"event_name":"Lab","floor":2,"gold_loss":0},{"damage_healed":0,"gold_gain":0,"player_choice":"Rummage","damage_taken":0,"relics_obtained":["WarpedTongs"],"max_hp_gain":0,"max_hp_loss":0,"event_name":"Accursed Blacksmith","floor":13,"gold_loss":0,"cards_obtained":["Pain"]}],"is_beta":false,"boss_relics":[],"items_purged_floors":[3],"is_endless":false,"potions_floor_spawned":[4,12],"killed_by":"Slime Boss","ascension_level":0}}