{"host":"rgy6n2eoa9ji6d0c","time":1612214005,"event":{"mods":["BaseMod","Downfall","Minty Spire (QoL Compilation)","Quick Restart","StSLib"],"gold_per_floor":[99,119,129,149,160,192,192,207,107,121,3688,3701,3730,3281,3296,3391,3391,3291,3309,3323,3323,3047,3047,3047,3047],"floor_reached":23,"language":"ENG","playtime":2149,"items_purged":["Guardian:Strike_Guardian","Guardian:Strike_Guardian","Guardian:Defend_Guardian"],"score":290,"play_id":"2552527a-c6a7-4441-94dd-5b75ae3d5874","local_time":"20210201221325","is_ascension_mode":true,"campfire_choices":[{"floor":1,"key":"RECALL"},{"data":"Guardian:PolyBeam","floor":9,"key":"SMITH"},{"data":"Guardian:FuturePlans","floor":18,"key":"SMITH"}],"circlet_count":0,"master_deck":["Guardian:Strike_Guardian","Guardian:Strike_Guardian","Guardian:Defend_Guardian","Guardian:Defend_Guardian","Guardian:Defend_Guardian","Guardian:CurlUp","Guardian:TwinSlam","Guardian:ChargeUp","Guardian:VentSteam","Guardian:PolyBeam+1","Guardian:GatlingBeam","Guardian:DecasProtection","Guardian:DecasProtection","Guardian:DecasProtection","Guardian:FuturePlans+1","Guardian:FierceBash","Guardian:RefractedBeam+1","Guardian:GatlingBeam"],"relics":["Guardian:ModeShifter","Unceasing Top","Ornamental Fan","downfall:HeartBlessingRed","Membership Card","Calipers","Bronze Scales","White Beast Statue","TungstenRod","CaptainsWheel","Sling","Sozu","downfall:HeartBlessingGreen","Nilry\u0027s Codex","Pantograph","Orrery"],"acts_visited":["Exordium","TheCity"],"potions_floor_usage":[2,12,13,13,16],"damage_taken":[{"damage":1,"enemies":"2 Louse","floor":2,"turns":4},{"damage":11,"enemies":"Jaw Worm","floor":3,"turns":3},{"damage":0,"enemies":"Cultist","floor":4,"turns":4},{"damage":17,"enemies":"Exordium Wildlife","floor":5,"turns":5},{"damage":16,"enemies":"3 Sentries","floor":6,"turns":10},{"damage":13,"enemies":"3 Louse","floor":8,"turns":4},{"damage":10,"enemies":"Exordium Thugs","floor":10,"turns":3},{"damage":10,"enemies":"downfall:FleeingMerchant","floor":11,"turns":4},{"damage":6,"enemies":"3 Louse","floor":12,"turns":2},{"damage":7,"enemies":"Lagavulin","floor":13,"turns":8},{"damage":15,"enemies":"downfall:FleeingMerchant","floor":14,"turns":4},{"damage":6,"enemies":"Lots of Slimes","floor":15,"turns":4},{"damage":3,"enemies":"SI_SHIV_ARCHETYPE","floor":16,"turns":7},{"damage":0,"enemies":"3 Byrds","floor":19,"turns":3},{"damage":2,"enemies":"Spheric Guardian","floor":20,"turns":4},{"damage":1,"enemies":"downfall:FleeingMerchant","floor":22,"turns":4},{"damage":8,"enemies":"Cultist and Chosen","floor":23,"turns":4}],"seed_played":"-4074693836069591090","potions_obtained":[{"floor":0,"key":"Fruit Juice"},{"floor":0,"key":"Regen Potion"},{"floor":0,"key":"Swift Potion"},{"floor":2,"key":"EssenceOfSteel"},{"floor":6,"key":"Regen Potion"},{"floor":12,"key":"DistilledChaos"},{"floor":13,"key":"SpeedPotion"},{"floor":14,"key":"DuplicationPotion"},{"floor":16,"key":"Weak Potion"}],"is_trial":false,"path_per_floor":["R","M","M","M","M","E","T","M","R","M","$","M","E","$","M","B",null,"R","M","M","?","$","M"],"character_chosen":"GUARDIAN","items_purchased":["Membership Card","Calipers","Bronze Scales","TungstenRod","CaptainsWheel","Sling","Pantograph","Orrery"],"campfire_rested":0,"item_purchase_floors":[11,11,11,14,14,14,22,22],"current_hp_per_floor":[80,84,73,73,56,40,40,27,27,17,7,1,39,24,18,15,85,85,85,83,68,67,59,59,59],"gold":3047,"neow_bonus":"THREE_SMALL_POTIONS","is_daily":false,"chose_seed":false,"campfire_upgraded":2,"win_rate":0.0,"timestamp":1612214005,"path_taken":["R","M","M","M","M","E","T","M","R","M","$","M","E","$","M","BOSS","R","M","M","?","$","M"],"items_purchased_type":["Relic","Relic","Relic","Relic","Relic","Relic","Relic","Relic"],"build_version":"2020-12-22","purchased_purges":3,"victory":false,"max_hp_per_floor":[80,85,85,85,85,85,85,85,85,85,85,85,85,85,85,85,85,85,85,85,85,85,85,85,85],"card_choices":[{"not_picked":["Guardian:BronzeArmor","Guardian:DonusPower"],"picked":"Guardian:ChargeUp","floor":2},{"not_picked":["Guardian:ShieldCharger","Guardian:PrismaticBarrier"],"picked":"Guardian:VentSteam","floor":3},{"not_picked":["Guardian:Gem_Cyan","Guardian:Preprogram"],"picked":"Guardian:PolyBeam","floor":4},{"not_picked":["Guardian:Gem_Fragmented","Guardian:WalkerClaw","Guardian:PrismaticBarrier"],"picked":"SKIP","floor":5},{"not_picked":["Guardian:VentSteam","Guardian:ChargeCore","Guardian:Incinerate"],"picked":"SKIP","floor":6},{"not_picked":["Guardian:RollAttack","Guardian:Gem_Green"],"picked":"Guardian:GatlingBeam","floor":8},{"not_picked":["Guardian:Gem_Fragmented","Guardian:RollAttack"],"picked":"Guardian:DecasProtection","floor":10},{"not_picked":["Guardian:ShieldCharger","Guardian:WalkerClaw"],"picked":"Guardian:DecasProtection","floor":11},{"not_picked":["Guardian:Emergency","Guardian:Preprogram"],"picked":"Guardian:DecasProtection","floor":12},{"not_picked":["Guardian:Gem_Synthetic","Guardian:RefractedBeam"],"picked":"Guardian:FuturePlans","floor":13},{"not_picked":["Guardian:CrystalBeam","Guardian:PiercingHide","Guardian:Repulse"],"picked":"SKIP","floor":14},{"not_picked":["Guardian:BronzeOrb","Guardian:DonusPower","Guardian:PrimingBeam"],"picked":"SKIP","floor":15},{"not_picked":["Guardian:Gem_Synthetic","Guardian:CompilePackage"],"picked":"Guardian:FierceBash","floor":16},{"not_picked":["Guardian:PiercingHide","Guardian:TimeCapacitor","Guardian:PrimingBeam"],"picked":"SKIP","floor":19},{"not_picked":["Guardian:Gem_Red","Guardian:RollAttack","Guardian:ShieldCharger"],"picked":"SKIP","floor":20},{"not_picked":["Guardian:WalkerClaw","Guardian:BronzeArmor+1"],"picked":"Guardian:RefractedBeam+1","floor":22},{"not_picked":["Guardian:PiercingHide+1","Guardian:SentryBeam"],"picked":"Guardian:GatlingBeam","floor":22}],"player_experience":1491006,"relics_obtained":[{"floor":6,"key":"Unceasing Top"},{"floor":7,"key":"Ornamental Fan"},{"floor":13,"key":"White Beast Statue"},{"floor":21,"key":"Nilry\u0027s Codex"}],"event_choices":[],"is_beta":false,"boss_relics":[{"not_picked":["Guardian:ModeShifterPlus","Empty Cage"],"picked":"Sozu"}],"items_purged_floors":[11,14,22],"is_endless":false,"potions_floor_spawned":[2,3,5,6,12,13,14,15,16,19,20,22],"killed_by":"Cultist and Chosen","ascension_level":1}}