{"host":"vca5odlxycr7xk6d","time":1612171032,"event":{"mods":["Act Like it!","BaseMod","Better Note","BetterRewards","Gensokyo","GungeonMod","Hermit","Hubris","Infinite Spire","Marisa????????","Minty Spire (QoL Compilation)","Reimu??????","Replay The Spire","Shop Mod","StSLib","The Animator","The Cursed"],"gold_per_floor":[363,398,415,415,415,441,454,484,509,509,519,537,286,307,307,416,416,433,433,451,451,475,475,502,502,574,594,424,424,436,443,443],"floor_reached":31,"language":"ENG","playtime":1616,"items_purged":["hermit:Strike_Hermit","hermit:Defend_Hermit","hermit:Strike_Hermit","hermit:Defend_Hermit"],"score":247,"play_id":"33f0a2d9-6059-46c6-b89f-0df7993b52fb","local_time":"20210201161712","is_ascension_mode":false,"campfire_choices":[{"data":"hermit:FinalCanter","floor":10,"key":"SMITH"},{"data":"hermit:Scavenge","floor":15,"key":"SMITH"},{"data":"1","floor":23,"key":"LIFT"},{"data":"2","floor":29,"key":"LIFT"}],"circlet_count":0,"master_deck":["hermit:Strike_Hermit","hermit:Strike_Hermit","hermit:Defend_Hermit","hermit:Defend_Hermit","hermit:Snapshot","hermit:Covet","Voices","hermit:NoHoldsBarred","Decay","hermit:ShadowCloak","hermit:PistolWhip","hermit:FinalCanter+1","hermit:LuckOfTheDraw","hermit:Determination","hermit:Determination","hermit:Scavenge+1","hermit:Deadeye","hermit:RoundhouseKick","CurseOfTheBell","hermit:SprayPray","hermit:Brawl","hermit:Vantage","hermit:CursedWeapon+1","hermit:Misfire","hermit:BodyArmor+1"],"relics":["hermit:Momento","ReplayTheSpireMod:CursedCoin","infinitespire:PuzzleCube","Blood Vial","BranchBurnRelic","Vajra","Odd Mushroom","Calling Bell","DemoMod:MonsterBlood","DemoMod:SerJunkan","Girya","DemoMod:DecoyRelic","MutagenicStrength","hubris:SphereOfDissonance"],"acts_visited":["Exordium","TheCity"],"potions_floor_usage":[8,12,14,18,27,30],"damage_taken":[{"damage":4,"enemies":"Jaw Worm","floor":1,"turns":4},{"damage":5,"enemies":"Small Slimes","floor":3,"turns":3},{"damage":22,"enemies":"Gremlin Nob","floor":6,"turns":5},{"damage":0,"enemies":"Cultist","floor":7,"turns":2},{"damage":9,"enemies":"Replay:BlueRogue","floor":8,"turns":6},{"damage":0,"enemies":"Exordium Thugs","floor":11,"turns":2},{"damage":0,"enemies":"Large Slime","floor":12,"turns":6},{"damage":0,"enemies":"The Mushroom Lair","floor":14,"turns":1},{"damage":40,"enemies":"The Guardian","floor":16,"turns":10},{"damage":15,"enemies":"2 Thieves","floor":18,"turns":4},{"damage":18,"enemies":"Chosen","floor":20,"turns":6},{"damage":22,"enemies":"Shelled Parasite and Fungi","floor":22,"turns":7},{"damage":17,"enemies":"Snake Plant","floor":24,"turns":5},{"damage":27,"enemies":"Centurion and Healer","floor":27,"turns":5},{"damage":12,"enemies":"Cultist and Chosen","floor":30,"turns":5},{"damage":16,"enemies":"Book of Stabbing","floor":31,"turns":2}],"seed_played":"6587983089131599704","potions_obtained":[{"floor":6,"key":"FearPotion"},{"floor":8,"key":"GrandPatriotsElixir:ReiMu"},{"floor":11,"key":"Block Potion"},{"floor":14,"key":"DistilledChaos"},{"floor":22,"key":"SpeedPotion"},{"floor":24,"key":"ZuzhouPotion:ReiMu"}],"is_trial":false,"path_per_floor":["M","$","M","?","?","E","M","E","T","R","M","M","$","?","R","B",null,"M","AVR","M","?","M","R","M","?","T","M","$","R","M","E"],"character_chosen":"HERMIT","items_purchased":["ReplayTheSpireMod:CursedCoin","hermit:ShadowCloak","Vajra","hermit:Misfire"],"campfire_rested":0,"item_purchase_floors":[2,2,13,28],"current_hp_per_floor":[71,71,66,66,66,44,44,35,35,35,42,44,44,46,46,23,82,67,67,51,51,31,31,30,30,30,5,5,5,9,0,0],"gold":443,"neow_bonus":"TWO_FIFTY_GOLD","is_daily":false,"chose_seed":false,"campfire_upgraded":2,"win_rate":0.0,"timestamp":1612171032,"path_taken":["M","$","M","?","?","E","M","E","T","R","M","M","$","?","R","BOSS","M","AVR","M","?","M","R","M","?","T","M","$","R","M","E"],"items_purchased_type":["Relic","Card","Relic","Card"],"build_version":"2020-12-22","purchased_purges":4,"victory":false,"max_hp_per_floor":[75,75,75,75,75,75,75,75,75,75,75,75,75,75,75,75,82,82,82,82,82,82,82,82,82,82,82,82,82,82,82,82],"card_choices":[{"not_picked":["hermit:EyeOfTheStorm","hermit:HighCaliber"],"picked":"hermit:NoHoldsBarred","floor":1},{"not_picked":["hermit:Quickdraw","hermit:LowProfile"],"picked":"hermit:PistolWhip","floor":3},{"not_picked":["hermit:Headshot","hermit:ItchyTrigger"],"picked":"hermit:FinalCanter","floor":6},{"not_picked":["hermit:BodyArmor","hermit:DeadMansHand"],"picked":"hermit:LuckOfTheDraw","floor":7},{"not_picked":["hermit:WideOpen","hermit:Glare"],"picked":"hermit:Determination","floor":8},{"not_picked":["hermit:BodyArmor","hermit:HighCaliber"],"picked":"hermit:Determination","floor":11},{"not_picked":["hermit:TrackingShot","hermit:HoleUp"],"picked":"hermit:Scavenge","floor":12},{"not_picked":["hermit:Misfire","hermit:FullyLoaded"],"picked":"hermit:Deadeye","floor":14},{"not_picked":["hermit:FinalCanter","hermit:Dissolve"],"picked":"hermit:RoundhouseKick","floor":16},{"not_picked":["hermit:NoHoldsBarred","hermit:Deadeye"],"picked":"hermit:SprayPray","floor":18},{"not_picked":["hermit:HighCaliber","hermit:Determination","hermit:Roulette"],"picked":"SKIP","floor":20},{"not_picked":["hermit:Vantage","hermit:Misfire"],"picked":"hermit:Brawl","floor":22},{"not_picked":["hermit:Showdown","hermit:Feint"],"picked":"hermit:Vantage","floor":24},{"not_picked":["hermit:Misfire","hermit:Roulette+1"],"picked":"hermit:CursedWeapon+1","floor":27},{"not_picked":["hermit:Grudge","hermit:Determination"],"picked":"hermit:BodyArmor+1","floor":30}],"player_experience":528234,"relics_obtained":[{"floor":6,"key":"infinitespire:PuzzleCube"},{"floor":8,"key":"Dead Branch"},{"floor":9,"key":"Blood Vial"},{"floor":14,"key":"Odd Mushroom"},{"floor":17,"key":"DemoMod:MonsterBlood"},{"floor":17,"key":"DemoMod:SerJunkan"},{"floor":17,"key":"Girya"},{"floor":26,"key":"hubris:SphereOfDissonance"}],"event_choices":[{"damage_healed":0,"gold_gain":0,"player_choice":"Fought Mushrooms","damage_taken":0,"max_hp_gain":0,"max_hp_loss":0,"event_name":"Mushrooms","floor":14,"gold_loss":0},{"cards_removed":["hermit:Strike_Hermit"],"damage_healed":0,"gold_gain":0,"player_choice":"Give","damage_taken":0,"max_hp_gain":0,"max_hp_loss":0,"event_name":"betterNote:BetterNote","floor":21,"gold_loss":0,"cards_obtained":["Strike_Lin:ReiMu"]},{"damage_healed":0,"gold_gain":0,"player_choice":"Inject Mutagens","damage_taken":0,"relics_obtained":["MutagenicStrength"],"max_hp_gain":0,"max_hp_loss":0,"event_name":"Drug Dealer","floor":25,"gold_loss":0}],"is_beta":false,"boss_relics":[{"not_picked":["Painkiller Herb","Snecko Eye"],"picked":"Calling Bell"}],"items_purged_floors":[2,13,19,28],"is_endless":false,"potions_floor_spawned":[6,8,11,14,22,24],"killed_by":"Book of Stabbing","ascension_level":0}}