{"host":"g2cxjl8p6ktwsdvk","time":1612166677,"event":{"mods":["AchievementEnabler","BaseMod","Colored Map","DeckTracker","Minty Spire (QoL Compilation)","SuperFastMode"],"gold_per_floor":[118,118,137,137,137,162,176,205,205,205,205,219,219,232,232,332,332,349,349,368,386,49,49,61,61,61,61,72,90,90,103,103,206,206,216,216,266,4,21,54,54,64,64,64,79,79,79,90,90,90,90,90,18,46,46],"floor_reached":56,"language":"KOR","playtime":5357,"items_purged":["Strike_G+1"],"score":1408,"play_id":"2fe805aa-8e2f-420e-8974-8eb867c99fa5","local_time":"20210201170437","is_ascension_mode":true,"campfire_choices":[{"data":"Catalyst","floor":10.0,"key":"SMITH"},{"floor":13.0,"key":"REST"},{"data":"Deadly Poison","floor":15.0,"key":"SMITH"},{"data":"Wraith Form v2","floor":23.0,"key":"SMITH"},{"data":"Deflect","floor":30.0,"key":"SMITH"},{"data":"Neutralize","floor":32.0,"key":"SMITH"},{"data":"Burst","floor":41.0,"key":"SMITH"},{"data":"Noxious Fumes","floor":44.0,"key":"SMITH"},{"data":"Backflip","floor":47,"key":"SMITH"},{"floor":49,"key":"RECALL"},{"data":"Survivor","floor":52,"key":"SMITH"}],"circlet_count":0,"master_deck":["Strike_G+1","Defend_G+1","Defend_G","Defend_G","Defend_G+1","Defend_G","Survivor+1","Neutralize+1","Deadly Poison+1","Bouncing Flask+1","Noxious Fumes+1","Catalyst+1","Deflect+1","Wraith Form v2+1","Blur","Backflip+1","Burst+1","Well Laid Plans+1","Bane+1","Footwork+1","After Image"],"relics":["Ring of the Snake","NeowsBlessing","War Paint","InkBottle","Paper Crane","Singing Bowl","Empty Cage","Pantograph","MutagenicStrength","Ornamental Fan","SlaversCollar","Thread and Needle","Letter Opener","Molten Egg 2","Mummified Hand"],"acts_visited":["TheCity","TheBeyond","TheEnding"],"potions_floor_usage":[50,55,55],"damage_taken":[{"damage":0.0,"enemies":"Small Slimes","floor":1.0,"turns":1.0},{"damage":0.0,"enemies":"2 Louse","floor":3.0,"turns":1.0},{"damage":0.0,"enemies":"Gremlin Nob","floor":6.0,"turns":1.0},{"damage":0.0,"enemies":"Cultist","floor":7.0,"turns":3.0},{"damage":2.0,"enemies":"Lagavulin","floor":8.0,"turns":5.0},{"damage":8.0,"enemies":"Large Slime","floor":12.0,"turns":5.0},{"damage":3.0,"enemies":"Looter","floor":14.0,"turns":2.0},{"damage":7.0,"enemies":"Slime Boss","floor":16.0,"turns":6.0},{"damage":0.0,"enemies":"Chosen","floor":18.0,"turns":3.0},{"damage":30.0,"enemies":"3 Byrds","floor":20.0,"turns":8.0},{"damage":10.0,"enemies":"Sentry and Sphere","floor":21.0,"turns":7.0},{"damage":7.0,"enemies":"Snake Plant","floor":24.0,"turns":4.0},{"damage":7.0,"enemies":"Chosen and Byrds","floor":28.0,"turns":6.0},{"damage":7.0,"enemies":"Shelled Parasite and Fungi","floor":29.0,"turns":6.0},{"damage":9.0,"enemies":"Snake Plant","floor":31.0,"turns":5.0},{"damage":55.0,"enemies":"Champ","floor":33.0,"turns":9.0},{"damage":43.0,"enemies":"3 Darklings","floor":35.0,"turns":10.0},{"damage":2.0,"enemies":"Mind Bloom Boss Battle","floor":37.0,"turns":9.0},{"damage":2.0,"enemies":"Orb Walker","floor":39.0,"turns":3.0},{"damage":0.0,"enemies":"Giant Head","floor":40.0,"turns":6.0},{"damage":0.0,"enemies":"3 Darklings","floor":42.0,"turns":7.0},{"damage":1,"enemies":"Jaw Worm Horde","floor":45,"turns":7},{"damage":5,"enemies":"Writhing Mass","floor":48,"turns":4},{"damage":36,"enemies":"Awakened One","floor":50,"turns":16},{"damage":24,"enemies":"Shield and Spear","floor":54,"turns":7},{"damage":4,"enemies":"The Heart","floor":55,"turns":6}],"seed_played":"-3499784836946848365","potions_obtained":[{"floor":1.0,"key":"Dexterity Potion"},{"floor":8.0,"key":"Swift Potion"},{"floor":14.0,"key":"PowerPotion"},{"floor":16.0,"key":"Regen Potion"},{"floor":19.0,"key":"EssenceOfSteel"},{"floor":28.0,"key":"Weak Potion"},{"floor":35.0,"key":"Block Potion"},{"floor":39.0,"key":"DistilledChaos"},{"floor":54,"key":"GamblersBrew"}],"is_trial":false,"path_per_floor":["M","?","M","?","?","E","M","E","T","R","?","M","R","M","R","B",null,"M","?","M","M","$","R","M","?","T","?","M","M","R","M","R","B",null,"M","?","?","$","M","E","R","M","T","R","M","$","R","M","R","B",null,"R","$","E","B",null],"character_chosen":"THE_SILENT","items_purchased":["Pantograph","Letter Opener","DuplicationPotion"],"campfire_rested":1,"item_purchase_floors":[22,38,53],"current_hp_per_floor":[70,63,63,49,42,42,42,40,40,40,40,34,55,54,54,47,74,74,74,46,36,36,36,31,31,31,78,73,68,68,61,61,29,84,41,41,64,64,64,66,66,66,66,66,67,67,67,64,64,53,92,92,92,68,88],"gold":46,"neow_bonus":"THREE_ENEMY_KILL","is_daily":false,"chose_seed":false,"campfire_upgraded":9,"win_rate":0.0,"timestamp":1612166677,"path_taken":["M","?","M","?","?","E","M","E","T","R","?","M","R","M","R","BOSS","M","?","?","M","$","R","M","?","T","?","M","M","R","M","R","BOSS","M","?","?","?","M","E","R","?","T","R","?","$","R","M","R","BOSS","R","$","E","BOSS"],"items_purchased_type":["Relic","Relic","Potion"],"build_version":"2020-12-22","purchased_purges":1,"victory":true,"max_hp_per_floor":[70,70,70,70,70,70,70,70,70,70,70,72,72,74,74,74,74,74,74,76,76,76,76,78,78,78,78,80,82,82,84,84,84,84,84,84,84,84,86,88,88,88,88,88,90,90,90,92,92,92,92,92,92,92,92],"card_choices":[{"not_picked":["All Out Attack","Acrobatics"],"picked":"Deadly Poison","floor":1.0},{"not_picked":["Backflip","Dagger Throw"],"picked":"Bouncing Flask","floor":3.0},{"not_picked":["Backflip","Setup"],"picked":"Noxious Fumes","floor":6.0},{"not_picked":["Dagger Throw","Prepared"],"picked":"Catalyst","floor":7.0},{"not_picked":["PiercingWail","Endless Agony"],"picked":"Deflect","floor":8.0},{"not_picked":["Tactician","Sucker Punch","Poisoned Stab"],"picked":"Singing Bowl","floor":12.0},{"not_picked":["Calculated Gamble","Infinite Blades","Dash"],"picked":"Singing Bowl","floor":14.0},{"not_picked":["Venomology","Unload"],"picked":"Wraith Form v2","floor":16.0},{"not_picked":["Endless Agony","Setup"],"picked":"Blur","floor":18.0},{"not_picked":["Dagger Throw","Tactician","Poisoned Stab+1"],"picked":"Singing Bowl","floor":20.0},{"not_picked":["Accuracy+1","Prepared"],"picked":"Backflip","floor":21.0},{"not_picked":["Flechettes+1","Acrobatics","PiercingWail"],"picked":"Singing Bowl","floor":24.0},{"not_picked":["Cloak And Dagger+1","Bouncing Flask","Glass Knife"],"picked":"Singing Bowl","floor":28.0},{"not_picked":["Sucker Punch","Choke","Prepared"],"picked":"Singing Bowl","floor":29.0},{"not_picked":["Prepared+1","Cloak And Dagger","Dagger Throw"],"picked":"Singing Bowl","floor":31.0},{"not_picked":["Doppelganger","Night Terror"],"picked":"Burst","floor":33.0},{"not_picked":["Slice+1","Sucker Punch"],"picked":"Well Laid Plans+1","floor":35.0},{"not_picked":["Prepared","Deflect"],"picked":"Bane+1","floor":37.0},{"not_picked":["Bane+1","Dagger Throw","Flying Knee"],"picked":"Singing Bowl","floor":39.0},{"not_picked":["Underhanded Strike+1","PiercingWail","Outmaneuver+1"],"picked":"Singing Bowl","floor":40.0},{"not_picked":["Underhanded Strike+1","Dagger Throw+1"],"picked":"Footwork+1","floor":42.0},{"not_picked":["Eviscerate+1","Bouncing Flask+1","Flechettes+1"],"picked":"Singing Bowl","floor":45},{"not_picked":["Deflect+1","Poisoned Stab+1","Finisher+1"],"picked":"Singing Bowl","floor":48},{"not_picked":["Cloak And Dagger","PiercingWail+1"],"picked":"After Image","floor":54}],"player_experience":169258,"relics_obtained":[{"floor":6.0,"key":"InkBottle"},{"floor":8.0,"key":"Paper Crane"},{"floor":9.0,"key":"Singing Bowl"},{"floor":26.0,"key":"Ornamental Fan"},{"floor":37.0,"key":"Thread and Needle"},{"floor":40.0,"key":"Molten Egg 2"},{"floor":54,"key":"Mummified Hand"}],"event_choices":[{"damage_healed":0.0,"max_hp_gain":0.0,"max_hp_loss":0.0,"gold_gain":0.0,"event_name":"Scrap Ooze","player_choice":"Success","floor":2.0,"gold_loss":0.0,"damage_taken":7.0,"relics_obtained":["War Paint"]},{"damage_healed":0.0,"max_hp_gain":0.0,"max_hp_loss":0.0,"gold_gain":0.0,"event_name":"Shining Light","player_choice":"Entered Light","floor":4.0,"gold_loss":0.0,"damage_taken":14.0,"cards_upgraded":["Strike_G","Strike_G"]},{"cards_removed":["Strike_G"],"damage_healed":0.0,"max_hp_gain":0.0,"max_hp_loss":0.0,"gold_gain":0.0,"event_name":"Golden Wing","player_choice":"Card Removal","floor":5.0,"gold_loss":0.0,"damage_taken":7.0},{"damage_healed":0.0,"max_hp_gain":0.0,"max_hp_loss":0.0,"gold_gain":0.0,"event_name":"Living Wall","player_choice":"Grow","floor":11.0,"gold_loss":0.0,"damage_taken":0.0,"cards_upgraded":["Bouncing Flask"]},{"damage_healed":0.0,"max_hp_gain":0.0,"max_hp_loss":0.0,"gold_gain":0.0,"event_name":"Lab","player_choice":"Got Potions","floor":19.0,"gold_loss":0.0,"damage_taken":0.0},{"damage_healed":0.0,"max_hp_gain":0.0,"max_hp_loss":0.0,"gold_gain":0.0,"event_name":"Drug Dealer","player_choice":"Inject Mutagens","floor":25.0,"gold_loss":0.0,"damage_taken":0.0,"relics_obtained":["MutagenicStrength"]},{"damage_healed":47.0,"max_hp_gain":0.0,"max_hp_loss":0.0,"gold_gain":0.0,"event_name":"Wheel of Change","player_choice":"Full Heal","floor":27.0,"gold_loss":0.0,"damage_taken":0.0},{"damage_healed":0.0,"max_hp_gain":0.0,"max_hp_loss":0.0,"gold_gain":0.0,"event_name":"Mysterious Sphere","player_choice":"Ignored","floor":36.0,"gold_loss":0.0,"damage_taken":0.0},{"damage_healed":0.0,"max_hp_gain":0.0,"max_hp_loss":0.0,"gold_gain":0.0,"event_name":"MindBloom","player_choice":"Fight","floor":37.0,"gold_loss":0.0,"damage_taken":0.0}],"is_beta":false,"boss_relics":[{"not_picked":["Snecko Eye","SacredBark"],"picked":"Empty Cage"},{"not_picked":["Runic Dome","Pandora\u0027s Box"],"picked":"SlaversCollar"}],"items_purged_floors":[22],"is_endless":false,"potions_floor_spawned":[1,8,14,16,18,20,28,35,39,54],"ascension_level":2}}