{"host":"mo324zvkdr1xwprd","time":1612141857,"event":{"mods":["BaseMod","Better Note","BetterRewards","Hermit","Highlight Path","Hubris","Minty Spire (QoL Compilation)","Quick Restart","Rare Cards Sparkle","Shop Mod","StSLib","The Cursed","The Hierophant"],"gold_per_floor":[109,121,121,121,121,121,148,29,29,64,82,98,29,49,49,154,154,166,184,207,182,198,233,233,270,270,369,407,433,470,498,498,615,615,640,705,774,807,331,377,377,410,435,114,454,454,497,497,497,497,497,497,12,60,60],"floor_reached":56,"language":"ENG","playtime":4548,"items_purged":[],"score":2747,"play_id":"741449d9-077b-44ab-aaab-096e00aeee0d","local_time":"20210201011057","is_ascension_mode":true,"campfire_choices":[{"floor":6.0,"key":"REST"},{"data":"TheCursedMod:CollectTribute","floor":15.0,"key":"SMITH"},{"floor":24.0,"key":"RECALL"},{"data":"Dramatic Entrance","floor":32.0,"key":"SMITH"},{"data":"TheCursedMod:VoidForm","floor":41.0,"key":"SMITH"},{"data":"Apotheosis","floor":49.0,"key":"SMITH"},{"data":"Discovery","floor":52,"key":"SMITH"}],"circlet_count":1,"master_deck":["TheCursedMod:Strike_TheCursed","TheCursedMod:Strike_TheCursed","TheCursedMod:Defend_TheCursed","TheCursedMod:Defend_TheCursed","TheCursedMod:Defend_TheCursed","TheCursedMod:Defend_TheCursed","TheCursedMod:CursedWand+1","TheCursedMod:CleanUpWorkshop","TheCursedMod:Dregs","TheCursedMod:CircleOfBlood","TheCursedMod:AbyssShockwave","Dramatic Entrance+1","TheCursedMod:BlessingInDisguise","TheCursedMod:FuryStrike","TheCursedMod:HellsGateOpen","TheCursedMod:Obscuration","TheCursedMod:CircleOfCorruption","Clumsy","TheCursedMod:CursedStaff+1","TheCursedMod:CollectTribute+1","TheCursedMod:CircleOfBlood","Good Instincts","TheCursedMod:TroublousMinions","TheCursedMod:CursedSpellbook","TheCursedMod:Stretching","TheCursedMod:CursedSpellbook","TheCursedMod:WearCloak","TheCursedMod:ShockAndAwe","TheCursedMod:CursedMace","hubris:Greed","TheCursedMod:BlessingInDisguise+1","TheCursedMod:WearCloak+1","TheCursedMod:Stretching","TheCursedMod:CursedBoomerang","TheCursedMod:VoidForm+1","hubris:Greed","TheCursedMod:Stigma+1","TheCursedMod:SpitefulPlan","TheCursedMod:SurpriseAttack+1","TheCursedMod:CircleOfBlood+1","TheCursedMod:CursedMace+1","hubris:Greed","TheCursedMod:NeowsMight","TheCursedMod:CursedShiv+1","TheCursedMod:CursedBoomerang+1","TheCursedMod:TacticalStrike+1","TheCursedMod:SoulReap+1","TheCursedMod:NeowsMight","TheCursedMod:CursedShiv+1","TheCursedMod:SpitefulPlan","Finesse","TheCursedMod:ReleasedStrength","TheCursedMod:SpitefulStrike+1","TheCursedMod:AshesToAshes+1","TheCursedMod:LuckyCharm","TheCursedMod:CursedShiv+1","Dark Shackles","TheCursedMod:CursedSpellbook","TheCursedMod:SpitefulPray","Discovery+1","Apotheosis+1","Mind Blast+1","TheCursedMod:CircleOfCorruption+1","TheCursedMod:CursedMace+1","TheCursedMod:DarkBarrier","TheCursedMod:CursedArmor","TheCursedMod:SurpriseAttack+1","TheCursedMod:SpitefulStrike+1"],"relics":["TheCursedMod:BlackMagic101","Bird Faced Urn","hubris:Towel","PreservedInsect","Toy Ornithopter","MerchantsRug","Circlet","Bag of Marbles","Du-Vu Doll","Bronze Scales","Black Star","Molten Egg 2","Lantern","TheCursedMod:BloodyHarpoon","hubris:PeanutButter","Ginger","Nunchaku","Strawberry","Anchor","Blood Vial","hubris:Backtick","Ice Cream","TheCursedMod:CrystalBall","FossilizedHelix","Happy Flower","Whetstone","TheCursedMod:Tack","Old Coin","hubris:MysteriousPyramids","Bottled Flame","Orrery","Calipers","hubris:TinFlute","Bag of Preparation"],"acts_visited":["Exordium","TheCity","TheBeyond","TheEnding"],"potions_floor_usage":[50,55],"damage_taken":[{"damage":0.0,"enemies":"2 Louse","floor":1.0,"turns":1.0},{"damage":0.0,"enemies":"Jaw Worm","floor":2.0,"turns":4.0},{"damage":11.0,"enemies":"Gremlin Nob","floor":7.0,"turns":3.0},{"damage":25.0,"enemies":"Lagavulin","floor":10.0,"turns":6.0},{"damage":0.0,"enemies":"Small Slimes","floor":11.0,"turns":2.0},{"damage":1.0,"enemies":"Looter","floor":12.0,"turns":2.0},{"damage":0.0,"enemies":"3 Louse","floor":14.0,"turns":1.0},{"damage":2.0,"enemies":"Slime Boss","floor":16.0,"turns":6.0},{"damage":0.0,"enemies":"Spheric Guardian","floor":18.0,"turns":2.0},{"damage":11.0,"enemies":"2 Thieves","floor":19.0,"turns":2.0},{"damage":0.0,"enemies":"Chosen and Byrds","floor":20.0,"turns":3.0},{"damage":4.0,"enemies":"Centurion and Healer","floor":22.0,"turns":3.0},{"damage":0.0,"enemies":"Gremlin Leader","floor":23.0,"turns":3.0},{"damage":20.0,"enemies":"Book of Stabbing","floor":25.0,"turns":4.0},{"damage":6.0,"enemies":"Slavers","floor":28.0,"turns":2.0},{"damage":0.0,"enemies":"Snecko","floor":29.0,"turns":2.0},{"damage":0.0,"enemies":"Gremlin Leader","floor":30.0,"turns":1.0},{"damage":0.0,"enemies":"Cultist and Chosen","floor":31.0,"turns":3.0},{"damage":79.0,"enemies":"Collector","floor":33.0,"turns":7.0},{"damage":0.0,"enemies":"Orb Walker","floor":35.0,"turns":2.0},{"damage":0.0,"enemies":"Mind Bloom Boss Battle","floor":36.0,"turns":3.0},{"damage":14.0,"enemies":"2 Orb Walkers","floor":37.0,"turns":3.0},{"damage":0.0,"enemies":"3 Shapes","floor":38.0,"turns":1.0},{"damage":0.0,"enemies":"Reptomancer","floor":40.0,"turns":3.0},{"damage":0.0,"enemies":"Jaw Worm Horde","floor":42.0,"turns":2.0},{"damage":0.0,"enemies":"Nemesis","floor":45.0,"turns":2.0},{"damage":0.0,"enemies":"Giant Head","floor":47.0,"turns":2.0},{"damage":0,"enemies":"hubris:GrandSnecko","floor":50,"turns":6},{"damage":0,"enemies":"Shield and Spear","floor":54,"turns":2},{"damage":0,"enemies":"The Heart","floor":55,"turns":6}],"seed_played":"-6540871108258131211","potions_obtained":[{"floor":7.0,"key":"SteroidPotion"},{"floor":11.0,"key":"DuplicationPotion"},{"floor":12.0,"key":"Regen Potion"},{"floor":14.0,"key":"PowerPotion"},{"floor":19.0,"key":"DistilledChaos"},{"floor":20.0,"key":"GamblersBrew"},{"floor":29.0,"key":"DuplicationPotion"},{"floor":33.0,"key":"Ancient Potion"},{"floor":35.0,"key":"ColorlessPotion"},{"floor":37.0,"key":"SneckoOil"},{"floor":40.0,"key":"Energy Potion"}],"is_trial":false,"path_per_floor":["M","M","?","?","?","R","E","$","T","E","M","M","$","M","R","B",null,"M","M","M","$","M","E","R","E","T","?","E","M","E","M","R","B",null,"M","?","?","M","$","E","R","M","T","$","E","?","E","?","R","B",null,"R","$","E","B",null],"character_chosen":"THE_CURSED","items_purchased":["TheCursedMod:CircleOfBlood","PreservedInsect","Toy Ornithopter","TheCursedMod:AbyssShockwave","MerchantsRug","Dramatic Entrance","TheCursedMod:BlessingInDisguise","TheCursedMod:FuryStrike","TheCursedMod:HellsGateOpen","TheCursedMod:CircleOfBlood","Good Instincts","TheCursedMod:CursedSpellbook","TheCursedMod:Stretching","TheCursedMod:NeowsMight","TheCursedMod:CursedShiv+1","TheCursedMod:SpitefulPlan","FairyPotion","Finesse","TheCursedMod:ReleasedStrength","TheCursedMod:LuckyCharm","TheCursedMod:CursedShiv+1","Dark Shackles","Fruit Juice","PowerPotion","Orrery","Calipers","TheCursedMod:SurpriseAttack+1"],"campfire_rested":1,"item_purchase_floors":[0,0,0,0,0,0,0,0,0,8,8,13,21,39,39,39,39,39,39,44,44,44,44,44,53,53,53],"current_hp_per_floor":[44,48,48,48,48,70,64,64,64,49,53,60,60,64,64,73,75,75,68,75,75,75,75,75,57,57,57,64,66,68,80,80,32,70,78,82,70,74,74,82,82,82,82,87,87,87,87,77,77,87,87,87,87,87,87],"gold":60,"neow_bonus":"","is_daily":false,"chose_seed":false,"campfire_upgraded":5,"win_rate":0.0,"timestamp":1612141857,"path_taken":["M","M","?","?","?","R","E","?","T","E","M","M","?","M","R","BOSS","M","M","M","$","M","E","R","E","T","?","E","M","E","M","R","BOSS","M","?","?","M","$","E","R","M","T","$","E","?","E","?","R","BOSS","R","$","E","BOSS"],"items_purchased_type":["Card","Relic","Relic","Card","Relic","Card","Card","Card","Card","Card","Card","Card","Card","Card","Card","Card","Potion","Card","Card","Card","Card","Card","Potion","Potion","Relic","Relic","Card"],"build_version":"2020-12-22","purchased_purges":0,"victory":true,"max_hp_per_floor":[75,75,75,75,75,75,75,75,75,75,75,75,75,75,75,75,75,75,75,75,75,75,75,75,75,75,75,82,82,82,82,82,82,82,82,82,82,82,82,82,82,82,82,87,87,87,87,87,87,87,87,87,87,87,87],"card_choices":[{"not_picked":["TheCursedMod:SaltUponWound","TheCursedMod:VitalStrike"],"picked":"TheCursedMod:Obscuration","floor":1.0},{"not_picked":["TheCursedMod:ManaCirculation","TheCursedMod:CircleOfWindfury"],"picked":"TheCursedMod:CircleOfCorruption","floor":2.0},{"not_picked":["TheCursedMod:WearCloak","TheCursedMod:OutForBlood"],"picked":"TheCursedMod:CollectTribute","floor":7.0},{"not_picked":["TheCursedMod:Stigma","TheCursedMod:RapidMovement"],"picked":"TheCursedMod:TroublousMinions","floor":10.0},{"not_picked":["TheCursedMod:CursedAmulet","TheCursedMod:FuryStrike"],"picked":"TheCursedMod:CursedSpellbook","floor":11.0},{"not_picked":["TheCursedMod:Grudge","TheCursedMod:CursedMace"],"picked":"TheCursedMod:Stretching","floor":12.0},{"not_picked":["TheCursedMod:Mangle","TheCursedMod:TacticalStrike"],"picked":"TheCursedMod:WearCloak","floor":14.0},{"not_picked":["TheCursedMod:CircleOfAbyss","TheCursedMod:OutForBlood"],"picked":"TheCursedMod:ShockAndAwe","floor":16.0},{"not_picked":["TheCursedMod:EmpowerCircles","TheCursedMod:FleshFromBone"],"picked":"TheCursedMod:CursedMace","floor":18.0},{"not_picked":["TheCursedMod:CircleOfAmplification+1","TheCursedMod:AshesToAshes"],"picked":"TheCursedMod:BlessingInDisguise+1","floor":19.0},{"not_picked":["TheCursedMod:CircleOfAmplification","TheCursedMod:TacticalStrike+1"],"picked":"TheCursedMod:WearCloak+1","floor":20.0},{"not_picked":["TheCursedMod:HellsGateOpen","TheCursedMod:RapidMovement"],"picked":"TheCursedMod:CursedBoomerang","floor":22.0},{"not_picked":["TheCursedMod:SpitefulStrike+1","TheCursedMod:TacticalStrike+1"],"picked":"TheCursedMod:VoidForm","floor":23.0},{"not_picked":["TheCursedMod:RavingStaff+1","TheCursedMod:ManaBullet+1"],"picked":"TheCursedMod:Stigma+1","floor":25.0},{"not_picked":["TheCursedMod:ReleasedKnowledge","TheCursedMod:Torture+1"],"picked":"TheCursedMod:SpitefulPlan","floor":28.0},{"not_picked":["TheCursedMod:CircleOfFlame","TheCursedMod:SmokeScreen"],"picked":"TheCursedMod:SurpriseAttack+1","floor":29.0},{"not_picked":["TheCursedMod:BloodBarrier","TheCursedMod:Torture"],"picked":"TheCursedMod:CircleOfBlood+1","floor":30.0},{"not_picked":["TheCursedMod:CircleOfFlame","TheCursedMod:Evocation"],"picked":"TheCursedMod:CursedMace+1","floor":31.0},{"not_picked":["TheCursedMod:ManaCirculation","TheCursedMod:DemonicPact"],"picked":"TheCursedMod:NeowsMight","floor":33.0},{"not_picked":["TheCursedMod:CursedStaff+1","TheCursedMod:FleshFromBone+1"],"picked":"TheCursedMod:CursedShiv+1","floor":35.0},{"not_picked":["TheCursedMod:DoubleShield","TheCursedMod:VitalStrike+1"],"picked":"TheCursedMod:CursedBoomerang+1","floor":36.0},{"not_picked":["TheCursedMod:Grudge","TheCursedMod:CursedStaff+1"],"picked":"TheCursedMod:TacticalStrike+1","floor":37.0},{"not_picked":["TheCursedMod:FleshFromBone","TheCursedMod:SaltUponWound"],"picked":"TheCursedMod:SoulReap+1","floor":38.0},{"not_picked":["TheCursedMod:Wield+1","TheCursedMod:Stretching"],"picked":"TheCursedMod:SpitefulStrike+1","floor":40.0},{"not_picked":["TheCursedMod:FleshFromBone","TheCursedMod:VitalStrike+1"],"picked":"TheCursedMod:AshesToAshes+1","floor":42.0},{"not_picked":["TheCursedMod:BlessingInDisguise+1","TheCursedMod:CircleOfCorruption+1"],"picked":"TheCursedMod:CursedSpellbook","floor":45.0},{"not_picked":["TheCursedMod:CursedArmor","TheCursedMod:ReleasedKnowledge"],"picked":"TheCursedMod:SpitefulPray","floor":47.0},{"not_picked":["Deep Breath","Jack Of All Trades"],"picked":"Discovery","floor":48.0},{"not_picked":["Discovery","Trip"],"picked":"Apotheosis","floor":48.0},{"not_picked":["Swift Strike+1","hubris:Insight"],"picked":"Mind Blast+1","floor":48.0},{"not_picked":["TheCursedMod:RavingStaff+1","TheCursedMod:CursedStaff+1"],"picked":"TheCursedMod:CircleOfCorruption+1","floor":53},{"not_picked":["TheCursedMod:Obscuration+1","TheCursedMod:CursedAmulet+1"],"picked":"TheCursedMod:CursedMace+1","floor":53},{"not_picked":["TheCursedMod:SmokeScreen","TheCursedMod:FleshFromBone"],"picked":"TheCursedMod:DarkBarrier","floor":53},{"not_picked":["TheCursedMod:Obscuration+1","TheCursedMod:SmokeScreen+1"],"picked":"TheCursedMod:CursedArmor","floor":53},{"not_picked":["TheCursedMod:CursedShiv+1","TheCursedMod:EmpowerCircles"],"picked":"TheCursedMod:SpitefulStrike+1","floor":54}],"player_experience":452672,"relics_obtained":[{"floor":7.0,"key":"Bag of Marbles"},{"floor":9.0,"key":"Du-Vu Doll"},{"floor":10.0,"key":"Bronze Scales"},{"floor":23.0,"key":"Molten Egg 2"},{"floor":23.0,"key":"Lantern"},{"floor":25.0,"key":"TheCursedMod:BloodyHarpoon"},{"floor":25.0,"key":"hubris:PeanutButter"},{"floor":26.0,"key":"Ginger"},{"floor":28.0,"key":"Nunchaku"},{"floor":28.0,"key":"Strawberry"},{"floor":30.0,"key":"Anchor"},{"floor":30.0,"key":"Blood Vial"},{"floor":36.0,"key":"TheCursedMod:CrystalBall"},{"floor":37.0,"key":"FossilizedHelix"},{"floor":40.0,"key":"Happy Flower"},{"floor":40.0,"key":"Whetstone"},{"floor":45.0,"key":"TheCursedMod:Tack"},{"floor":45.0,"key":"Old Coin"},{"floor":47.0,"key":"hubris:MysteriousPyramids"},{"floor":47.0,"key":"Bottled Flame"},{"floor":54,"key":"hubris:TinFlute"},{"floor":54,"key":"Bag of Preparation"}],"event_choices":[{"damage_healed":0.0,"max_hp_gain":0.0,"max_hp_loss":0.0,"gold_gain":0.0,"cards_transformed":["Writhe"],"event_name":"Living Wall","player_choice":"Change","floor":3.0,"gold_loss":0.0,"damage_taken":0.0,"cards_obtained":["Clumsy"]},{"damage_healed":0.0,"max_hp_gain":0.0,"max_hp_loss":0.0,"gold_gain":99.0,"event_name":"Nest","player_choice":"Stole From Cult","floor":27.0,"gold_loss":0.0,"damage_taken":0.0},{"damage_healed":0.0,"max_hp_gain":0.0,"max_hp_loss":0.0,"gold_gain":0.0,"event_name":"MindBloom","player_choice":"Fight","floor":36.0,"gold_loss":0.0,"damage_taken":0.0},{"damage_healed":0.0,"max_hp_gain":0.0,"max_hp_loss":0.0,"gold_gain":0.0,"event_name":"Mysterious Sphere","player_choice":"Fight","floor":37.0,"gold_loss":0.0,"damage_taken":0.0},{"cards_removed":["TheCursedMod:Strike_TheCursed"],"damage_healed":0.0,"max_hp_gain":0.0,"max_hp_loss":0.0,"gold_gain":0.0,"event_name":"Falling","player_choice":"Removed Attack","floor":46.0,"gold_loss":0.0,"damage_taken":0.0},{"damage_healed":0.0,"max_hp_gain":0.0,"max_hp_loss":0.0,"gold_gain":0.0,"event_name":"SensoryStone","player_choice":"Memory 3","floor":48.0,"gold_loss":0.0,"damage_taken":10.0}],"is_beta":false,"boss_relics":[{"not_picked":["hubris:BlackHole","hubris:ScarierMask"],"picked":"Black Star"},{"not_picked":["hubris:VirtuousBlindfold","Snecko Eye"],"picked":"hubris:Backtick"}],"items_purged_floors":[],"is_endless":false,"potions_floor_spawned":[7,11,12,14,19,20,29,33,35,37,40,47],"ascension_level":8}}