{"host":"y0avvqzsetgmdwfn","time":1612183773,"event":{"mods":["AchievementEnabler","BaseMod","Better Third Choice","Downfall","Minty Spire (QoL Compilation)","Red Circlet Mod","Reliquary","Replay The Spire","Spicy Shops","StSLib"],"gold_per_floor":[159,175,236,236,23,48,48,59,59,79,79,102,135,145,161,161,161,161],"floor_reached":16,"language":"ENG","playtime":1780,"items_purged":[],"score":110,"play_id":"54b440de-9e33-40cc-b06a-d306ae13d1a1","local_time":"20210201204933","is_ascension_mode":false,"campfire_choices":[{"floor":9,"key":"REST"},{"data":"Midas Touch","floor":11,"key":"SMITH"}],"circlet_count":0,"master_deck":["bronze:Strike","bronze:Strike","bronze:Strike","bronze:Defend","bronze:Defend","bronze:Defend","bronze:Defend","bronze:Replicate","bronze:Goto","bronze:WhirlingStrike","bronze:DarkDash","bronze:CloningBeam","Midas Touch+1","bronze:DelayedGuard","bronze:ThunderWave","bronze:Return","bronze:Deprecate","bronze:DelayedSlice","bronze:Repulsor","bronze:Flail","bronze:Philosophize"],"relics":["bronze:BronzeCore","Smiling Mask","StrikeDummy","Matryoshka","Odd Mushroom","Sundial"],"acts_visited":["Exordium"],"potions_floor_usage":[6],"damage_taken":[{"damage":1,"enemies":"Jaw Worm","floor":2,"turns":3},{"damage":16,"enemies":"3 Sentries","floor":3,"turns":10},{"damage":0,"enemies":"downfall:FleeingMerchant","floor":5,"turns":4},{"damage":22,"enemies":"3 Sentries","floor":6,"turns":6},{"damage":13,"enemies":"2 Louse","floor":8,"turns":3},{"damage":2,"enemies":"Small Slimes","floor":10,"turns":3},{"damage":13,"enemies":"The Mushroom Lair","floor":12,"turns":5},{"damage":14,"enemies":"Lagavulin","floor":13,"turns":5},{"damage":0,"enemies":"Exordium Thugs","floor":14,"turns":4},{"damage":9,"enemies":"Large Slime","floor":15,"turns":8},{"damage":19,"enemies":"DF_ARCHETYPE_STREAMLINE","floor":16,"turns":4}],"seed_played":"-896091914411737588","potions_obtained":[{"floor":3,"key":"Death Potion"},{"floor":6,"key":"champ:CounterPotion"},{"floor":13,"key":"hexamod:SoulburnPotion"},{"floor":14,"key":"EssenceOfSteel"}],"is_trial":false,"path_per_floor":["R","M","?","?","$","E","T","M","R","M","R","?","E","M","M","B"],"character_chosen":"THE_AUTOMATON","items_purchased":["Midas Touch","bronze:DelayedGuard"],"campfire_rested":1,"item_purchase_floors":[5,5],"current_hp_per_floor":[77,76,60,60,60,38,38,25,48,46,46,33,19,19,10,0,0,0],"gold":161,"neow_bonus":"TEN_PERCENT_HP_BONUS","is_daily":false,"chose_seed":false,"campfire_upgraded":1,"win_rate":0.0,"timestamp":1612183773,"path_taken":["R","M","?","?","?","E","T","?","R","M","R","?","E","M","M","BOSS"],"items_purchased_type":["Card","Card"],"build_version":"2020-12-22","purchased_purges":0,"victory":false,"max_hp_per_floor":[77,77,77,77,77,77,77,77,77,77,77,77,77,77,77,77,77,77],"card_choices":[{"not_picked":["bronze:CutThrough","bronze:OilSpill"],"picked":"bronze:WhirlingStrike","floor":2},{"not_picked":["bronze:WhirlingStrike","bronze:ForLoop"],"picked":"bronze:DarkDash","floor":3},{"not_picked":["bronze:BuggyMess","bronze:DelayedGuard"],"picked":"bronze:CloningBeam","floor":5},{"not_picked":["bronze:WhirlingStrike","bronze:Frontload"],"picked":"bronze:ThunderWave","floor":6},{"not_picked":["bronze:Repulsor","bronze:DelayedGuard"],"picked":"bronze:Return","floor":8},{"not_picked":["bronze:FineTuning","bronze:GetLatest"],"picked":"bronze:Deprecate","floor":10},{"not_picked":["bronze:Branch","bronze:BugBarrage"],"picked":"bronze:DelayedSlice","floor":12},{"not_picked":["bronze:Philosophize","bronze:HyperBeam"],"picked":"bronze:Repulsor","floor":13},{"not_picked":["bronze:Fortify","bronze:Philosophize"],"picked":"bronze:Flail","floor":14},{"not_picked":["bronze:Branch","bronze:WhirlingStrike"],"picked":"bronze:Philosophize","floor":15}],"player_experience":2014429,"relics_obtained":[{"floor":6,"key":"StrikeDummy"},{"floor":7,"key":"Matryoshka"},{"floor":12,"key":"Odd Mushroom"},{"floor":13,"key":"Sundial"}],"event_choices":[{"damage_healed":0,"gold_gain":0,"player_choice":"Fought Mushrooms","damage_taken":0,"max_hp_gain":0,"max_hp_loss":0,"event_name":"Mushrooms","floor":12,"gold_loss":0}],"is_beta":false,"boss_relics":[],"items_purged_floors":[],"is_endless":false,"potions_floor_spawned":[3,6,13,14],"killed_by":"DF_ARCHETYPE_STREAMLINE","ascension_level":0}}