{"host":"oj1wqp41zfsetb5p","time":1612164314,"event":{"mods":["AchievementEnabler","BaseMod","Colored Map","Minty Spire (QoL Compilation)","Relic Stats","StSLib"],"gold_per_floor":[114,134,104,119,134,160,260,260,260,260,277,294,322,338,338,443,443,459,459,477,494,48,48,68,88,115,115,143,159,159,188,188,283,283,296,310,56,278,278,278,303,303,351,351,371,169,200,220,220,220,220,220,69,94,94],"floor_reached":56,"language":"ENG","playtime":5304,"items_purged":["Strike_B","Defend_B+1"],"score":1287,"play_id":"a31ae3d5-e2b5-4977-9e2a-d21981fe1527","local_time":"20210201182514","is_ascension_mode":true,"campfire_choices":[{"data":"Loop","floor":8,"key":"SMITH"},{"data":"Zap","floor":10,"key":"SMITH"},{"data":"Genetic Algorithm","floor":15,"key":"SMITH"},{"floor":23,"key":"REST"},{"data":"Defragment","floor":30,"key":"SMITH"},{"floor":32,"key":"REST"},{"data":"Self Repair","floor":40,"key":"SMITH"},{"floor":42,"key":"RECALL"},{"data":"Defragment","floor":49,"key":"SMITH"},{"data":"Static Discharge","floor":52,"key":"SMITH"}],"circlet_count":0,"master_deck":["Defend_B+1","Defend_B+1","Defend_B+1","Zap+1","Dualcast","Sweeping Beam","Go for the Eyes","Rainbow","Loop+1","Steam","Genetic Algorithm+1","Machine Learning","Chaos","Static Discharge+1","Redo","Cold Snap","Self Repair+1","Leap+1","Defragment+1","Creative AI","Genetic Algorithm+1","Panache","Defragment+1","Steam+1"],"relics":["Cracked Core","Centennial Puzzle","Bottled Tornado","Unceasing Top","SlaversCollar","Mummified Hand","Potion Belt","InkBottle","Red Mask","Empty Cage","DollysMirror","Mercury Hourglass","Lizard Tail","Orichalcum"],"acts_visited":["Exordium","TheCity","TheBeyond","TheEnding"],"potions_floor_usage":[6,13,13,21,28,29,33,50,54,54,55,55],"damage_taken":[{"damage":6,"enemies":"Jaw Worm","floor":1,"turns":3},{"damage":1,"enemies":"Cultist","floor":2,"turns":3},{"damage":7,"enemies":"2 Louse","floor":4,"turns":2},{"damage":4,"enemies":"Red Slaver","floor":5,"turns":3},{"damage":18,"enemies":"Gremlin Nob","floor":6,"turns":4},{"damage":8,"enemies":"Looter","floor":11,"turns":3},{"damage":0,"enemies":"Large Slime","floor":12,"turns":4},{"damage":1,"enemies":"3 Sentries","floor":13,"turns":3},{"damage":1,"enemies":"Exordium Wildlife","floor":14,"turns":3},{"damage":19,"enemies":"Slime Boss","floor":16,"turns":6},{"damage":23,"enemies":"Spheric Guardian","floor":18,"turns":8},{"damage":31,"enemies":"2 Thieves","floor":20,"turns":4},{"damage":4,"enemies":"Chosen and Byrds","floor":21,"turns":6},{"damage":11,"enemies":"Snake Plant","floor":24,"turns":4},{"damage":5,"enemies":"Shelled Parasite and Fungi","floor":25,"turns":5},{"damage":22,"enemies":"Slavers","floor":28,"turns":7},{"damage":6,"enemies":"Cultist and Chosen","floor":29,"turns":5},{"damage":19,"enemies":"Masked Bandits","floor":31,"turns":5},{"damage":20,"enemies":"Automaton","floor":33,"turns":10},{"damage":0,"enemies":"Orb Walker","floor":35,"turns":4},{"damage":23,"enemies":"3 Darklings","floor":36,"turns":4},{"damage":0,"enemies":"Giant Head","floor":41,"turns":8},{"damage":9,"enemies":"4 Shapes","floor":45,"turns":3},{"damage":0,"enemies":"Reptomancer","floor":47,"turns":8},{"damage":0,"enemies":"Maw","floor":48,"turns":6},{"damage":67,"enemies":"Time Eater","floor":50,"turns":10},{"damage":4,"enemies":"Shield and Spear","floor":54,"turns":5},{"damage":28,"enemies":"The Heart","floor":55,"turns":9}],"seed_played":"6904269675546263659","potions_obtained":[{"floor":1,"key":"DistilledChaos"},{"floor":2,"key":"Strength Potion"},{"floor":3,"key":"SneckoOil"},{"floor":3,"key":"LiquidBronze"},{"floor":6,"key":"GamblersBrew"},{"floor":12,"key":"Explosive Potion"},{"floor":14,"key":"FocusPotion"},{"floor":21,"key":"SteroidPotion"},{"floor":24,"key":"Energy Potion"},{"floor":25,"key":"SkillPotion"},{"floor":48,"key":"Fire Potion"},{"floor":54,"key":"FearPotion"}],"is_trial":false,"path_per_floor":["M","M","?","M","M","E","?","R","T","R","M","M","E","M","R","B",null,"M","?","M","M","$","R","M","M","T","?","E","M","R","?","R","B",null,"M","M","$","?","?","R","E","R","T","?","M","$","E","M","R","B",null,"R","$","E","B",null],"character_chosen":"DEFECT","items_purchased":["Mummified Hand","Self Repair","Energy Potion","DollysMirror","Defragment","Ancient Potion","FocusPotion","PowerPotion","Energy Potion","Swift Potion"],"campfire_rested":2,"item_purchase_floors":[22,22,22,37,46,46,46,53,53,53],"current_hp_per_floor":[76,75,75,68,64,46,46,46,46,46,38,38,37,36,36,17,82,59,59,28,24,24,48,44,46,46,46,31,32,32,20,44,31,82,82,66,66,66,66,66,76,76,76,76,77,77,82,82,82,25,82,82,82,82,64],"gold":94,"neow_bonus":"TEN_PERCENT_HP_BONUS","is_daily":false,"chose_seed":false,"campfire_upgraded":7,"win_rate":0.0,"timestamp":1612164314,"path_taken":["M","M","?","?","M","E","?","R","T","R","M","?","E","M","R","BOSS","M","?","M","M","$","R","M","M","T","?","E","M","R","?","R","BOSS","M","M","$","?","?","R","E","R","T","?","M","$","E","?","R","BOSS","R","$","E","BOSS"],"items_purchased_type":["Relic","Card","Potion","Relic","Card","Potion","Potion","Potion","Potion","Potion"],"build_version":"2020-12-22","purchased_purges":2,"victory":true,"max_hp_per_floor":[82,82,82,82,82,82,82,82,82,82,82,82,82,82,82,82,82,82,82,82,82,82,82,82,82,82,82,82,82,82,82,82,82,82,82,82,82,82,82,82,82,82,82,82,82,82,82,82,82,82,82,82,82,82,82],"relic_stats":{"Centennial Puzzle":[54],"Lizard Tail":0,"counters":[28,142],"Mummified Hand":[123],"Orichalcum":[0],"obtain_stats":[{"Potion Belt":26,"Bottled Tornado":9,"Orichalcum":54,"Empty Cage":34,"Mercury Hourglass":41,"SlaversCollar":17,"Centennial Puzzle":6,"Lizard Tail":47,"Mummified Hand":22,"DollysMirror":37,"Red Mask":31,"Cracked Core":0,"Unceasing Top":13,"InkBottle":28},{"Potion Belt":15,"Bottled Tornado":5,"Orichalcum":27,"Empty Cage":19,"Mercury Hourglass":22,"SlaversCollar":10,"Centennial Puzzle":5,"Lizard Tail":24,"Mummified Hand":13,"DollysMirror":21,"Red Mask":18,"Cracked Core":0,"Unceasing Top":8,"InkBottle":16},{"Potion Belt":59,"Bottled Tornado":15,"Orichalcum":133,"Empty Cage":86,"Mercury Hourglass":102,"SlaversCollar":33,"Centennial Puzzle":15,"Lizard Tail":112,"Mummified Hand":50,"DollysMirror":94,"Red Mask":76,"Cracked Core":0,"Unceasing Top":25,"InkBottle":66}],"Unceasing Top":[37],"InkBottle":[40],"Mercury Hourglass":[168]},"card_choices":[{"not_picked":["Undo","Turbo","Reprogram"],"picked":"SKIP","floor":1},{"not_picked":["Beam Cell","Capacitor"],"picked":"Sweeping Beam","floor":2},{"not_picked":["Rip and Tear","Hologram"],"picked":"Go for the Eyes","floor":4},{"not_picked":["Stack","Barrage"],"picked":"Rainbow","floor":5},{"not_picked":["Barrage","Blizzard"],"picked":"Loop","floor":6},{"not_picked":["White Noise","Hello World"],"picked":"Steam","floor":11},{"not_picked":["Hologram","Heatsinks","Cold Snap"],"picked":"SKIP","floor":12},{"not_picked":["Rebound","Hologram"],"picked":"Genetic Algorithm","floor":13},{"not_picked":["Storm","Hello World","Conserve Battery"],"picked":"SKIP","floor":14},{"not_picked":["Core Surge","Thunder Strike"],"picked":"Machine Learning","floor":16},{"not_picked":["Aggregate","Recycle"],"picked":"Chaos","floor":18},{"not_picked":["Rebound","Heatsinks"],"picked":"Redo","floor":20},{"not_picked":["Heatsinks+1","Ball Lightning"],"picked":"Cold Snap","floor":21},{"not_picked":["Barrage","Force Field"],"picked":"Leap+1","floor":24},{"not_picked":["Rip and Tear+1","Thunder Strike","Cold Snap"],"picked":"SKIP","floor":25},{"not_picked":["Scrape","Undo","Double Energy"],"picked":"SKIP","floor":28},{"not_picked":["FTL","Heatsinks+1"],"picked":"Defragment","floor":29},{"not_picked":["Core Surge","Biased Cognition"],"picked":"Creative AI","floor":33},{"not_picked":["Hologram+1","Ball Lightning","Coolheaded+1"],"picked":"SKIP","floor":35},{"not_picked":["Streamline","Ball Lightning","Go for the Eyes"],"picked":"SKIP","floor":36},{"not_picked":["Trip","Madness"],"picked":"Panache","floor":39},{"not_picked":["Rip and Tear+1","Streamline+1","Darkness"],"picked":"SKIP","floor":41},{"not_picked":["Scrape","Gash+1","Steam+1"],"picked":"SKIP","floor":45},{"not_picked":["Doom and Gloom","Gash+1","Beam Cell+1"],"picked":"SKIP","floor":47},{"not_picked":["Rebound+1","Turbo","Sweeping Beam"],"picked":"SKIP","floor":48},{"not_picked":["Turbo+1","Go for the Eyes+1"],"picked":"Steam+1","floor":54}],"player_experience":148461,"relics_obtained":[{"floor":6,"key":"Centennial Puzzle"},{"floor":9,"key":"Bottled Tornado"},{"floor":13,"key":"Unceasing Top"},{"floor":26,"key":"Potion Belt"},{"floor":28,"key":"InkBottle"},{"floor":31,"key":"Red Mask"},{"floor":41,"key":"Mercury Hourglass"},{"floor":47,"key":"Lizard Tail"},{"floor":54,"key":"Orichalcum"}],"event_choices":[{"damage_healed":0,"gold_gain":0,"player_choice":"Bought 2 Potions","damage_taken":0,"max_hp_gain":0,"max_hp_loss":0,"event_name":"The Woman in Blue","floor":3,"gold_loss":0},{"damage_healed":0,"gold_gain":100,"player_choice":"Pray","damage_taken":0,"max_hp_gain":0,"max_hp_loss":0,"event_name":"Golden Shrine","floor":7,"gold_loss":0},{"damage_healed":0,"gold_gain":0,"player_choice":"Read","damage_taken":0,"max_hp_gain":0,"max_hp_loss":0,"event_name":"The Library","floor":19,"gold_loss":0,"cards_obtained":["Static Discharge"]},{"damage_healed":0,"gold_gain":0,"player_choice":"Simplicity","damage_taken":0,"max_hp_gain":0,"max_hp_loss":0,"event_name":"Back to Basics","floor":27,"gold_loss":0,"cards_upgraded":["Strike_B","Strike_B","Strike_B","Defend_B","Defend_B","Defend_B","Defend_B"]},{"damage_healed":0,"gold_gain":0,"player_choice":"Fought Bandits","damage_taken":0,"max_hp_gain":0,"max_hp_loss":0,"event_name":"Masked Bandits","floor":31,"gold_loss":0},{"damage_healed":0,"gold_gain":222,"player_choice":"Wore Mask","damage_taken":0,"max_hp_gain":0,"max_hp_loss":0,"event_name":"Tomb of Lord Red Mask","floor":38,"gold_loss":0},{"damage_healed":0,"gold_gain":0,"player_choice":"Memory 1","damage_taken":0,"max_hp_gain":0,"max_hp_loss":0,"event_name":"SensoryStone","floor":39,"gold_loss":0},{"cards_removed":["Strike_B"],"damage_healed":0,"gold_gain":0,"player_choice":"Removed Attack","damage_taken":0,"max_hp_gain":0,"max_hp_loss":0,"event_name":"Falling","floor":44,"gold_loss":0}],"is_beta":false,"boss_relics":[{"not_picked":["FrozenCore","Velvet Choker"],"picked":"SlaversCollar"},{"not_picked":["Runic Dome","Runic Pyramid"],"picked":"Empty Cage"}],"items_purged_floors":[22,37],"is_endless":false,"potions_floor_spawned":[1,2,6,12,14,21,24,25,48,54],"ascension_level":1}}