{"host":"neeznpvpgo0qgfkd","time":1612201194,"event":{"mods":["AchievementEnabler","BaseMod","BetterRewards","Colored Map","Colored Powertips","Exacting","Minty Spire (QoL Compilation)","Permanent Neow","Quick Restart","Shop Mod"],"gold_per_floor":[125,151,186,186,199,199,249,249,249,278,289,439,439,464,464,568,568,584,584,600,600,600,633,650,676,676,709,709,762,762,466,466,543,543,554,567,567,585,625,659,659,693,766,779,779,825,825,825],"floor_reached":47,"language":"ENG","playtime":2116,"items_purged":["Writhe"],"score":1318,"play_id":"48f00659-3a86-4089-ae38-83a8d0645192","local_time":"20210201123954","is_ascension_mode":true,"campfire_choices":[{"data":"1","floor":6.0,"key":"LIFT"},{"data":"2","floor":8.0,"key":"LIFT"},{"data":"3","floor":15.0,"key":"LIFT"},{"floor":28.0,"key":"RECALL"},{"data":"Infinite Blades","floor":32.0,"key":"SMITH"},{"floor":41.0,"key":"REST"},{"floor":45,"key":"REST"}],"circlet_count":0,"master_deck":["AscendersBane","Strike_G","Strike_G","Strike_G","Strike_G","Strike_G","Defend_G","Defend_G","Defend_G","Defend_G","Defend_G","Survivor","Neutralize","Infinite Blades+1","Footwork","Panache","Well Laid Plans","Dagger Spray","Dash","Backstab","Infinite Blades","Prepared","Flying Knee","Escape Plan","A Thousand Cuts","Doppelganger+1","Finisher","Blur+1","Dagger Spray","Dagger Spray","Noxious Fumes","Riddle With Holes","Thinking Ahead+1","Corpse Explosion+1","Accuracy","Dodge and Roll+1","Burst+1","Riddle With Holes"],"relics":["Ring of the Snake","Membership Card","Pocketwatch","Ninja Scroll","Girya","Shuriken","Blood Vial","TwistedFunnel","MerchantsRug","Art of War","Lizard Tail","Mummified Hand","TungstenRod","Toxic Egg 2","Sundial","Sozu","Singing Bowl","Toy Ornithopter","Bottled Lightning","Vajra","Bronze Scales","Snake Skull","SacredBark","Torii","Pen Nib","Happy Flower","Gremlin Horn","Thread and Needle"],"acts_visited":["Exordium","TheCity","TheBeyond"],"potions_floor_usage":[],"damage_taken":[{"damage":8.0,"enemies":"Small Slimes","floor":1.0,"turns":2.0},{"damage":0.0,"enemies":"Jaw Worm","floor":2.0,"turns":4.0},{"damage":0.0,"enemies":"Cultist","floor":3.0,"turns":3.0},{"damage":0.0,"enemies":"2 Fungi Beasts","floor":5.0,"turns":1.0},{"damage":20.0,"enemies":"Lagavulin","floor":7.0,"turns":4.0},{"damage":0.0,"enemies":"Gremlin Nob","floor":10.0,"turns":2.0},{"damage":0.0,"enemies":"3 Louse","floor":11.0,"turns":1.0},{"damage":2.0,"enemies":"3 Sentries","floor":14.0,"turns":3.0},{"damage":24.0,"enemies":"Slime Boss","floor":16.0,"turns":5.0},{"damage":0.0,"enemies":"3 Byrds","floor":18.0,"turns":3.0},{"damage":0.0,"enemies":"Spheric Guardian","floor":20.0,"turns":1.0},{"damage":4.0,"enemies":"Slavers","floor":23.0,"turns":3.0},{"damage":0.0,"enemies":"Chosen and Byrds","floor":24.0,"turns":2.0},{"damage":0.0,"enemies":"Gremlin Leader","floor":25.0,"turns":2.0},{"damage":10.0,"enemies":"Slavers","floor":27.0,"turns":2.0},{"damage":17.0,"enemies":"Automaton","floor":33.0,"turns":5.0},{"damage":0.0,"enemies":"Orb Walker","floor":35.0,"turns":1.0},{"damage":11.0,"enemies":"3 Shapes","floor":36.0,"turns":1.0},{"damage":11.0,"enemies":"Spire Growth","floor":38.0,"turns":3.0},{"damage":0.0,"enemies":"Mind Bloom Boss Battle","floor":39.0,"turns":3.0},{"damage":75.0,"enemies":"Nemesis","floor":40.0,"turns":5.0},{"damage":27,"enemies":"Reptomancer","floor":42,"turns":3},{"damage":0,"enemies":"Maw","floor":44,"turns":4},{"damage":31,"enemies":"2 Orb Walkers","floor":46,"turns":3},{"damage":60,"enemies":"Nemesis","floor":47,"turns":4}],"seed_played":"-696831946599631383","potions_obtained":[{"floor":5.0,"key":"SpeedPotion"},{"floor":10.0,"key":"Poison Potion"},{"floor":14.0,"key":"BlessingOfTheForge"}],"is_trial":false,"path_per_floor":["M","M","M","?","M","R","E","R","T","E","M","?","?","E","R","B",null,"M","?","M","?","?","E","M","E","T","E","R","T","?","$","R","B",null,"M","M","?","M","?","E","R","E","T","M","R","?","E"],"character_chosen":"THE_SILENT","items_purchased":["Membership Card","Ninja Scroll","Infinite Blades","Shuriken","Footwork","Panache","Blood Vial","TwistedFunnel","MerchantsRug","Well Laid Plans","Snake Skull","Noxious Fumes","Riddle With Holes","Thinking Ahead+1"],"campfire_rested":2,"item_purchase_floors":[0,0,0,0,0,0,0,0,0,0,31,31,31,31],"current_hp_per_floor":[58,60,62,62,64,64,46,46,46,48,50,50,41,50,50,28,57,59,59,61,61,61,61,63,67,67,59,59,59,59,59,59,44,64,68,59,59,50,54,48,70,45,45,49,71,44,0,0],"gold":825,"neow_bonus":"","is_daily":false,"chose_seed":false,"campfire_upgraded":1,"win_rate":0.0,"timestamp":1612201194,"path_taken":["M","M","M","?","M","R","E","R","T","E","M","?","?","E","R","BOSS","M","?","?","?","?","E","M","E","T","E","R","?","?","$","R","BOSS","M","M","?","?","?","E","R","E","T","M","R","?","E"],"items_purchased_type":["Relic","Relic","Card","Relic","Card","Card","Relic","Relic","Relic","Card","Relic","Card","Card","Card"],"build_version":"2020-12-22","purchased_purges":1,"victory":false,"max_hp_per_floor":[66,66,66,66,66,66,66,66,66,66,66,66,66,66,66,66,66,66,66,66,66,66,68,68,70,70,70,70,70,70,70,70,70,70,72,72,72,72,74,74,74,74,74,76,76,78,78,78],"card_choices":[{"not_picked":["All Out Attack","Riddle With Holes"],"picked":"Dagger Spray","floor":1.0},{"not_picked":["Sucker Punch","All Out Attack"],"picked":"Dash","floor":2.0},{"not_picked":["Blade Dance","Acrobatics"],"picked":"Backstab","floor":3.0},{"not_picked":["Poisoned Stab","Eviscerate"],"picked":"Infinite Blades","floor":5.0},{"not_picked":["Eviscerate","Sucker Punch"],"picked":"Prepared","floor":7.0},{"not_picked":["Sucker Punch","Blur"],"picked":"Flying Knee","floor":10.0},{"not_picked":["Sucker Punch","Prepared"],"picked":"Escape Plan","floor":11.0},{"not_picked":["Cloak And Dagger+1","Flechettes"],"picked":"A Thousand Cuts","floor":14.0},{"not_picked":["Wraith Form v2","Grand Finale"],"picked":"Doppelganger+1","floor":16.0},{"not_picked":["PiercingWail+1","Backstab"],"picked":"Finisher","floor":18.0},{"not_picked":["Catalyst+1","Prepared+1"],"picked":"Blur+1","floor":20.0},{"not_picked":["Well Laid Plans","Acrobatics+1","Sucker Punch"],"picked":"Singing Bowl","floor":23.0},{"not_picked":["Backstab","Crippling Poison+1"],"picked":"Dagger Spray","floor":24.0},{"not_picked":["PiercingWail+1","Eviscerate","Skewer"],"picked":"Singing Bowl","floor":25.0},{"not_picked":["Prepared+1","Quick Slash"],"picked":"Dagger Spray","floor":27.0},{"not_picked":["Wraith Form v2","Venomology+1"],"picked":"Corpse Explosion+1","floor":33.0},{"not_picked":["Bane+1","Crippling Poison+1","Slice"],"picked":"Singing Bowl","floor":35.0},{"not_picked":["PiercingWail+1","Caltrops+1"],"picked":"Accuracy","floor":36.0},{"not_picked":["Distraction+1","Acrobatics+1"],"picked":"Dodge and Roll+1","floor":38.0},{"not_picked":["Quick Slash","Backflip+1","Bane"],"picked":"Singing Bowl","floor":39.0},{"not_picked":["Deadly Poison+1","Deflect+1"],"picked":"Burst+1","floor":40.0},{"not_picked":["Expertise+1","Quick Slash"],"picked":"Riddle With Holes","floor":42},{"not_picked":["Dagger Throw","All Out Attack+1","Concentrate+1"],"picked":"Singing Bowl","floor":44},{"not_picked":["Deadly Poison+1","Noxious Fumes","Escape Plan+1"],"picked":"Singing Bowl","floor":46}],"player_experience":1968393,"relics_obtained":[{"floor":7.0,"key":"Lizard Tail"},{"floor":9.0,"key":"Mummified Hand"},{"floor":10.0,"key":"TungstenRod"},{"floor":14.0,"key":"Sundial"},{"floor":23.0,"key":"Toy Ornithopter"},{"floor":25.0,"key":"Bottled Lightning"},{"floor":27.0,"key":"Vajra"},{"floor":29.0,"key":"Bronze Scales"},{"floor":39.0,"key":"Torii"},{"floor":40.0,"key":"Pen Nib"},{"floor":42,"key":"Happy Flower"},{"floor":43,"key":"Gremlin Horn"},{"floor":46,"key":"Thread and Needle"}],"event_choices":[{"damage_healed":0.0,"max_hp_gain":0.0,"max_hp_loss":0.0,"gold_gain":0.0,"event_name":"Big Fish","player_choice":"Box","floor":4.0,"gold_loss":0.0,"damage_taken":0.0,"relics_obtained":["Art of War"],"cards_obtained":["Regret"]},{"damage_healed":0.0,"max_hp_gain":0.0,"max_hp_loss":0.0,"gold_gain":150.0,"event_name":"Liars Game","player_choice":"AGREE","floor":12.0,"gold_loss":0.0,"damage_taken":0.0,"cards_obtained":["Doubt"]},{"damage_healed":0.0,"max_hp_gain":0.0,"max_hp_loss":0.0,"gold_gain":0.0,"event_name":"Scrap Ooze","player_choice":"Success","floor":13.0,"gold_loss":0.0,"damage_taken":11.0,"relics_obtained":["Toxic Egg 2"]},{"cards_removed":["Regret"],"damage_healed":0.0,"max_hp_gain":0.0,"max_hp_loss":0.0,"gold_gain":0.0,"event_name":"Purifier","player_choice":"Purged","floor":19.0,"gold_loss":0.0,"damage_taken":0.0},{"damage_healed":0.0,"max_hp_gain":0.0,"max_hp_loss":0.0,"gold_gain":0.0,"event_name":"The Mausoleum","player_choice":"Opened","floor":21.0,"gold_loss":0.0,"damage_taken":0.0,"relics_obtained":["Singing Bowl"],"cards_obtained":["Writhe"]},{"cards_removed":["Doubt"],"damage_healed":0.0,"max_hp_gain":0.0,"max_hp_loss":0.0,"gold_gain":0.0,"event_name":"Back to Basics","player_choice":"Elegance","floor":22.0,"gold_loss":0.0,"damage_taken":0.0},{"damage_healed":0.0,"max_hp_gain":0.0,"max_hp_loss":0.0,"gold_gain":0.0,"event_name":"Ghosts","player_choice":"Ignored","floor":30.0,"gold_loss":0.0,"damage_taken":0.0},{"damage_healed":0.0,"max_hp_gain":0.0,"max_hp_loss":0.0,"gold_gain":0.0,"event_name":"Lab","player_choice":"Got Potions","floor":37.0,"gold_loss":0.0,"damage_taken":0.0},{"damage_healed":0.0,"max_hp_gain":0.0,"max_hp_loss":0.0,"gold_gain":0.0,"event_name":"MindBloom","player_choice":"Fight","floor":39.0,"gold_loss":0.0,"damage_taken":0.0},{"damage_healed":0,"gold_gain":0,"player_choice":"Fight","damage_taken":0,"max_hp_gain":0,"max_hp_loss":0,"event_name":"Mysterious Sphere","floor":46,"gold_loss":0}],"is_beta":false,"boss_relics":[{"not_picked":["Ectoplasm","Astrolabe"],"picked":"Sozu"},{"not_picked":["Philosopher\u0027s Stone","Pandora\u0027s Box"],"picked":"SacredBark"}],"items_purged_floors":[31],"is_endless":false,"potions_floor_spawned":[5,10,14,18,23,36,39,42],"killed_by":"Nemesis","ascension_level":20}}