{"host":"c6u7e77myxvw4d0m","time":1612163880,"event":{"mods":["AchievementEnabler","BaseMod","Bestiary","Colored Map","Colored Powertips","Minty Spire (QoL Compilation)","Rare Cards Sparkle","Relic Stats","everything is the same but u backflip on backflip"],"gold_per_floor":[12,31,43,59,124,157,157,190,190,203,48,48,83,106,106,179,179,197,214,139,139,162,195,209,237,237,4,4,20,52,71,71,150,150,162,162,162,162,174,174,174],"floor_reached":40,"language":"ENG","playtime":8031,"items_purged":["Strike_R"],"score":905,"play_id":"a2526d37-5e4b-4715-a6b7-99634d57c94e","local_time":"20210201091800","is_ascension_mode":true,"campfire_choices":[{"data":"Immolate","floor":7,"key":"SMITH"},{"data":"Rupture","floor":12,"key":"SMITH"},{"data":"Hemokinesis","floor":15,"key":"SMITH"},{"floor":28,"key":"REST"},{"floor":32,"key":"REST"}],"circlet_count":0,"master_deck":["AscendersBane","Strike_R","Strike_R","Strike_R","Defend_R","Defend_R","Defend_R","Defend_R","Bash","Immolate+1","Shrug It Off","Iron Wave","Rupture+1","Cleave","Pommel Strike","Anger","Clothesline","Hemokinesis+1","Thunderclap","Entrench+1","Offering+1","Power Through+1","Seeing Red+1","True Grit+1","Power Through+1","Sentinel+1","Body Slam","Headbutt","Ghostly Armor+1","Fire Breathing+1","Impervious+1","Warcry+1"],"relics":["Burning Blood","Bronze Scales","Tiny Chest","Anchor","Toxic Egg 2","Odd Mushroom","Fusion Hammer","Omamori","Du-Vu Doll","Vajra","MawBank","Sundial","Calling Bell","Strawberry","Darkstone Periapt","Bird Faced Urn","Letter Opener"],"acts_visited":["Exordium","TheCity","TheBeyond"],"potions_floor_usage":[6,8,8,8,13,16,23,23,29,30,31,33,40],"damage_taken":[{"damage":7,"enemies":"Jaw Worm","floor":1,"turns":2},{"damage":2,"enemies":"2 Louse","floor":2,"turns":3},{"damage":0,"enemies":"Cultist","floor":3,"turns":3},{"damage":2,"enemies":"Lots of Slimes","floor":4,"turns":2},{"damage":35,"enemies":"Lagavulin","floor":6,"turns":7},{"damage":14,"enemies":"Gremlin Nob","floor":8,"turns":3},{"damage":0,"enemies":"2 Fungi Beasts","floor":10,"turns":3},{"damage":33,"enemies":"Lagavulin","floor":13,"turns":6},{"damage":0,"enemies":"The Mushroom Lair","floor":14,"turns":1},{"damage":17,"enemies":"Hexaghost","floor":16,"turns":8},{"damage":8,"enemies":"Shell Parasite","floor":18,"turns":2},{"damage":12,"enemies":"Spheric Guardian","floor":19,"turns":4},{"damage":6,"enemies":"Gremlin Leader","floor":23,"turns":3},{"damage":14,"enemies":"Centurion and Healer","floor":24,"turns":6},{"damage":23,"enemies":"Book of Stabbing","floor":25,"turns":6},{"damage":6,"enemies":"Shelled Parasite and Fungi","floor":29,"turns":3},{"damage":7,"enemies":"Slavers","floor":30,"turns":2},{"damage":6,"enemies":"Snecko","floor":31,"turns":3},{"damage":65,"enemies":"Collector","floor":33,"turns":10},{"damage":15,"enemies":"3 Shapes","floor":35,"turns":6},{"damage":9,"enemies":"Orb Walker","floor":39,"turns":3},{"damage":103,"enemies":"Giant Head","floor":40,"turns":9}],"seed_played":"-4120195891244634695","potions_obtained":[{"floor":4,"key":"SteroidPotion"},{"floor":6,"key":"EntropicBrew"},{"floor":8,"key":"SpeedPotion"},{"floor":10,"key":"SkillPotion"},{"floor":13,"key":"Strength Potion"},{"floor":18,"key":"SneckoOil"},{"floor":31,"key":"DistilledChaos"},{"floor":33,"key":"HeartOfIron"}],"is_trial":false,"path_per_floor":["M","M","M","M","?","E","R","E","T","M","$","R","E","?","R","B",null,"M","M","?","?","T","E","M","E","T","$","R","M","E","M","R","B",null,"M","?","?","T","M","E"],"character_chosen":"IRONCLAD","items_purchased":["Hemokinesis","Sentinel+1","EntropicBrew","Body Slam"],"campfire_rested":2,"item_purchase_floors":[11,27,27,27],"current_hp_per_floor":[67,71,75,75,75,46,46,38,38,44,44,44,17,23,23,12,59,57,51,51,51,51,51,43,26,26,26,48,48,47,47,69,10,66,61,61,61,61,60,0,0],"gold":174,"neow_bonus":"THREE_RARE_CARDS","is_daily":false,"chose_seed":false,"campfire_upgraded":3,"win_rate":0.0,"timestamp":1612163880,"path_taken":["M","M","M","M","?","E","R","E","T","M","$","R","E","?","R","BOSS","M","M","?","?","?","E","M","E","T","?","R","M","E","M","R","BOSS","M","?","?","?","M","E"],"items_purchased_type":["Card","Card","Potion","Card"],"build_version":"2020-12-22","purchased_purges":1,"victory":false,"max_hp_per_floor":[75,75,75,75,75,75,75,75,75,75,75,75,75,75,75,75,75,75,75,75,75,75,75,75,75,75,75,75,75,75,75,75,75,82,82,82,82,82,82,82,82],"relic_stats":{"Darkstone Periapt":0,"counters":[22,95],"Sundial":[0],"Bronze Scales":[202],"Bird Faced Urn":[10],"Tiny Chest":2,"Letter Opener":[15],"MawBank":12,"obtain_stats":[{"Darkstone Periapt":34,"Vajra":25,"Omamori":22,"Letter Opener":38,"Odd Mushroom":14,"MawBank":26,"Burning Blood":0,"Du-Vu Doll":23,"Calling Bell":34,"Anchor":9,"Sundial":30,"Bronze Scales":6,"Strawberry":34,"Bird Faced Urn":34,"Tiny Chest":8,"Fusion Hammer":17,"Toxic Egg 2":13},{"Darkstone Periapt":19,"Vajra":15,"Omamori":12,"Letter Opener":20,"Odd Mushroom":9,"MawBank":15,"Burning Blood":0,"Du-Vu Doll":13,"Calling Bell":19,"Anchor":6,"Sundial":17,"Bronze Scales":5,"Strawberry":19,"Bird Faced Urn":19,"Tiny Chest":6,"Fusion Hammer":10,"Toxic Egg 2":8},{"Darkstone Periapt":77,"Vajra":59,"Omamori":44,"Letter Opener":83,"Odd Mushroom":30,"MawBank":59,"Burning Blood":0,"Du-Vu Doll":47,"Calling Bell":77,"Anchor":20,"Sundial":64,"Bronze Scales":17,"Strawberry":77,"Bird Faced Urn":77,"Tiny Chest":20,"Fusion Hammer":38,"Toxic Egg 2":29}],"Burning Blood":120},"card_choices":[{"not_picked":["Bludgeon","Double Tap"],"picked":"Immolate","floor":0},{"not_picked":["Heavy Blade","Sentinel"],"picked":"Shrug It Off","floor":1},{"not_picked":["Sever Soul","Havoc"],"picked":"Iron Wave","floor":2},{"not_picked":["Armaments","Warcry"],"picked":"Rupture","floor":3},{"not_picked":["Sever Soul","Clash"],"picked":"Cleave","floor":4},{"not_picked":["Armaments","Exhume"],"picked":"Pommel Strike","floor":6},{"not_picked":["Body Slam","True Grit"],"picked":"Anger","floor":8},{"not_picked":["Clash","Pommel Strike"],"picked":"Clothesline","floor":10},{"not_picked":["Heavy Blade","Anger"],"picked":"Thunderclap","floor":13},{"not_picked":["Rampage","Cleave"],"picked":"Entrench+1","floor":14},{"not_picked":["Immolate","Double Tap+1"],"picked":"Offering+1","floor":16},{"not_picked":["Havoc+1","Flex+1"],"picked":"Power Through+1","floor":18},{"not_picked":["Infernal Blade+1","Hemokinesis"],"picked":"Seeing Red+1","floor":19},{"not_picked":["Searing Blow","Hemokinesis"],"picked":"Power Through+1","floor":23},{"not_picked":["Sever Soul","Sword Boomerang","Wild Strike"],"picked":"SKIP","floor":24},{"not_picked":["Combust","Anger+1","Seeing Red+1"],"picked":"SKIP","floor":25},{"not_picked":["Pommel Strike","Anger"],"picked":"Headbutt","floor":29},{"not_picked":["Dropkick","Sever Soul"],"picked":"Ghostly Armor+1","floor":30},{"not_picked":["Flex+1","Headbutt"],"picked":"Fire Breathing","floor":31},{"not_picked":["Feed","Juggernaut"],"picked":"Impervious+1","floor":33},{"not_picked":["Reckless Charge","Havoc+1","Anger"],"picked":"SKIP","floor":35},{"not_picked":["Perfected Strike","Clash+1"],"picked":"Warcry+1","floor":39}],"player_experience":586152,"relics_obtained":[{"floor":6,"key":"Bronze Scales"},{"floor":8,"key":"Tiny Chest"},{"floor":9,"key":"Anchor"},{"floor":13,"key":"Toxic Egg 2"},{"floor":14,"key":"Odd Mushroom"},{"floor":22,"key":"Omamori"},{"floor":23,"key":"Du-Vu Doll"},{"floor":25,"key":"Vajra"},{"floor":26,"key":"MawBank"},{"floor":30,"key":"Sundial"},{"floor":34,"key":"Strawberry"},{"floor":34,"key":"Darkstone Periapt"},{"floor":34,"key":"Bird Faced Urn"},{"floor":38,"key":"Letter Opener"}],"event_choices":[{"damage_healed":0,"gold_gain":65,"player_choice":"Gained Gold","damage_taken":0,"max_hp_gain":0,"max_hp_loss":0,"event_name":"Golden Wing","floor":5,"gold_loss":0},{"damage_healed":0,"gold_gain":0,"player_choice":"Fought Mushrooms","damage_taken":0,"max_hp_gain":0,"max_hp_loss":0,"event_name":"Mushrooms","floor":14,"gold_loss":0},{"cards_removed":["Strike_R"],"damage_healed":0,"gold_gain":0,"player_choice":"Gave Gold","damage_taken":0,"max_hp_gain":0,"max_hp_loss":0,"event_name":"Beggar","floor":20,"gold_loss":75},{"damage_healed":0,"gold_gain":0,"player_choice":"Read","damage_taken":0,"max_hp_gain":0,"max_hp_loss":0,"event_name":"The Library","floor":21,"gold_loss":0,"cards_obtained":["True Grit"]},{"damage_healed":0,"gold_gain":0,"player_choice":"Ignored","damage_taken":0,"max_hp_gain":0,"max_hp_loss":0,"event_name":"Tomb of Lord Red Mask","floor":36,"gold_loss":0},{"damage_healed":0,"gold_gain":0,"player_choice":"Forge","damage_taken":0,"max_hp_gain":0,"max_hp_loss":0,"event_name":"Accursed Blacksmith","floor":37,"gold_loss":0,"cards_upgraded":["Fire Breathing"]}],"is_beta":false,"boss_relics":[{"not_picked":["Tiny House","Coffee Dripper"],"picked":"Fusion Hammer"},{"not_picked":["Runic Pyramid","Empty Cage"],"picked":"Calling Bell"}],"items_purged_floors":[11],"is_endless":false,"potions_floor_spawned":[4,6,8,10,13,18,29,31,33],"killed_by":"Giant Head","ascension_level":17}}