{"host":"s21r9c1cdih2g0le","time":1612177618,"event":{"mods":["Aspiration","BaseMod","BetterRewards","Colored Map","Conspire","Downfall","Energized Spire","Friendly Minions","GifTheSpireLib","Hubris","Infinite Spire","Ironclad Rager","Jorbs\u0027s Wanderer Trilogy","Mimic Mod","Minty Spire (QoL Compilation)","Replay The Spire","StSLib","Stuff the Spire","SuperFastMode","The Mystic","Wandering Minibosses"],"gold_per_floor":[0,18,18,3,19,44,80,109,9,43,43,43,53,53,65,168,168,68,87,101,117,129,148,148,176,194,94,94,144,159,159,176,281,281,281,297,311,326,336,370,404,404,432,432,448,448,461,495,505,505,505],"floor_reached":50,"language":"ENG","playtime":4434,"items_purged":[],"score":658,"play_id":"4089da32-b63f-49f8-8762-0029ff3d2956","local_time":"20210201120658","is_ascension_mode":true,"campfire_choices":[{"floor":1,"key":"RECALL"},{"floor":9,"key":"REST"},{"floor":12,"key":"REST"},{"floor":18,"key":"REST"},{"floor":27,"key":"REST"},{"floor":35,"key":"REST"},{"floor":42,"key":"REST"}],"circlet_count":0,"master_deck":["mysticmod:Strike_Mystic","mysticmod:Strike_Mystic","mysticmod:Strike_Mystic","mysticmod:Strike_Mystic","mysticmod:Defend_Mystic","mysticmod:Defend_Mystic","mysticmod:Defend_Mystic","mysticmod:Defend_Mystic","mysticmod:ArcaneDodge","mysticmod:ShockingGrasp","mysticmod:ComboCaster+1","mysticmod:PowerSlash","mysticmod:MirrorStrike+1","mysticmod:ArcaneAccuracy","mysticmod:Lunge","mysticmod:Probe+1","mysticmod:PowerSlash","mysticmod:PowerSlash+1","mysticmod:Daze+1","mysticmod:ComboCaster+1","mysticmod:Momentum+1","Amnesia","mysticmod:PowerSlash+1","hubris:Gluttony","mysticmod:Haste+1","mysticmod:MightyMagic+1","mysticmod:Daze+1","hubris:Compulsion","mysticmod:Dedication","mysticmod:MightyMagic","mysticmod:Riposte","mysticmod:Momentum+1","mysticmod:PowerAttack+1","mysticmod:Snowball"],"relics":["mysticmod:BlessedBook","WarpedTongs","Replay:Bottled Eggs","StuffTheSpire:NeowsTribute","downfall:HeartBlessingBlue","infinitespire:Satchel","Fusion Hammer","downfall:HeartBlessingRed","ReplayTheSpireMod:Shallot","Gremlin Food","wanderingMiniBosses:Inkheart","downfall:HeartBlessingGreen","Ring of Greed","Ring of Fury","Golden Egg","Replay:Wax Seal","Darkstone Periapt","infinitespire:Lychee Nut","Dream Catcher","hubris:AstralHammer"],"acts_visited":["Exordium","TheCity","TheBeyond"],"potions_floor_usage":[6,10,16,16,20,23,25,33,38,50],"damage_taken":[{"damage":1,"enemies":"Cultist","floor":2,"turns":3},{"damage":12,"enemies":"downfall:FleeingMerchant","floor":4,"turns":4},{"damage":17,"enemies":"infinitespire:Voidling","floor":5,"turns":6},{"damage":23,"enemies":"Gremlin Nob","floor":6,"turns":5},{"damage":13,"enemies":"2 Louse","floor":7,"turns":10},{"damage":14,"enemies":"Lagavulin","floor":8,"turns":7},{"damage":19,"enemies":"3 Sentries","floor":10,"turns":8},{"damage":0,"enemies":"2 Louse","floor":13,"turns":1},{"damage":0,"enemies":"2 Fungi Beasts","floor":15,"turns":3},{"damage":27,"enemies":"WA_ARCHETYPE_RETAIN","floor":16,"turns":8},{"damage":11,"enemies":"conspire:FuzzyDice","floor":19,"turns":7},{"damage":8,"enemies":"Spheric Guardian","floor":20,"turns":5},{"damage":14,"enemies":"Snecko","floor":21,"turns":5},{"damage":23,"enemies":"conspire:HollyBat","floor":22,"turns":7},{"damage":6,"enemies":"Cultist and Chosen","floor":23,"turns":4},{"damage":8,"enemies":"Slavers","floor":25,"turns":6},{"damage":9,"enemies":"Sentry and Sphere","floor":26,"turns":6},{"damage":7,"enemies":"Chosen and Byrds","floor":30,"turns":5},{"damage":0,"enemies":"Snecko","floor":32,"turns":2},{"damage":17,"enemies":"SI_MIRROR_ARCHETYPE","floor":33,"turns":7},{"damage":2,"enemies":"3 Shapes","floor":36,"turns":4},{"damage":15,"enemies":"Orb Walker","floor":37,"turns":4},{"damage":1,"enemies":"Sphere and 2 Shapes","floor":38,"turns":5},{"damage":32,"enemies":"Writhing Mass","floor":39,"turns":5},{"damage":24,"enemies":"Reptomancer","floor":40,"turns":5},{"damage":4,"enemies":"4 Shapes","floor":41,"turns":7},{"damage":0,"enemies":"Nemesis","floor":43,"turns":5},{"damage":9,"enemies":"4 Shapes","floor":45,"turns":5},{"damage":0,"enemies":"Sphere and 2 Shapes","floor":47,"turns":3},{"damage":2,"enemies":"R_Hoarder","floor":48,"turns":5},{"damage":16,"enemies":"Jaw Worm Horde","floor":49,"turns":4},{"damage":62,"enemies":"IC_BLOCK_ARCHETYPE","floor":50,"turns":12}],"seed_played":"-5525002191235426274","potions_obtained":[{"floor":5,"key":"Block Potion"},{"floor":8,"key":"LiquidBronze"},{"floor":10,"key":"Elixir"},{"floor":13,"key":"SteroidPotion"},{"floor":15,"key":"Fire Potion"},{"floor":19,"key":"Adrenaline Potion"},{"floor":20,"key":"DistilledChaos"},{"floor":23,"key":"SkillPotion"},{"floor":25,"key":"Doom Potion"},{"floor":30,"key":"Weak Potion"},{"floor":36,"key":"mysticmod:EssenceOfMagic"},{"floor":40,"key":"hexamod:SoulburnPotion"}],"is_trial":false,"path_per_floor":["R","M","?","$","M","E","MIM","E","R","E","?","R","M","?","M","B",null,"R","M","M","M","M","M","T","E","M","R","?","?","M","?","M","B",null,"R","M","M","M","M","E","MIM","R","E","?","M","?","M","E","M","B"],"character_chosen":"MYSTIC_CLASS","items_purchased":[],"campfire_rested":6,"item_purchase_floors":[],"current_hp_per_floor":[91,90,90,78,68,45,32,18,58,39,39,69,69,69,69,42,101,101,90,82,68,45,39,39,31,22,52,52,52,45,78,78,61,101,101,99,84,83,51,27,29,53,59,59,56,56,61,65,55,0,0],"gold":505,"neow_bonus":"TWENTY_PERCENT_HP_BONUS","is_daily":false,"chose_seed":false,"campfire_upgraded":0,"win_rate":0.0,"timestamp":1612177618,"path_taken":["R","M","?","$","M","E","MIM","E","R","E","?","R","M","?","M","BOSS","R","M","M","M","M","M","T","E","M","R","?","?","M","?","M","BOSS","R","M","M","M","M","E","MIM","R","E","?","M","?","?","E","M","BOSS"],"items_purchased_type":[],"build_version":"2020-12-22","purchased_purges":0,"victory":false,"max_hp_per_floor":[91,91,91,91,91,91,91,91,101,101,101,101,101,101,101,101,101,101,101,101,101,101,101,101,101,101,101,101,101,101,101,101,101,101,101,101,101,101,101,101,80,80,80,80,80,80,80,80,80,80,80],"card_choices":[{"not_picked":["mysticmod:Shield","mysticmod:LightningBolt"],"picked":"mysticmod:ComboCaster","floor":2},{"not_picked":["mysticmod:Grapple","mysticmod:StyleChange","mysticmod:Sideswipe"],"picked":"SKIP","floor":4},{"not_picked":["mysticmod:Sideswipe","mysticmod:Disengage"],"picked":"mysticmod:PowerSlash","floor":5},{"not_picked":["mysticmod:Grease","mysticmod:IllusionOfCalm","mysticmod:PureInstinct"],"picked":"SKIP","floor":6},{"not_picked":["mysticmod:GreaterInvisibility","mysticmod:SpellCombat"],"picked":"mysticmod:MirrorStrike","floor":8},{"not_picked":["mysticmod:DiviningBlow","mysticmod:KnowledgePool","mysticmod:LightningBolt"],"picked":"SKIP","floor":10},{"not_picked":["mysticmod:Alacrity","mysticmod:HeavyStrike","mysticmod:BulkUp"],"picked":"SKIP","floor":13},{"not_picked":["mysticmod:MirrorStrike","mysticmod:Shield"],"picked":"mysticmod:ArcaneAccuracy","floor":15},{"not_picked":["mysticmod:MysticalShield","mysticmod:ObscuringMist"],"picked":"mysticmod:Lunge","floor":16},{"not_picked":["mysticmod:PowerSlash","mysticmod:Sideswipe"],"picked":"mysticmod:Probe+1","floor":19},{"not_picked":["mysticmod:PureInstinct","mysticmod:Disengage"],"picked":"mysticmod:PowerSlash","floor":20},{"not_picked":["mysticmod:HeavyStrike","mysticmod:ComponentsPouch"],"picked":"mysticmod:PowerSlash","floor":21},{"not_picked":["mysticmod:Fly","mysticmod:Shield"],"picked":"mysticmod:Daze+1","floor":22},{"not_picked":["mysticmod:Daze+1","mysticmod:Alacrity"],"picked":"mysticmod:ComboCaster","floor":23},{"not_picked":["mysticmod:SuddenClarity","mysticmod:IllusionOfCalm","mysticmod:BulkUp"],"picked":"SKIP","floor":25},{"not_picked":["mysticmod:ChargedParry+1","mysticmod:EbbAndFlow"],"picked":"mysticmod:Momentum","floor":26},{"not_picked":["mysticmod:ComponentsPouch","mysticmod:BulkUp"],"picked":"mysticmod:PowerSlash+1","floor":30},{"not_picked":["mysticmod:AllIn","mysticmod:EarthenWall","mysticmod:Fly+1"],"picked":"SKIP","floor":32},{"not_picked":["mysticmod:Disintegrate","mysticmod:ObscuringMist"],"picked":"mysticmod:Haste","floor":33},{"not_picked":["mysticmod:Disengage","mysticmod:PureInstinct","mysticmod:HeavyStrike+1"],"picked":"SKIP","floor":36},{"not_picked":["mysticmod:PureInstinct","mysticmod:ComponentsPouch+1","mysticmod:Fly+1"],"picked":"SKIP","floor":37},{"not_picked":["mysticmod:Disengage","mysticmod:HeavyStrike+1"],"picked":"mysticmod:MightyMagic+1","floor":38},{"not_picked":["mysticmod:Alacrity","mysticmod:LightningBolt+1"],"picked":"mysticmod:Daze","floor":39},{"not_picked":["mysticmod:MysticalShield","mysticmod:BulkUp+1","mysticmod:TomeOfSpells"],"picked":"SKIP","floor":40},{"not_picked":["mysticmod:Sideswipe+1","mysticmod:StyleChange"],"picked":"mysticmod:Dedication","floor":41},{"not_picked":["mysticmod:Disintegrate","mysticmod:Feint+1"],"picked":"mysticmod:MightyMagic","floor":43},{"not_picked":["mysticmod:PowerSlash","mysticmod:FloatingDisk+1"],"picked":"mysticmod:Riposte","floor":45},{"not_picked":["mysticmod:AllIn+1","mysticmod:Grapple+1","mysticmod:Sideswipe+1"],"picked":"SKIP","floor":47},{"not_picked":["mysticmod:TomeOfSpells+1","mysticmod:LightningBolt"],"picked":"mysticmod:PowerAttack+1","floor":48},{"not_picked":["mysticmod:PowerSlash+1","mysticmod:Alacrity+1"],"picked":"mysticmod:Snowball","floor":49}],"player_experience":328473,"relics_obtained":[{"floor":6,"key":"Replay:Bottled Eggs"},{"floor":8,"key":"StuffTheSpire:NeowsTribute"},{"floor":10,"key":"infinitespire:Satchel"},{"floor":24,"key":"ReplayTheSpireMod:Shallot"},{"floor":25,"key":"Gremlin Food"},{"floor":26,"key":"wanderingMiniBosses:Inkheart"},{"floor":29,"key":"Ring of Greed"},{"floor":29,"key":"Ring of Fury"},{"floor":29,"key":"Golden Egg"},{"floor":29,"key":"Replay:Wax Seal"},{"floor":40,"key":"Darkstone Periapt"},{"floor":41,"key":"infinitespire:Lychee Nut"},{"floor":43,"key":"Dream Catcher"},{"floor":48,"key":"hubris:AstralHammer"}],"event_choices":[{"damage_healed":0,"gold_gain":0,"player_choice":"Rummage","damage_taken":0,"relics_obtained":["WarpedTongs"],"max_hp_gain":0,"max_hp_loss":0,"event_name":"Accursed Blacksmith","floor":3,"gold_loss":0,"cards_obtained":["Pain"]},{"cards_removed":["Pain"],"damage_healed":0,"gold_gain":0,"player_choice":"Card Removal","damage_taken":0,"max_hp_gain":0,"max_hp_loss":0,"event_name":"The Cleric","floor":11,"gold_loss":0},{"damage_healed":33,"gold_gain":0,"player_choice":"Heal","damage_taken":0,"max_hp_gain":0,"max_hp_loss":0,"event_name":"The Library","floor":31,"gold_loss":0}],"is_beta":false,"boss_relics":[{"not_picked":["hubris:Backtick","Velvet Choker"],"picked":"Fusion Hammer"},{"not_picked":["StuffTheSpire:ModemDavis","hubris:CrackedHourglass"],"picked":"mysticmod:BlessedBook"}],"items_purged_floors":[],"is_endless":false,"potions_floor_spawned":[5,8,10,13,15,19,20,23,25,30,36,40,43,48,49],"killed_by":"IC_BLOCK_ARCHETYPE","ascension_level":1}}