{"host":"z42sc0n2dozsmk72","time":1612145720,"event":{"mods":["AchievementEnabler","BaseMod","Better Third Choice","Colored Map","Curses Come First","Highlight Path","Minty Spire (QoL Compilation)","Permanent Neow","Quick Restart","Relic Stats","Shop Mod","StSLib","egg","slay the spire mod where everything is the same but ironclad has a cowboy hat"],"gold_per_floor":[112,37,56,76,7,7,41,58,58,72,72,82,97,97,97],"floor_reached":14,"language":"ENG","playtime":649,"items_purged":["Parasite"],"score":108,"play_id":"4998537b-132e-4669-be47-f335d6ed21e8","local_time":"20210201151520","is_ascension_mode":true,"campfire_choices":[{"data":"Fusion","floor":6.0,"key":"SMITH"},{"data":"Capacitor","floor":11.0,"key":"SMITH"}],"circlet_count":0,"master_deck":["Strike_B","Strike_B","Strike_B","Strike_B","Defend_B","Defend_B","Defend_B","Defend_B","Zap","Dualcast","Core Surge","Ball Lightning","Fusion+1","Capacitor+1","Coolheaded","Barrage"],"relics":["Cracked Core","Singing Bowl"],"acts_visited":["Exordium"],"potions_floor_usage":[14,14],"damage_taken":[{"damage":3.0,"enemies":"Jaw Worm","floor":1.0,"turns":4.0},{"damage":0.0,"enemies":"Cultist","floor":3.0,"turns":2.0},{"damage":3.0,"enemies":"2 Louse","floor":4.0,"turns":2.0},{"damage":26.0,"enemies":"Gremlin Nob","floor":7.0,"turns":4.0},{"damage":8.0,"enemies":"Large Slime","floor":8.0,"turns":7.0},{"damage":12.0,"enemies":"Blue Slaver","floor":10.0,"turns":4.0},{"damage":7.0,"enemies":"2 Fungi Beasts","floor":12.0,"turns":3.0},{"damage":15.0,"enemies":"3 Louse","floor":13.0,"turns":3.0},{"damage":8,"enemies":"Lagavulin","floor":14,"turns":4}],"seed_played":"8527049049960231658","potions_obtained":[{"floor":1.0,"key":"PowerPotion"},{"floor":8.0,"key":"SteroidPotion"},{"floor":13.0,"key":"SkillPotion"}],"is_trial":false,"path_per_floor":["M","$","M","M","$","R","E","M","T","M","R","M","M","E"],"character_chosen":"DEFECT","items_purchased":["Capacitor"],"campfire_rested":0,"item_purchase_floors":[5],"current_hp_per_floor":[72,72,72,69,69,69,43,37,37,27,27,20,7,0,0],"gold":97,"neow_bonus":"THREE_RARE_CARDS","is_daily":false,"chose_seed":false,"campfire_upgraded":2,"win_rate":0.0,"timestamp":1612145720,"path_taken":["M","$","M","M","$","R","E","M","T","M","R","M","M","E"],"items_purchased_type":["Card"],"build_version":"2020-12-22","purchased_purges":1,"victory":false,"max_hp_per_floor":[75,72,72,72,72,72,72,74,74,76,76,76,78,78,78],"relic_stats":{"Singing Bowl":6,"counters":[9,33],"obtain_stats":[{"Singing Bowl":7,"Cracked Core":0},{"Singing Bowl":4,"Cracked Core":0},{"Singing Bowl":12,"Cracked Core":0}]},"card_choices":[{"not_picked":["Reboot","Rainbow"],"picked":"Core Surge","floor":0.0},{"not_picked":["Steam Power","Streamline","Sweeping Beam"],"picked":"SKIP","floor":1.0},{"not_picked":["Heatsinks","Compile Driver","Ball Lightning"],"picked":"SKIP","floor":3.0},{"not_picked":["Heatsinks","Compile Driver"],"picked":"Ball Lightning","floor":3.0},{"not_picked":["Leap","BootSequence"],"picked":"Fusion","floor":4.0},{"not_picked":["Lockon","Turbo"],"picked":"Coolheaded","floor":7.0},{"not_picked":["Redo","Cold Snap","Stack"],"picked":"Singing Bowl","floor":8.0},{"not_picked":["Ball Lightning","Reprogram","Loop"],"picked":"Singing Bowl","floor":10.0},{"not_picked":["Rip and Tear","Beam Cell"],"picked":"Barrage","floor":12.0},{"not_picked":["Ball Lightning","Gash","Aggregate"],"picked":"Singing Bowl","floor":13.0}],"player_experience":891453,"relics_obtained":[{"floor":7.0,"key":"Singing Bowl"}],"event_choices":[],"is_beta":false,"boss_relics":[],"items_purged_floors":[2],"is_endless":false,"potions_floor_spawned":[1,8,13],"killed_by":"Lagavulin","ascension_level":3}}