{"host":"p7cjtxxrilhp4dw7","time":1612145992,"event":{"mods":["BaseMod","Block Reminder","Colored Map","Curses Come First","Highlight Path","Minty Spire (QoL Compilation)","Replay The Spire","StSLib","The Hierophant"],"gold_per_floor":[111,168,194,194,44,73,73,108,161,194,45,45,59,79,79,79,79],"floor_reached":16,"language":"ENG","playtime":370,"items_purged":[],"score":257,"play_id":"b9e6dbc7-4e7a-4d91-8c04-a3174120c93a","local_time":"20210131191952","is_ascension_mode":true,"campfire_choices":[{"data":"Distraction","floor":12,"key":"SMITH"},{"floor":15,"key":"RECALL"}],"circlet_count":0,"master_deck":["AscendersBane","Strike_G","Strike_G","Strike_G","Strike_G","Defend_G","Defend_G","Defend_G+1","Defend_G+1","Defend_G","Survivor","Neutralize","Distraction+1","Skewer","ReplayTheSpireMod:Scrap Shanks","Backstab","All Out Attack","Bouncing Flask","Catalyst"],"relics":["Ring of the Snake","NeowsBlessing","Iron Hammer","Blood Vial","War Paint","Art of War","Paper Crane","Happy Flower","MealTicket","Strawberry"],"acts_visited":["Exordium"],"potions_floor_usage":[10],"damage_taken":[{"damage":0,"enemies":"Small Slimes","floor":1,"turns":1},{"damage":0,"enemies":"Lagavulin","floor":6,"turns":1},{"damage":0,"enemies":"3 Sentries","floor":8,"turns":1},{"damage":16,"enemies":"Lagavulin","floor":10,"turns":5},{"damage":0,"enemies":"Jaw Worm","floor":13,"turns":1},{"damage":0,"enemies":"2 Louse","floor":14,"turns":1},{"damage":0,"enemies":"Slime Boss","floor":16,"turns":1}],"seed_played":"-5526095404226398946","potions_obtained":[{"floor":1,"key":"SpeedPotion"},{"floor":2,"key":"PowerPotion"},{"floor":10,"key":"Poison Potion"},{"floor":13,"key":"GamblersBrew"}],"is_trial":false,"path_per_floor":["M","?","T","?","$","E","?","E","T","E","$","R","M","M","R","B"],"character_chosen":"THE_SILENT","items_purchased":["War Paint","Strawberry"],"campfire_rested":0,"item_purchase_floors":[5,11],"current_hp_per_floor":[63,46,46,51,51,53,53,55,55,41,63,63,65,67,67,69,69],"gold":79,"neow_bonus":"THREE_ENEMY_KILL","is_daily":false,"chose_seed":false,"campfire_upgraded":1,"win_rate":0.0,"timestamp":1612145992,"path_taken":["M","?","?","?","$","E","?","E","T","E","$","R","M","?","R","BOSS"],"items_purchased_type":["Relic","Relic"],"build_version":"2020-12-22","purchased_purges":0,"victory":false,"max_hp_per_floor":[70,70,70,75,75,75,75,75,75,75,82,82,82,82,82,82,82],"card_choices":[{"not_picked":["Riddle With Holes","Finisher"],"picked":"Distraction","floor":1},{"not_picked":["PiercingWail","Underhanded Strike"],"picked":"Skewer","floor":2},{"not_picked":["Endless Agony","Sucker Punch"],"picked":"ReplayTheSpireMod:Scrap Shanks","floor":6},{"not_picked":["Bane","Deadly Poison"],"picked":"Backstab","floor":8},{"not_picked":["Outmaneuver","ReplayTheSpireMod:The Works"],"picked":"All Out Attack","floor":10},{"not_picked":["Eviscerate","PiercingWail"],"picked":"Bouncing Flask","floor":13},{"not_picked":["Slice","Flying Knee"],"picked":"Catalyst","floor":14}],"player_experience":604119,"relics_obtained":[{"floor":2,"key":"Iron Hammer"},{"floor":3,"key":"Blood Vial"},{"floor":6,"key":"Art of War"},{"floor":8,"key":"Paper Crane"},{"floor":9,"key":"Happy Flower"},{"floor":10,"key":"MealTicket"}],"event_choices":[{"damage_healed":0,"gold_gain":0,"player_choice":"Donut","damage_taken":0,"max_hp_gain":5,"max_hp_loss":0,"event_name":"Big Fish","floor":4,"gold_loss":0},{"cards_removed":["Strike_G"],"damage_healed":0,"gold_gain":0,"player_choice":"Purged","damage_taken":0,"max_hp_gain":0,"max_hp_loss":0,"event_name":"Purifier","floor":7,"gold_loss":0}],"is_beta":false,"boss_relics":[],"items_purged_floors":[],"is_endless":false,"potions_floor_spawned":[1,6,10,13],"killed_by":"Slime Boss","ascension_level":11}}