{"host":"t4ahr8360jjehcuv","time":1612138178,"event":{"mods":["BaseMod","Colored Map","DeckTracker","Highlight Path","Keyboard Shortcuts","Minty Spire (QoL Compilation)","Permanent Neow","Quick Restart","SuperFastMode","everything is the same but u backflip on backflip"],"gold_per_floor":[15,31,42,62,74,74,101,201,225,225,225],"floor_reached":10,"language":"KOR","playtime":382,"items_purged":[],"score":77,"play_id":"e6f7e4f2-d7da-4312-a349-5ab8ca03539c","local_time":"20210201090938","is_ascension_mode":true,"campfire_choices":[{"data":"Neutralize","floor":6,"key":"SMITH"}],"circlet_count":0,"master_deck":["Strike_G","Strike_G","Strike_G","Defend_G","Defend_G","Defend_G","Defend_G","Defend_G","Survivor","Neutralize+1","After Image","Adrenaline","Dagger Spray","Terror","Backflip","Accuracy","Dodge and Roll"],"relics":["Ring of the Snake","Eternal Feather","Ancient Tea Set"],"acts_visited":["Exordium"],"potions_floor_usage":[],"damage_taken":[{"damage":0.0,"enemies":"Cultist","floor":1.0,"turns":5.0},{"damage":0.0,"enemies":"2 Louse","floor":2.0,"turns":4.0},{"damage":1.0,"enemies":"Jaw Worm","floor":3.0,"turns":3.0},{"damage":0.0,"enemies":"Large Slime","floor":4.0,"turns":7.0},{"damage":9,"enemies":"Gremlin Gang","floor":5,"turns":4},{"damage":21,"enemies":"Lagavulin","floor":7,"turns":10},{"damage":0,"enemies":"3 Sentries","floor":10,"turns":1}],"seed_played":"-5884682035813426002","potions_obtained":[{"floor":5,"key":"LiquidMemories"},{"floor":7,"key":"Strength Potion"}],"is_trial":false,"path_per_floor":["M","M","M","M","M","R","E","?","T","E"],"character_chosen":"THE_SILENT","items_purchased":[],"campfire_rested":0,"item_purchase_floors":[],"current_hp_per_floor":[70,70,69,69,60,60,39,39,39,39,39],"gold":225,"neow_bonus":"TRANSFORM_TWO_CARDS","is_daily":false,"chose_seed":false,"campfire_upgraded":1,"win_rate":0.0,"timestamp":1612138178,"path_taken":["M","M","M","M","M","R","E","?","T","E"],"items_purchased_type":[],"build_version":"2020-12-22","purchased_purges":0,"victory":false,"max_hp_per_floor":[70,70,70,70,70,70,70,70,70,70,70],"card_choices":[{"not_picked":["Deflect","Cloak And Dagger"],"picked":"Dagger Spray","floor":1.0},{"not_picked":["Dagger Spray","Distraction"],"picked":"Terror","floor":2.0},{"not_picked":["Riddle With Holes","Tactician"],"picked":"Backflip","floor":3.0},{"not_picked":["Die Die Die","Prepared"],"picked":"Accuracy","floor":4.0},{"not_picked":["Underhanded Strike","Backflip"],"picked":"Dodge and Roll","floor":5},{"not_picked":["Poisoned Stab","Expertise","Predator"],"picked":"SKIP","floor":7}],"player_experience":55964,"relics_obtained":[{"floor":7,"key":"Eternal Feather"},{"floor":9,"key":"Ancient Tea Set"}],"event_choices":[{"damage_healed":0,"gold_gain":100,"player_choice":"Pray","damage_taken":0,"max_hp_gain":0,"max_hp_loss":0,"event_name":"Golden Shrine","floor":8,"gold_loss":0}],"is_beta":false,"boss_relics":[],"items_purged_floors":[],"is_endless":false,"potions_floor_spawned":[5,7],"killed_by":"3 Sentries","ascension_level":2}}