{"host":"sav7uxregyirlf69","time":1612172444,"event":{"mods":["AchievementEnabler","BaseMod","Colored Map","DeckTracker","Keyboard Shortcuts","Minty Spire (QoL Compilation)","READ ME - Guardian Mod","StSLib","SuperFastMode"],"gold_per_floor":[115,130,55,74,100,100,125,139,139,152,170,7,22,41,41,115,115,135,149,74,87,87,87,87],"floor_reached":23,"language":"KOR","playtime":533,"items_purged":["Strike_G"],"score":394,"play_id":"dc375aa4-068b-499c-a993-6adfce4d1b51","local_time":"20210201184044","is_ascension_mode":true,"campfire_choices":[{"data":"Apotheosis","floor":6,"key":"SMITH"},{"data":"Noxious Fumes","floor":15,"key":"SMITH"}],"circlet_count":0,"master_deck":["AscendersBane","Strike_G","Strike_G","Strike_G","Strike_G","Defend_G","Defend_G","Defend_G","Defend_G","Survivor","Neutralize","Apotheosis+1","Cloak And Dagger","Reflex","Prepared","Dagger Throw","Backflip","Terror","Caltrops","Blur","Noxious Fumes+1","Phantasmal Killer","Caltrops+1"],"relics":["Ring of the Snake","Toy Ornithopter","Mummified Hand","Runic Pyramid"],"acts_visited":["Exordium","TheCity"],"potions_floor_usage":[7,16],"damage_taken":[{"damage":0,"enemies":"Cultist","floor":1,"turns":5},{"damage":1,"enemies":"Jaw Worm","floor":2,"turns":5},{"damage":0,"enemies":"Small Slimes","floor":4,"turns":4},{"damage":11,"enemies":"Gremlin Nob","floor":7,"turns":3},{"damage":7,"enemies":"Gremlin Gang","floor":8,"turns":4},{"damage":1,"enemies":"Red Slaver","floor":10,"turns":3},{"damage":3,"enemies":"Looter","floor":11,"turns":3},{"damage":0,"enemies":"Large Slime","floor":13,"turns":5},{"damage":0,"enemies":"3 Louse","floor":14,"turns":3},{"damage":15,"enemies":"The Guardian","floor":16,"turns":9},{"damage":4,"enemies":"Spheric Guardian","floor":18,"turns":7},{"damage":14,"enemies":"2 Thieves","floor":19,"turns":4},{"damage":11,"enemies":"3 Cultists","floor":21,"turns":6},{"damage":28,"enemies":"Gremlin Leader","floor":23,"turns":3}],"seed_played":"-6806855418268817675","potions_obtained":[{"floor":2,"key":"FearPotion"},{"floor":8,"key":"FearPotion"},{"floor":10,"key":"Block Potion"},{"floor":11,"key":"SteroidPotion"}],"is_trial":false,"path_per_floor":["M","M","$","M","T","R","E","M","T","M","M","$","M","M","R","B",null,"M","M","?","M","?","E"],"character_chosen":"THE_SILENT","items_purchased":["Prepared","Dagger Throw","Caltrops"],"campfire_rested":0,"item_purchase_floors":[3,3,12],"current_hp_per_floor":[44,43,43,43,43,43,37,30,30,29,26,26,26,26,26,16,54,50,36,36,25,25,0,0],"gold":87,"neow_bonus":"RANDOM_COLORLESS_2","is_daily":false,"chose_seed":false,"campfire_upgraded":2,"win_rate":0.0,"timestamp":1612172444,"path_taken":["M","?","$","M","?","R","E","M","T","M","M","?","M","M","R","BOSS","M","?","?","M","?","E"],"items_purchased_type":["Card","Card","Card"],"build_version":"2020-12-22","purchased_purges":1,"victory":false,"max_hp_per_floor":[66,66,66,66,66,66,66,66,66,66,66,66,66,66,66,66,66,66,66,66,66,66,66,66],"card_choices":[{"not_picked":["Chrysalis","Secret Technique"],"picked":"Apotheosis","floor":0},{"not_picked":["Backstab","Outmaneuver"],"picked":"Cloak And Dagger","floor":1},{"not_picked":["Dodge and Roll","Deflect"],"picked":"Reflex","floor":2},{"not_picked":["Choke","Dagger Throw","Sucker Punch"],"picked":"SKIP","floor":4},{"not_picked":["Outmaneuver","Backstab"],"picked":"Backflip","floor":7},{"not_picked":["Bullet Time","Dagger Spray"],"picked":"Terror","floor":8},{"not_picked":["Dodge and Roll","Slice","Sucker Punch"],"picked":"SKIP","floor":10},{"not_picked":["Choke","Dagger Spray","PiercingWail"],"picked":"SKIP","floor":11},{"not_picked":["Dodge and Roll","Accuracy"],"picked":"Blur","floor":13},{"not_picked":["Dagger Spray","A Thousand Cuts"],"picked":"Noxious Fumes","floor":14},{"not_picked":["Die Die Die","Night Terror"],"picked":"Phantasmal Killer","floor":16},{"not_picked":["Escape Plan","Eviscerate"],"picked":"Caltrops+1","floor":18},{"not_picked":["Cloak And Dagger","Quick Slash","Prepared"],"picked":"SKIP","floor":19},{"not_picked":["All Out Attack","Catalyst","Sucker Punch"],"picked":"SKIP","floor":21}],"player_experience":1449638,"relics_obtained":[{"floor":5,"key":"Toy Ornithopter"},{"floor":9,"key":"Mummified Hand"}],"event_choices":[{"cards_removed":["Defend_G"],"damage_healed":0,"gold_gain":0,"player_choice":"Gave Gold","damage_taken":0,"max_hp_gain":0,"max_hp_loss":0,"event_name":"Beggar","floor":20,"gold_loss":75},{"damage_healed":0,"gold_gain":0,"player_choice":"0 cards matched","damage_taken":0,"max_hp_gain":0,"max_hp_loss":0,"event_name":"Match and Keep!","floor":22,"gold_loss":0,"cards_obtained":[]}],"is_beta":false,"boss_relics":[{"not_picked":["Coffee Dripper","SacredBark"],"picked":"Runic Pyramid"}],"items_purged_floors":[12],"is_endless":false,"potions_floor_spawned":[2,8,10,11,14],"killed_by":"Gremlin Leader","ascension_level":20}}