{"host":"17uzppmr1r5fe5jj","time":1612168205,"event":{"mods":["BaseMod","Colored Map","HololiveMod","Minty Spire (QoL Compilation)","Quick Restart","StSLib"],"gold_per_floor":[84,84,102,102,151,179,191,215,298,310,336,362,387,251,251,354,354,369,381,381,135,146,171,171,196,221,235,250,250,250,264,264,361,361,371,383,393,393,405,405,435,445,445,468,197,218,18,18,18,18],"floor_reached":51,"language":"ZHS","playtime":4024,"items_purged":["Hololive_Defend","Hololive_Strike","Hololive_ManjiGathering","Pain"],"score":975,"play_id":"ea0b8c33-ca0b-463d-bf54-2178debb6f70","local_time":"20210201163005","is_ascension_mode":false,"campfire_choices":[{"data":"Hololive_CallHoshimachiSuisei","floor":7.0,"key":"SMITH"},{"data":"Hololive_CallTokinoSora","floor":10.0,"key":"SMITH"},{"data":"Hololive_CallFriendA","floor":15.0,"key":"SMITH"},{"data":"Hololive_CallAZKi","floor":24.0,"key":"SMITH"},{"data":"Hololive_CallTsunomakiWatame","floor":29.0,"key":"SMITH"},{"data":"Hololive_CallAmaneKanata","floor":32.0,"key":"SMITH"},{"floor":40.0,"key":"REST"},{"floor":49,"key":"REST"}],"circlet_count":0,"master_deck":["Hololive_CallHoshimachiSuisei+1","Hololive_CallTokinoSora+1","Hololive_CallFriendA+1","Master of Strategy","Hololive_FlyingPonyTail","Hololive_CocoNews","Hololive_Rebound","Hololive_CallAZKi+1","Hololive_StarCraft","Hololive_Rebound+1","Hololive_CallYuzukiChoco+1","Hololive_CallAkaiHaato+1","Hololive_OvertimeWork+1","Hololive_CallAmaneKanata+1","Hololive_CallFriendA+1","Hololive_CallTsunomakiWatame+1","Hololive_DDD","Flash of Steel","Flash of Steel","Magnetism","Hololive_Psychosis+1","Hololive_CallSakuraMiko","Hololive_CallYozoraMel"],"relics":["Hololive_TheStar","Hololive_Chaos","FossilizedHelix","MawBank","Blue Candle","Astrolabe","Ancient Tea Set","Centennial Puzzle","Bronze Scales","Tiny Chest","WarpedTongs","Fusion Hammer","Boot","Pantograph","Happy Flower","Darkstone Periapt"],"acts_visited":["Exordium","TheCity","TheBeyond"],"potions_floor_usage":[50,50],"damage_taken":[{"damage":0.0,"enemies":"Jaw Worm","floor":1.0,"turns":2.0},{"damage":0.0,"enemies":"2 Louse","floor":3.0,"turns":2.0},{"damage":0.0,"enemies":"Cultist","floor":5.0,"turns":3.0},{"damage":0.0,"enemies":"3 Sentries","floor":6.0,"turns":3.0},{"damage":0.0,"enemies":"Looter","floor":8.0,"turns":1.0},{"damage":0.0,"enemies":"Lots of Slimes","floor":11.0,"turns":2.0},{"damage":0.0,"enemies":"2 Fungi Beasts","floor":12.0,"turns":3.0},{"damage":0.0,"enemies":"Exordium Thugs","floor":13.0,"turns":3.0},{"damage":0.0,"enemies":"Slime Boss","floor":16.0,"turns":3.0},{"damage":0.0,"enemies":"Chosen","floor":18.0,"turns":3.0},{"damage":0.0,"enemies":"2 Thieves","floor":19.0,"turns":2.0},{"damage":0.0,"enemies":"Centurion and Healer","floor":22.0,"turns":5.0},{"damage":0.0,"enemies":"Gremlin Leader","floor":23.0,"turns":3.0},{"damage":0.0,"enemies":"Slavers","floor":25.0,"turns":3.0},{"damage":0.0,"enemies":"3 Cultists","floor":27.0,"turns":4.0},{"damage":0.0,"enemies":"Shelled Parasite and Fungi","floor":28.0,"turns":2.0},{"damage":0.0,"enemies":"Centurion and Healer","floor":31.0,"turns":3.0},{"damage":0.0,"enemies":"Automaton","floor":33.0,"turns":6.0},{"damage":0.0,"enemies":"3 Darklings","floor":35.0,"turns":4.0},{"damage":0.0,"enemies":"Orb Walker","floor":36.0,"turns":2.0},{"damage":0.0,"enemies":"Jaw Worm Horde","floor":37.0,"turns":4.0},{"damage":0.0,"enemies":"Sphere and 2 Shapes","floor":39.0,"turns":3.0},{"damage":1.0,"enemies":"Reptomancer","floor":41.0,"turns":5.0},{"damage":0.0,"enemies":"Writhing Mass","floor":42.0,"turns":5.0},{"damage":13.0,"enemies":"Jaw Worm Horde","floor":44.0,"turns":4.0},{"damage":0.0,"enemies":"Sphere and 2 Shapes","floor":46.0,"turns":4.0},{"damage":0,"enemies":"Awakened One","floor":50,"turns":8}],"seed_played":"4528553033235158084","potions_obtained":[{"floor":3.0,"key":"SpeedPotion"},{"floor":5.0,"key":"Swift Potion"},{"floor":8.0,"key":"Strength Potion"},{"floor":12.0,"key":"SpeedPotion"},{"floor":20.0,"key":"BlessingOfTheForge"},{"floor":20.0,"key":"Energy Potion"},{"floor":22.0,"key":"Explosive Potion"},{"floor":23.0,"key":"EssenceOfSteel"},{"floor":25.0,"key":"PowerPotion"},{"floor":27.0,"key":"SkillPotion"},{"floor":37.0,"key":"Ancient Potion"},{"floor":44.0,"key":"Regen Potion"},{"floor":46.0,"key":"BlessingOfTheForge"}],"is_trial":false,"path_per_floor":["M","?","M","?","M","E","R","M","T","R","M","M","M","$","R","B",null,"M","M","?","$","M","E","R","E","T","M","M","R","?","M","R","B",null,"M","M","M","?","M","R","E","M","T","M","$","M","$","T","R","B",null],"character_chosen":"Hololive_HololiveCharacter","items_purchased":["LiquidMemories","Ancient Tea Set","Happy Flower","SpeedPotion"],"campfire_rested":2,"item_purchase_floors":[14,21,45,47],"current_hp_per_floor":[26,19,19,24,24,24,24,24,24,24,24,24,24,24,24,24,35,35,35,35,35,35,35,35,35,35,35,35,35,35,35,35,35,35,35,35,35,25,25,35,34,34,34,21,21,21,21,21,31,35],"gold":18,"neow_bonus":"RANDOM_COLORLESS_2","is_daily":false,"chose_seed":false,"campfire_upgraded":6,"win_rate":0.0,"timestamp":1612168205,"path_taken":["M","?","M","?","?","E","R","M","T","R","M","M","M","$","R","BOSS","M","M","?","$","?","E","R","E","T","M","M","R","?","?","R","BOSS","M","M","M","?","M","R","E","M","T","M","$","M","$","?","R","BOSS"],"items_purchased_type":["Potion","Relic","Relic","Potion"],"build_version":"2020-12-22","purchased_purges":4,"victory":true,"max_hp_per_floor":[35,35,35,35,35,35,35,35,35,35,35,35,35,35,35,35,35,35,35,35,35,35,35,35,35,35,35,35,35,35,35,35,35,35,35,35,35,35,35,35,35,35,35,35,35,35,35,35,35,35],"card_choices":[{"not_picked":["Chrysalis","Violence"],"picked":"Master of Strategy","floor":0.0},{"not_picked":["Hololive_Drill","Hololive_Psychosis","Hololive_HuntDinosaur"],"picked":"Hololive_FlyingPonyTail","floor":1.0},{"not_picked":["Hololive_StrengthChampion","Hololive_Drill","Hololive_CallTokinoSora"],"picked":"Hololive_CocoNews","floor":3.0},{"not_picked":["Hololive_CallMinatoAqua","Hololive_ScarfAndHalo","Hololive_CallSpadeEcho"],"picked":"Hololive_Rebound","floor":5.0},{"not_picked":["Hololive_CallNekomataOkayu","Hololive_ManjiGathering","Hololive_Rebound","Hololive_StrengthChampion"],"picked":"SKIP","floor":6.0},{"not_picked":["Hololive_Drill","Hololive_HuntDinosaur","Hololive_Psychosis"],"picked":"Hololive_CallAZKi","floor":8.0},{"not_picked":["Hololive_Rebound","Hololive_FlyingPonyTail","Hololive_CallTsunomakiWatame","Hololive_Psychosis"],"picked":"SKIP","floor":11.0},{"not_picked":["Hololive_FlyingPonyTail","Hololive_HuntDinosaur","Hololive_DiamondStrike","Hololive_CallCivia"],"picked":"SKIP","floor":12.0},{"not_picked":["Hololive_Psychosis","Hololive_Rebound","Hololive_CallAyundaRisu","Hololive_CallAiraniIofifteen"],"picked":"SKIP","floor":13.0},{"not_picked":["Hololive_Recruit","Hololive_ScarfAndHalo","Hololive_BeCareful"],"picked":"Hololive_StarCraft","floor":16.0},{"not_picked":["Hololive_CallShirakamiFubuki+1","Hololive_Psychosis","Hololive_HuntDinosaur"],"picked":"Hololive_OvertimeWork+1","floor":18.0},{"not_picked":["Hololive_HuntDinosaur","Hololive_StrengthChampion","Hololive_Breathe+1","Hololive_RevenueBasedLive"],"picked":"SKIP","floor":19.0},{"not_picked":["Hololive_HighAtkLowDef","Hololive_Drill","Hololive_Psychosis"],"picked":"Hololive_CallAmaneKanata","floor":22.0},{"not_picked":["Hololive_CallShishiroBotan","Hololive_StarCraft","Hololive_Drill+1"],"picked":"Hololive_CallFriendA+1","floor":23.0},{"not_picked":["Hololive_CallNatsuiroMatsuri","Hololive_Teleport","Hololive_Sequa"],"picked":"Hololive_CallTsunomakiWatame","floor":25.0},{"not_picked":["Hololive_Drill+1","Hololive_Trident","Hololive_Sequa","Hololive_HuntDinosaur"],"picked":"SKIP","floor":27.0},{"not_picked":["Hololive_CallHimemoriLuna","Hololive_RevenueBasedLive","Hololive_Teleport","Hololive_CallFriendA"],"picked":"SKIP","floor":28.0},{"not_picked":["Hololive_Breathe","Hololive_CallHoshimachiSuisei","Hololive_CallOzoraSubaru","Hololive_OvertimeWork"],"picked":"SKIP","floor":31.0},{"not_picked":["Hololive_DiamondStrike","Hololive_IdolExercise","Hololive_DurableLive"],"picked":"Hololive_DDD","floor":33.0},{"not_picked":["Hololive_Trident","Hololive_Rebound+1","Hololive_RevenueBasedLive","Hololive_CocoNews"],"picked":"SKIP","floor":35.0},{"not_picked":["Hololive_CallOmaruPolka+1","Hololive_Drill+1","Hololive_CallTokoyamiTowa","Hololive_OvertimeWork"],"picked":"SKIP","floor":36.0},{"not_picked":["Hololive_LuckPotion+1","Hololive_Trident+1","Hololive_CallMurasakiShion","Hololive_HuntDinosaur"],"picked":"SKIP","floor":37.0},{"not_picked":["Impatience","Bandage Up","Violence"],"picked":"Flash of Steel","floor":38.0},{"not_picked":["Master of Strategy","Violence","Panache"],"picked":"Flash of Steel","floor":38.0},{"not_picked":["PanicButton","Flash of Steel","Metamorphosis"],"picked":"Magnetism","floor":38.0},{"not_picked":["Hololive_LuckPotion+1","Hololive_OvertimeWork+1","Hololive_CallTokinoSora"],"picked":"Hololive_Psychosis+1","floor":39.0},{"not_picked":["Hololive_LuckPotion","Hololive_Trident+1","Hololive_SummonFox","Hololive_CallFriendA"],"picked":"SKIP","floor":41.0},{"not_picked":["Hololive_Drill","Hololive_CallInugamiKorone+1","Hololive_CallShirakamiFubuki+1"],"picked":"Hololive_CallSakuraMiko","floor":42.0},{"not_picked":["Hololive_StrengthChampion","Hololive_Breathe+1","Hololive_Drill"],"picked":"Hololive_CallYozoraMel","floor":44.0},{"not_picked":["Hololive_CallArtia","Hololive_CallAZKi+1","Hololive_CallMoonaHoshinova+1","Hololive_CallAiraniIofifteen+1"],"picked":"SKIP","floor":46.0}],"player_experience":254871,"relics_obtained":[{"floor":6.0,"key":"MawBank"},{"floor":9.0,"key":"Blue Candle"},{"floor":23.0,"key":"Centennial Puzzle"},{"floor":25.0,"key":"Bronze Scales"},{"floor":26.0,"key":"Tiny Chest"},{"floor":41.0,"key":"Boot"},{"floor":43.0,"key":"Pantograph"},{"floor":48,"key":"Darkstone Periapt"}],"event_choices":[{"damage_healed":0.0,"max_hp_gain":0.0,"max_hp_loss":0.0,"gold_gain":0.0,"event_name":"Scrap Ooze","player_choice":"Success","floor":2.0,"gold_loss":0.0,"damage_taken":7.0,"relics_obtained":["FossilizedHelix"]},{"cards_removed":["Hololive_Strike"],"damage_healed":5.0,"max_hp_gain":0.0,"max_hp_loss":0.0,"gold_gain":0.0,"event_name":"Bonfire Elementals","player_choice":"Offered Special","floor":4.0,"gold_loss":0.0,"damage_taken":0.0},{"damage_healed":0.0,"max_hp_gain":0.0,"max_hp_loss":0.0,"gold_gain":0.0,"event_name":"Lab","player_choice":"Got Potions","floor":20.0,"gold_loss":0.0,"damage_taken":0.0},{"damage_healed":0.0,"max_hp_gain":0.0,"max_hp_loss":0.0,"gold_gain":0.0,"event_name":"Accursed Blacksmith","player_choice":"Rummage","floor":30.0,"gold_loss":0.0,"damage_taken":0.0,"relics_obtained":["WarpedTongs"],"cards_obtained":["Pain"]},{"damage_healed":0.0,"max_hp_gain":0.0,"max_hp_loss":0.0,"gold_gain":0.0,"event_name":"SensoryStone","player_choice":"Memory 3","floor":38.0,"gold_loss":0.0,"damage_taken":10.0}],"is_beta":false,"boss_relics":[{"not_picked":["Tiny House","Calling Bell"],"picked":"Astrolabe"},{"not_picked":["Runic Pyramid","Coffee Dripper"],"picked":"Fusion Hammer"}],"items_purged_floors":[14,21,45,47],"is_endless":false,"potions_floor_spawned":[3,5,8,12,22,23,25,27,37,44,46],"ascension_level":0}}