{"host":"zwezhz46a5cjkxff","time":1612145078,"event":{"mods":["AchievementEnabler","BaseMod","Colored Map","Colored Powertips","DeckTracker","Hermit","Minty Spire (QoL Compilation)","Permanent Neow","Quick Restart","Rare Cards Sparkle","Relic Stats","Robot Space Explorer","StSLib","SuperFastMode","The Hierophant","The Servant 0.9.4","Weighted Paths","slay the spire mod where everything is the same but ironclad has a cowboy hat"],"gold_per_floor":[11,11,36,36,36,72,87,101,101,101,145,170,95,120,120,239,239,262,287,27,52,71,71,71],"floor_reached":23,"language":"ENG","playtime":1484,"items_purged":["Strike_P"],"score":278,"play_id":"302eaee9-d172-4611-b2ef-6908be20e46a","local_time":"20210131200438","is_ascension_mode":false,"campfire_choices":[{"floor":10,"key":"REST"},{"floor":15,"key":"REST"}],"circlet_count":0,"master_deck":["Strike_P","Strike_P","Defend_P","Defend_P","Eruption+1","Vigilance","Pray+1","Conclude","Tantrum","CutThroughFate","DeusExMachina","Study","Judgement","CurseOfTheBell","CutThroughFate+1"],"relics":["PureWater","Golden Idol","Bronze Scales","Damaru","Toy Ornithopter","Calling Bell","Vajra","Matryoshka","Prayer Wheel","Singing Bowl"],"acts_visited":["Exordium","TheCity"],"potions_floor_usage":[6,11,18,23],"damage_taken":[{"damage":0,"enemies":"Jaw Worm","floor":1,"turns":1},{"damage":36,"enemies":"Lagavulin","floor":6,"turns":7},{"damage":0,"enemies":"Small Slimes","floor":7,"turns":1},{"damage":0,"enemies":"2 Louse","floor":8,"turns":2},{"damage":0,"enemies":"Gremlin Nob","floor":11,"turns":2},{"damage":0,"enemies":"Blue Slaver","floor":12,"turns":1},{"damage":3,"enemies":"Large Slime","floor":14,"turns":2},{"damage":0,"enemies":"Slime Boss","floor":16,"turns":3},{"damage":10,"enemies":"3 Byrds","floor":18,"turns":2},{"damage":0,"enemies":"Spheric Guardian","floor":19,"turns":1},{"damage":10,"enemies":"Chosen and Byrds","floor":21,"turns":2},{"damage":43,"enemies":"Centurion and Healer","floor":22,"turns":3},{"damage":31,"enemies":"Gremlin Leader","floor":23,"turns":2}],"seed_played":"5111992181787178238","potions_obtained":[{"floor":1,"key":"Weak Potion"},{"floor":7,"key":"PowerPotion"},{"floor":8,"key":"Strength Potion"},{"floor":16,"key":"AttackPotion"},{"floor":21,"key":"Strength Potion"},{"floor":22,"key":"DuplicationPotion"}],"is_trial":false,"path_per_floor":["M","?","T","?","?","E","M","M","T","R","E","M","$","M","R","B",null,"M","M","$","M","M","E"],"character_chosen":"WATCHER","items_purchased":["Singing Bowl"],"campfire_rested":2,"item_purchase_floors":[20],"current_hp_per_floor":[72,54,54,40,40,4,4,4,4,25,25,25,25,22,43,43,72,62,62,62,56,17,0,0],"gold":71,"neow_bonus":"TRANSFORM_TWO_CARDS","is_daily":false,"chose_seed":false,"campfire_upgraded":0,"win_rate":0.0,"timestamp":1612145078,"path_taken":["M","?","?","?","?","E","M","?","T","R","E","M","$","M","R","BOSS","M","M","$","M","M","E"],"items_purchased_type":["Relic"],"build_version":"2020-12-22","purchased_purges":1,"victory":false,"max_hp_per_floor":[72,72,72,72,72,72,72,72,72,72,72,72,72,72,72,72,72,72,72,72,76,80,80,80],"relic_stats":{"Singing Bowl":8,"counters":[13,29],"Golden Idol":75,"Bronze Scales":[39],"Prayer Wheel":4,"obtain_stats":[{"Calling Bell":17,"Matryoshka":17,"Singing Bowl":20,"Golden Idol":2,"Bronze Scales":3,"Damaru":6,"Vajra":17,"Prayer Wheel":17,"PureWater":0,"Toy Ornithopter":11},{"Calling Bell":8,"Matryoshka":8,"Singing Bowl":10,"Golden Idol":1,"Bronze Scales":1,"Damaru":2,"Vajra":8,"Prayer Wheel":8,"PureWater":0,"Toy Ornithopter":5},{"Calling Bell":19,"Matryoshka":19,"Singing Bowl":22,"Golden Idol":1,"Bronze Scales":1,"Damaru":8,"Vajra":19,"Prayer Wheel":19,"PureWater":0,"Toy Ornithopter":13}],"Toy Ornithopter":5},"card_choices":[{"not_picked":["Vengeance","InnerPeace","Evaluate"],"picked":"SKIP","floor":1},{"not_picked":["Perseverance","Consecrate","FlyingSleeves"],"picked":"SKIP","floor":6},{"not_picked":["FearNoEvil","EmptyMind"],"picked":"Tantrum","floor":7},{"not_picked":["FlurryOfBlows","Prostrate"],"picked":"CutThroughFate","floor":8},{"not_picked":["CarveReality","BowlingBash"],"picked":"DeusExMachina","floor":11},{"not_picked":["FollowUp","FlurryOfBlows"],"picked":"Study","floor":12},{"not_picked":["Fasting2","Indignation","EmptyBody"],"picked":"SKIP","floor":14},{"not_picked":["MasterReality","ConjureBlade"],"picked":"Judgement","floor":16},{"not_picked":["FlyingSleeves","ReachHeaven+1"],"picked":"CutThroughFate+1","floor":18},{"not_picked":["SignatureMove","Evaluate+1","FlyingSleeves"],"picked":"SKIP","floor":18},{"not_picked":["EmptyFist","Crescendo","Weave"],"picked":"SKIP","floor":19},{"not_picked":["Weave","EmptyFist+1","CutThroughFate"],"picked":"SKIP","floor":19},{"not_picked":["WindmillStrike","Adaptation","MasterReality"],"picked":"Singing Bowl","floor":21},{"not_picked":["Halt","BowlingBash","Prostrate+1"],"picked":"Singing Bowl","floor":21},{"not_picked":["WreathOfFlame","ThirdEye","EmptyFist"],"picked":"Singing Bowl","floor":22},{"not_picked":["FlurryOfBlows","LikeWater","Consecrate"],"picked":"Singing Bowl","floor":22}],"player_experience":55689,"relics_obtained":[{"floor":3,"key":"Bronze Scales"},{"floor":6,"key":"Damaru"},{"floor":11,"key":"Toy Ornithopter"},{"floor":17,"key":"Vajra"},{"floor":17,"key":"Matryoshka"},{"floor":17,"key":"Prayer Wheel"}],"event_choices":[{"damage_healed":0,"gold_gain":0,"player_choice":"Take Damage","damage_taken":18,"relics_obtained":["Golden Idol"],"max_hp_gain":0,"max_hp_loss":0,"event_name":"Golden Idol","floor":2,"gold_loss":0},{"damage_healed":0,"gold_gain":0,"player_choice":"Entered Light","damage_taken":14,"max_hp_gain":0,"max_hp_loss":0,"event_name":"Shining Light","floor":4,"gold_loss":0,"cards_upgraded":["Eruption","Pray"]},{"cards_removed":["Defend_P"],"damage_healed":0,"gold_gain":0,"player_choice":"Forget","damage_taken":0,"max_hp_gain":0,"max_hp_loss":0,"event_name":"Living Wall","floor":5,"gold_loss":0}],"is_beta":false,"boss_relics":[{"not_picked":["Runic Pyramid","Busted Crown"],"picked":"Calling Bell"}],"items_purged_floors":[13],"is_endless":false,"potions_floor_spawned":[1,7,8,16,21,22],"killed_by":"Gremlin Leader","ascension_level":0}}