{"host":"clf2hd4adhiiw0zf","time":1612164960,"event":{"mods":["AchievementEnabler","BaseMod","Beaked The Cultist","Bestiary","Dark Map","Downfall","Gremlin Mod","Hermit","Jorbs\u0027s Wanderer Trilogy","Marisa????????","Minty Spire (QoL Compilation)","Shop Mod","StSLib","The Cursed","The Servant 0.9.4","Wide Potions"],"gold_per_floor":[99,118,136,136,136,36,86,186,197,212,250,259,293,322,341,452,452,452,452,479,479,183,208,208,115,142,196,205,205,205,205],"floor_reached":29,"language":"ENG","playtime":1139,"items_purged":["downfall:Malfunctioning"],"score":391,"play_id":"0b4851db-4db2-4d39-8139-cd64acfb99be","local_time":"20210201003600","is_ascension_mode":true,"campfire_choices":[{"floor":1,"key":"RECALL"},{"data":"sneckomod:UnknownColorless","floor":6,"key":"SMITH"},{"floor":18,"key":"DIG"}],"circlet_count":0,"master_deck":["sneckomod:Defend","sneckomod:Defend","sneckomod:Defend+1","sneckomod:TailWhip","sneckomod:SnekBite+1","sneckomod:Unknown+1","sneckomod:Unknown","sneckomod:UnknownColorless+1","sneckomod:UnknownExhaust","Regret","CurseOfTheBell","CurseOfTheBell","downfall:Aged","Injury","Shame","sneckomod:Mudshield","sneckomod:ImprovisedAttack","sneckomod:UnknownUncommonAttack","sneckomod:SoulExchange","sneckomod:UnknownDexterity","sneckomod:Memorize","sneckomod:UnknownCommonSkill","sneckomod:UnknownRareSkill+1","Slimebound:Tackle+1","Slimebound:Tackle+1","Slimebound:Tackle+1","sneckomod:UnknownClassTHE_CHAMP_GRAY","sneckomod:DangerNoodle","sneckomod:UnknownClassBEAKED_YELLOW+1","expansioncontent:PrepareCrush+1","sneckomod:GlitteringGambit","sneckomod:MorePower","Clumsy"],"relics":["sneckomod:SneckoSoul","Vajra","Blue Candle","PreservedInsect","downfall:HeartBlessingRed","Toy Ornithopter","downfall:ExtraCursedBell","Orichalcum","Pear","Shovel","CeramicFish","Nunchaku","SlaversCollar","Dream Catcher","bronze:BronzeIdol","Regal Pillow"],"acts_visited":["Exordium","TheCity"],"potions_floor_usage":[16,19,27],"damage_taken":[{"damage":7,"enemies":"Jaw Worm","floor":2,"turns":3},{"damage":9,"enemies":"2 Louse","floor":3,"turns":3},{"damage":15,"enemies":"Small Slimes","floor":9,"turns":4},{"damage":4,"enemies":"2 Fungi Beasts","floor":10,"turns":3},{"damage":21,"enemies":"Lagavulin","floor":11,"turns":7},{"damage":3,"enemies":"3 Sentries","floor":13,"turns":3},{"damage":0,"enemies":"Blue Slaver","floor":14,"turns":3},{"damage":13,"enemies":"Large Slime","floor":15,"turns":6},{"damage":36,"enemies":"SI_SHIV_ARCHETYPE","floor":16,"turns":9},{"damage":0,"enemies":"Shell Parasite","floor":19,"turns":1},{"damage":10,"enemies":"downfall:FleeingMerchant","floor":22,"turns":4},{"damage":22,"enemies":"Chosen","floor":23,"turns":5},{"damage":9,"enemies":"downfall:FleeingMerchant","floor":25,"turns":4},{"damage":21,"enemies":"Shelled Parasite and Fungi","floor":26,"turns":5},{"damage":41,"enemies":"Gremlin Leader","floor":27,"turns":8},{"damage":7,"enemies":"Snake Plant","floor":29,"turns":1}],"seed_played":"4266610909530715073","potions_obtained":[{"floor":9,"key":"Energy Potion"},{"floor":10,"key":"FearPotion"},{"floor":14,"key":"EssenceOfSteel"},{"floor":16,"key":"SmokeBomb"},{"floor":26,"key":"PowerPotion"},{"floor":27,"key":"Ancient Potion"}],"is_trial":false,"path_per_floor":["R","M","M","?","?","R","T","?","M","M","E","?","E","M","M","B",null,"R","M","?","?","$","M","T","$","M","E","?","M"],"character_chosen":"THE_SNECKO","items_purchased":["bronze:BronzeIdol","sneckomod:DangerNoodle","expansioncontent:PrepareCrush"],"campfire_rested":0,"item_purchase_floors":[22,22,25],"current_hp_per_floor":[90,83,74,74,67,67,67,82,73,69,48,48,45,45,32,31,105,105,105,105,105,95,73,73,64,43,7,7,0,0,0],"gold":205,"neow_bonus":"RANDOM_COMMON_RELIC","is_daily":false,"chose_seed":false,"campfire_upgraded":1,"win_rate":0.0,"timestamp":1612164960,"path_taken":["R","M","M","?","?","R","T","?","M","M","E","?","E","M","M","BOSS","R","M","?","?","$","M","T","$","M","E","?","M"],"items_purchased_type":["Relic","Card","Card"],"build_version":"2020-12-22","purchased_purges":1,"victory":false,"max_hp_per_floor":[90,90,90,90,90,90,90,105,105,105,105,105,105,105,105,105,105,105,105,105,105,105,105,105,105,105,105,105,105,105,105],"card_choices":[{"not_picked":["sneckomod:DiceBlock","sneckomod:DefensiveFlair"],"picked":"sneckomod:UnknownColorless","floor":2},{"not_picked":["sneckomod:PureSnecko","sneckomod:UnknownDraw"],"picked":"sneckomod:UnknownExhaust","floor":3},{"not_picked":["sneckomod:UnknownX","sneckomod:QuickMove"],"picked":"sneckomod:ImprovisedAttack","floor":9},{"not_picked":["sneckomod:RainOfDice","sneckomod:Nope"],"picked":"sneckomod:UnknownUncommonAttack","floor":10},{"not_picked":["sneckomod:DiceBlock","sneckomod:DiceCrush"],"picked":"sneckomod:SoulExchange","floor":11},{"not_picked":["sneckomod:RainOfDice","sneckomod:UnknownUncommonPower"],"picked":"sneckomod:UnknownDexterity","floor":13},{"not_picked":["sneckomod:UnknownDraw","sneckomod:Nope"],"picked":"sneckomod:Memorize","floor":14},{"not_picked":["sneckomod:DiceBlock","sneckomod:UnknownStrike"],"picked":"sneckomod:UnknownCommonSkill","floor":15},{"not_picked":["sneckomod:SoulExchange","sneckomod:UnknownRareAttack"],"picked":"sneckomod:UnknownRareSkill","floor":16},{"not_picked":["sneckomod:RainOfDice","sneckomod:SoulDraw"],"picked":"sneckomod:UnknownClassTHE_CHAMP_GRAY","floor":22},{"not_picked":["sneckomod:UnknownCommonAttack","sneckomod:SnekBeam+1"],"picked":"sneckomod:UnknownClassBEAKED_YELLOW+1","floor":23},{"not_picked":["sneckomod:Unknown0Cost","sneckomod:DiceBoulder","sneckomod:DiceCrush+1"],"picked":"SKIP","floor":25},{"not_picked":["sneckomod:RainOfDice+1","sneckomod:Unknown0Cost"],"picked":"sneckomod:GlitteringGambit","floor":26},{"not_picked":["sneckomod:UnknownCommonSkill+1","sneckomod:UnknownColorless+1"],"picked":"sneckomod:MorePower","floor":27}],"player_experience":168089,"relics_obtained":[{"floor":7,"key":"Toy Ornithopter"},{"floor":8,"key":"Orichalcum"},{"floor":8,"key":"Pear"},{"floor":8,"key":"Shovel"},{"floor":11,"key":"CeramicFish"},{"floor":13,"key":"Nunchaku"},{"floor":18,"key":"Dream Catcher"},{"floor":27,"key":"Regal Pillow"}],"event_choices":[{"damage_healed":0,"gold_gain":0,"player_choice":"Box","damage_taken":0,"relics_obtained":["Blue Candle"],"max_hp_gain":0,"max_hp_loss":0,"event_name":"Big Fish","floor":4,"gold_loss":0,"cards_obtained":["Regret"]},{"damage_healed":0,"gold_gain":0,"player_choice":"Success","damage_taken":7,"relics_obtained":["PreservedInsect"],"max_hp_gain":0,"max_hp_loss":0,"event_name":"Scrap Ooze","floor":5,"gold_loss":0},{"damage_healed":0,"gold_gain":0,"player_choice":"Ignored","damage_taken":0,"max_hp_gain":0,"max_hp_loss":0,"event_name":"Vampires","floor":21,"gold_loss":0}],"is_beta":false,"boss_relics":[{"not_picked":["Philosopher\u0027s Stone","sneckomod:SneckoBoss"],"picked":"SlaversCollar"}],"items_purged_floors":[22],"is_endless":false,"potions_floor_spawned":[9,10,14,15,16,19,26,27],"killed_by":"Snake Plant","ascension_level":1}}