{"host":"i4vlfbz13gs2xtdj","time":1612155425,"event":{"mods":["2.2 Compatiblity","AchievementEnabler","Act Like it!","Aspiration","BaseMod","Better Altar","Better Match","Better Note","Better Sensory Stone","Better Skull","Better Third Choice","BetterRewards","Colored Map","Elementarium","Energized Spire","Fox Events","Friendly Minions","GifTheSpireLib","Halation","Hubris","Infinite Spire","Jedi Mod","Minty Spire (QoL Compilation)","Pale of the Ancients","Potionbrewer","Replay The Spire","Shop Mod","Somnambulant","Spikes Relics","StSLib","Stuff the Spire","The Jungle","The Marked","The Sage","Trackpad"],"gold_per_floor":[109,28,28,28,28,53,71,71,71,71,90,118,118,150,150,249,249,249,249,264,264,281,311,311,339,408,408,408,439,469,469,469,580,580,583,583,601,601,501,501,501,501,501,501,501,501,41,56,56,157,157,170,170,188,196,190,190,212,242,242,242,571,460,52,78,78,178,178,191,191,191,15,15,39,39,21,45,70,70,70,966,966,1316,1327,1327,1439,1439,1455,1455,1465,1465,999,1019,1019,1027,1073,1075,1078,1070,1070,1110,1110,1204,1204,1197,1197],"floor_reached":105,"language":"ENG","playtime":5928,"items_purged":["StuffTheSpire:CuriosityCurse","Pain","Pain","potionbrewer:PotionbrewerDefend","potionbrewer:PotionbrewerStrike","Clumsy"],"score":2220,"play_id":"a2226f30-9382-49c5-8de5-741a0435adb2","local_time":"20210131235705","is_ascension_mode":true,"campfire_choices":[{"data":"potionbrewer:ExplosiveReaction","floor":8,"key":"SMITH"},{"data":"potionbrewer:BlindingMist","floor":15,"key":"SMITH"},{"floor":24,"key":"REST"},{"floor":32,"key":"REST"},{"data":"ReplayTheSpireMod:Chaos Vortex","floor":40,"key":"SMITH"},{"data":"infinitespire:Menacing","floor":42,"key":"SMITH"},{"data":"potionbrewer:RefinedProcess","floor":44,"key":"SMITH"},{"data":"potionbrewer:Catalyze","floor":49,"key":"SMITH"},{"data":"potionbrewer:ChemicalSpill","floor":57,"key":"SMITH"},{"data":"infinitespire:Collect","floor":66,"key":"SMITH"},{"data":"Thinking Ahead","floor":75,"key":"SMITH"},{"data":"Replay:Dark Deal","floor":82,"key":"SMITH"},{"data":"Flying Knee","floor":85,"key":"SMITH"},{"data":"Transmutation","floor":94,"key":"SMITH"},{"data":"Discovery","floor":100,"key":"SMITH"},{"data":"hubris:Envy","floor":102,"key":"PURGE"}],"circlet_count":0,"master_deck":["potionbrewer:PotionbrewerStrike","potionbrewer:PotionbrewerStrike","potionbrewer:Collect","Jack Of All Trades","potionbrewer:ExplosiveReaction+1","potionbrewer:Shovel","potionbrewer:TimeBomb","potionbrewer:QuickStep","potionbrewer:LeftoverSpecimen","potionbrewer:BlindingMist+1","potionbrewer:RefinedProcess+1","jedi:forcepull+1","ReplayTheSpireMod:Chaos Vortex+1","infinitespire:Menacing+1","potionbrewer:AlchemistForm","potionbrewer:FlashPowder+1","potionbrewer:Transmute","potionbrewer:Catalyze+1","potionbrewer:ResearchResults","potionbrewer:Accelerant","potionbrewer:Catalyze","potionbrewer:ChemicalSpill+1","Flying Knee+1","infinitespire:Collect+1","Doppelganger","Phantasmal Killer+1","infinitespire:Gouge","Replay:Sssssssssstrike","Thinking Ahead+1","theJungle:Gourd","theJungle:Gourd","theJungle:Gourd+1","theJungle:Gourd","theJungle:Gourd","Replay:Dark Deal+1","Delirium","Doubt","Endless Agony","Discovery+1","Transmutation+1","Languid","Quick Slash","Decay"],"relics":["potionbrewer:PotionKit","NeowsBlessing","Question Card","halation:PinkSoulGem","hubris:BottledRain","hubris:OldNail","SlaversCollar","Mercury Hourglass","energizedSpire:DeadBattery","Shuriken","hubris:CuriousFeather","Replay:Accelerometer","Necronomicon","halation:IllGainedPizza","energizedSpire:EnergizedDie","WarpedTongs","halation:EternalFortune","StuffTheSpire:Mouthbags","Onion Ring","StuffTheSpire:ForceGauntlet","Sling","aspiration:SilentSkillbook","WarpedTongs","Rawhide","jedi:Pinwheel","Membership Card","trackpad:AdjectivePendant","Bottled Tornado","infinitespire:Bottled Soul","Philosopher\u0027s Stone","MerchantsRug","Lantern","halation:Toothbrush","Replay:Mystery Machine","halation:LettersToHer","Replay:Lucky Slots","RollingBoulder","infinitespire:Beetle Shell","Ring of Greed","Old Coin","Smiling Mask","Ring of Searing","SacredBark","hubris:Towel","hubris:BundleOfHerbs","sagemod:The_Guidebook_Guide","Blood Vial","aspiration:Lifesprig","trackpad:IceCube","Replay:Wax Seal","StuffTheSpire:HeavyRock","StuffTheSpire:Experiment12","trackpad:Trackpad"],"acts_visited":["Exordium","TheCity","TheBeyond","Exordium","Exordium","TheBeyond","Exordium"],"potions_floor_usage":[12,12,12,14,16,16,18,20,20,22,23,23,29,30,30,33,33,35,59,65,65,90,92,95,97,98],"damage_taken":[{"damage":0,"enemies":"Jaw Worm","floor":1,"turns":1},{"damage":0,"enemies":"3 Sentries","floor":6,"turns":2},{"damage":0,"enemies":"2 Louse","floor":7,"turns":1},{"damage":7,"enemies":"Small Slimes","floor":11,"turns":5},{"damage":19,"enemies":"Lagavulin","floor":12,"turns":6},{"damage":17,"enemies":"3 Sentries","floor":14,"turns":7},{"damage":36,"enemies":"Slime Boss","floor":16,"turns":4},{"damage":0,"enemies":"Chosen","floor":18,"turns":1},{"damage":16,"enemies":"Shell Parasite","floor":20,"turns":4},{"damage":9,"enemies":"Snake Plant","floor":22,"turns":4},{"damage":31,"enemies":"Book of Stabbing","floor":23,"turns":7},{"damage":0,"enemies":"Slavers","floor":25,"turns":1},{"damage":0,"enemies":"3 Cultists","floor":29,"turns":3},{"damage":0,"enemies":"Nightmare","floor":30,"turns":6},{"damage":9,"enemies":"Automaton","floor":33,"turns":6},{"damage":23,"enemies":"3 Darklings","floor":35,"turns":4},{"damage":4,"enemies":"Orb Walker","floor":37,"turns":3},{"damage":4,"enemies":"Giant Head","floor":41,"turns":2},{"damage":0,"enemies":"Jaw Worm Horde","floor":45,"turns":1},{"damage":2,"enemies":"Maw","floor":48,"turns":4},{"damage":0,"enemies":"Donu and Deca","floor":50,"turns":1},{"damage":0,"enemies":"Cultist","floor":52,"turns":1},{"damage":0,"enemies":"Jaw Worm","floor":54,"turns":1},{"damage":3,"enemies":"Small Slimes","floor":55,"turns":1},{"damage":0,"enemies":"Exordium Wildlife","floor":56,"turns":1},{"damage":0,"enemies":"Lagavulin","floor":58,"turns":1},{"damage":12,"enemies":"Exordium Thugs","floor":59,"turns":1},{"damage":0,"enemies":"Large Slime","floor":63,"turns":1},{"damage":0,"enemies":"Nightmare","floor":65,"turns":1},{"damage":0,"enemies":"The Guardian","floor":67,"turns":2},{"damage":0,"enemies":"theJungle:MUSHROOMGANG","floor":69,"turns":2},{"damage":0,"enemies":"theJungle:MamaSnecko","floor":74,"turns":2},{"damage":7,"enemies":"theJungle:5_Spyders","floor":76,"turns":3},{"damage":0,"enemies":"theJungle:2_Phrogs","floor":78,"turns":2},{"damage":0,"enemies":"theJungle:Snecko_Cultist_And_Trap","floor":84,"turns":2},{"damage":6,"enemies":"theJungle:TotemBoss","floor":86,"turns":2},{"damage":0,"enemies":"Orb Walker","floor":88,"turns":1},{"damage":0,"enemies":"3 Shapes","floor":90,"turns":2},{"damage":0,"enemies":"Nemesis","floor":93,"turns":1},{"damage":6,"enemies":"Giant Head","floor":95,"turns":3},{"damage":5,"enemies":"3 Darklings","floor":97,"turns":2},{"damage":10,"enemies":"Jaw Worm Horde","floor":98,"turns":2},{"damage":6,"enemies":"Transient","floor":99,"turns":5},{"damage":0,"enemies":"hubris:GrandSnecko","floor":103,"turns":1},{"damage":0,"enemies":"Small Slimes","floor":105,"turns":2}],"seed_played":"530332801871885613","potions_obtained":[{"floor":7,"key":"Strength Potion"},{"floor":12,"key":"Regen Potion"},{"floor":14,"key":"Toxic Potion"},{"floor":20,"key":"potionbrewer:CleansingPotion"},{"floor":29,"key":"jedi:wingpotion"},{"floor":35,"key":"Death Potion"},{"floor":50,"key":"potionbrewer:DiscountPotion"},{"floor":54,"key":"infinitespire:BlackPotion"},{"floor":59,"key":"potionbrewer:NoxiousPotion"},{"floor":76,"key":"Strength Potion"},{"floor":78,"key":"SteroidPotion"},{"floor":90,"key":"Fruit Juice"},{"floor":97,"key":"potionbrewer:CleansingPotion"},{"floor":98,"key":"PowerPotion"},{"floor":101,"key":"Ancient Potion"}],"is_trial":false,"path_per_floor":["M","$","?","?","?","E","M","R","T","$","M","E","?","E","R","B",null,"M","?","M","AVR","M","E","R","E","T","?","T","M","NM","?","R","B",null,"M","?","M","?","NS","R","E","R","T","R","M","?","$","M","R","B",null,"M","?","M","M","M","R","E","M","T","AVR","?","M","$","NM","R","B",null,"M","?","?","$","?","E","R","M","T","E","PTL","PTL","$","R","?","M","R","B",null,"M","?","M","?","$","E","R","E","T","M","M","M","R","?","R_BF","B",null,"M"],"character_chosen":"POTIONBREWER","items_purchased":["Jack Of All Trades","StuffTheSpire:ForceGauntlet","Sling","Membership Card","trackpad:AdjectivePendant","Bottled Tornado","MerchantsRug","Lantern","potionbrewer:NoxiousPotion","Replay:Lucky Slots","RollingBoulder","infinitespire:Beetle Shell","Replay:Dark Deal","sagemod:Wine","SpeedPotion","PowerPotion","sagemod:The_Guidebook_Guide","Blood Vial","potionbrewer:BlacksmithPotion","Endless Agony","jedi:StrikingPotion","Discovery","Transmutation"],"campfire_rested":2,"item_purchase_floors":[2,47,47,64,64,64,72,72,72,81,81,81,81,81,81,81,92,92,92,92,92,92,92],"current_hp_per_floor":[75,75,75,75,75,75,75,75,75,75,68,49,49,47,47,11,75,75,75,59,59,50,19,41,41,41,25,25,25,25,25,47,38,75,52,52,48,51,51,51,47,47,47,47,47,47,47,45,45,45,78,81,81,81,78,81,81,81,69,69,69,38,38,38,38,38,38,84,84,84,84,84,84,84,84,77,77,77,77,77,80,80,80,80,80,74,87,87,87,97,100,103,103,103,97,97,94,86,82,82,57,60,65,109,109,109],"gold":1197,"neow_bonus":"THREE_ENEMY_KILL","is_daily":false,"chose_seed":false,"campfire_upgraded":13,"win_rate":0.0,"timestamp":1612155425,"path_taken":["M","$","?","?","?","E","M","R","T","$","M","E","?","E","R","BOSS","M","?","M","AVR","?","E","R","E","T","?","?","M","NM","?","R","BOSS","M","?","?","?","NS","R","E","R","T","R","?","?","$","?","R","BOSS","M","?","?","M","M","R","E","M","T","AVR","?","?","?","NM","R","BOSS","M","?","?","$","?","E","R","M","T","E","PTL","PTL","$","R","?","?","R","BOSS","M","?","M","?","$","E","R","E","T","M","M","?","R","?","R_BF","BOSS","M"],"items_purchased_type":["Card","Relic","Relic","Relic","Relic","Relic","Relic","Relic","Potion","Relic","Relic","Relic","Card","Potion","Potion","Potion","Relic","Relic","Potion","Card","Potion","Card","Card"],"build_version":"2020-12-22","purchased_purges":6,"victory":false,"max_hp_per_floor":[75,75,75,75,75,75,75,75,75,75,75,75,75,75,75,75,75,75,75,75,75,75,75,75,75,75,75,75,75,75,75,75,75,75,75,75,75,78,78,78,78,78,78,78,78,78,78,78,78,78,78,81,81,81,81,84,84,84,84,84,84,84,84,84,84,84,84,84,84,84,84,84,84,84,84,84,84,84,84,84,87,87,87,87,87,87,87,87,87,97,100,103,103,103,103,103,103,103,103,103,103,106,109,109,109,109],"card_choices":[{"not_picked":["potionbrewer:ExothermicReaction","potionbrewer:Refill","potionbrewer:Brandish"],"picked":"SKIP","floor":1},{"not_picked":["potionbrewer:CrossReference","potionbrewer:Refill","potionbrewer:IronFist"],"picked":"potionbrewer:ExplosiveReaction","floor":6},{"not_picked":["potionbrewer:BlindingSpray","potionbrewer:ChemicalRage","potionbrewer:BlindingMist"],"picked":"potionbrewer:Shovel","floor":7},{"not_picked":["potionbrewer:QuickStep","potionbrewer:FortifiedSerum","potionbrewer:VolatileSolution"],"picked":"potionbrewer:TimeBomb","floor":11},{"not_picked":["potionbrewer:BalancedFormula","potionbrewer:BlindingSpray","potionbrewer:OneTwoPunch"],"picked":"potionbrewer:QuickStep","floor":12},{"not_picked":["potionbrewer:Shovel","potionbrewer:Accelerant","potionbrewer:ChainReaction"],"picked":"potionbrewer:BlindingMist","floor":14},{"not_picked":["potionbrewer:SpecialFormula","potionbrewer:ResearchResults","potionbrewer:Catalyze"],"picked":"potionbrewer:RefinedProcess","floor":16},{"not_picked":["potionbrewer:FlareUp","potionbrewer:TestSubject","potionbrewer:FlashPowder"],"picked":"potionbrewer:BlindingSpray+1","floor":20},{"not_picked":["potionbrewer:TestFormula","potionbrewer:Shovel","potionbrewer:Biohazard","potionbrewer:ExothermicReaction"],"picked":"SKIP","floor":22},{"not_picked":["potionbrewer:LabAccident","potionbrewer:Smokescreen","potionbrewer:Contingency","potionbrewer:Prototype"],"picked":"potionbrewer:QuickStep+1","floor":23},{"not_picked":["potionbrewer:CausticBarrier","potionbrewer:ChokingPowder","potionbrewer:FortifiedSerum+1","potionbrewer:Prototype"],"picked":"potionbrewer:AlchemistForm","floor":25},{"not_picked":["potionbrewer:TestFormula+1","potionbrewer:UnstableFormula","potionbrewer:Toxicity+1"],"picked":"potionbrewer:FlashPowder+1","floor":29},{"not_picked":["potionbrewer:ChemicalShroud","potionbrewer:Brandish","potionbrewer:Smokescreen","potionbrewer:ChemicalWeapons"],"picked":"SKIP","floor":30},{"not_picked":["potionbrewer:FlashPowder+1","potionbrewer:BlindingSpray+1","potionbrewer:OneTwoPunch","potionbrewer:Smokescreen+1"],"picked":"SKIP","floor":35},{"not_picked":["potionbrewer:Brandish+1","potionbrewer:HazardousMaterials","potionbrewer:OneTwoPunch"],"picked":"potionbrewer:Catalyze","floor":37},{"not_picked":["potionbrewer:IronHeart","potionbrewer:BlindingSpray","potionbrewer:ChemicalRage"],"picked":"potionbrewer:LeftoverSpecimen+1","floor":41},{"not_picked":["potionbrewer:Discombobulate","potionbrewer:UnstableFormula","potionbrewer:EmptyBottle","potionbrewer:TestSubject"],"picked":"SKIP","floor":45},{"not_picked":["potionbrewer:Brandish","potionbrewer:BlindingSpray+1","potionbrewer:FlashPowder","potionbrewer:Smack"],"picked":"SKIP","floor":48},{"not_picked":["Reflex","Draining Mist","potionbrewer:Backhand","StuffTheSpire:Repulse"],"picked":"Flying Knee","floor":52},{"not_picked":["potionbrewer:CrossReference","ReplayTheSpireMod:Scrap Shanks","StuffTheSpire:BumpUp","potionbrewer:FortifiedSerum","potionbrewer:FlashPowder"],"picked":"SKIP","floor":54},{"not_picked":["potionbrewer:Smack","potionbrewer:FlashPowder","Backstab","Skewer","potionbrewer:TestFormula"],"picked":"SKIP","floor":55},{"not_picked":["ReplayTheSpireMod:The Works","potionbrewer:Refill","Fluid Movement","Backflip","StuffTheSpire:BrimstoneBlast"],"picked":"SKIP","floor":56},{"not_picked":["Bane","jedi:studyshivs","ReplayTheSpireMod:The Works","Dodge and Roll","Deadly Poison"],"picked":"SKIP","floor":58},{"not_picked":["Cloak And Dagger","StuffTheSpire:BumpUp","Prepared","Bane","potionbrewer:LabJournal"],"picked":"SKIP","floor":59},{"not_picked":["potionbrewer:Discombobulate","potionbrewer:TimeBomb","Caltrops","potionbrewer:ChemicalShroud","Dagger Throw"],"picked":"SKIP","floor":63},{"not_picked":["potionbrewer:IronFist","StuffTheSpire:ClusterCrunch","Cloak And Dagger","potionbrewer:BalancedFormula"],"picked":"Doppelganger","floor":65},{"not_picked":["potionbrewer:Transmute","potionbrewer:BottomlessFlask","Corpse Explosion","Burst"],"picked":"Phantasmal Killer","floor":67},{"not_picked":["ReplayTheSpireMod:Chaos Vortex","ReplayTheSpireMod:Black Plague"],"picked":"infinitespire:Gouge","floor":68},{"not_picked":["Quick Slash","Dodge and Roll","Deadly Poison","Expertise","potionbrewer:Experimentation"],"picked":"SKIP","floor":69},{"not_picked":["ReplayUltimateDefense","Replay:BasicMightCard","Enlightenment","Poisoned Strike"],"picked":"Replay:Sssssssssstrike","floor":70},{"not_picked":["Replay:Bootleg Shield Generator","Survey Options","Trip","Poisoned Strike"],"picked":"Thinking Ahead","floor":70},{"not_picked":["ShadowRift","InfectiousVector","Finisher","Leg Sweep+1","Dodge and Roll"],"picked":"SKIP","floor":74},{"not_picked":["potionbrewer:CausticBarrier","potionbrewer:LabJournal+1","ShadowRift","Fluid Movement+1","potionbrewer:TestFormula"],"picked":"SKIP","floor":76},{"not_picked":["Phantasmal Killer","Dagger Throw+1","potionbrewer:BlindingMist","Heel Hook","StuffTheSpire:ClusterCrunch"],"picked":"SKIP","floor":78},{"not_picked":["Catalyst+1","potionbrewer:Accelerant","Hidden Blade","StuffTheSpire:ClusterCrunch","potionbrewer:TimeBomb+1"],"picked":"SKIP","floor":84},{"not_picked":["StuffTheSpire:Incantation","StuffTheSpire:Injection","potionbrewer:HazardousMaterials+1","Toxin Wave+1","potionbrewer:BlindingMist+1"],"picked":"SKIP","floor":88},{"not_picked":["potionbrewer:CausticBarrier+1","potionbrewer:FortifiedSerum+1","potionbrewer:OneTwoPunch","ReplayTheSpireMod:Shiv Toss","Reflex"],"picked":"SKIP","floor":90},{"not_picked":["StuffTheSpire:BrimstoneBlast+1","hubris:SlightOfHand","Quick Slash+1","potionbrewer:CausticBarrier","jedi:pocketpoison"],"picked":"SKIP","floor":93},{"not_picked":["hubris:SlightOfHand+1","StuffTheSpire:Python+1","ReplayTheSpireMod:Scrap Shanks+1","Leg Sweep+1","Quick Slash+1"],"picked":"SKIP","floor":95},{"not_picked":["Deadly Poison","potionbrewer:FortifiedSerum","potionbrewer:Toxicity","Endless Agony+1","StuffTheSpire:BumpUp"],"picked":"SKIP","floor":97},{"not_picked":["Deadly Poison+1","hubris:SlightOfHand+1","hubris:TrickCloak+1","potionbrewer:ChemicalShroud","Slice"],"picked":"SKIP","floor":98},{"not_picked":["hubris:SlightOfHand","Dagger Throw","Noxious Fumes","jedi:pocketpoison+1"],"picked":"Quick Slash","floor":99},{"not_picked":["potionbrewer:AlchemistForm","potionbrewer:ExothermicReaction","potionbrewer:Contingency","Finisher","StuffTheSpire:Injection"],"picked":"SKIP","floor":105}],"player_experience":273944,"relics_obtained":[{"floor":6,"key":"Replay:Baseball"},{"floor":9,"key":"hubris:BottledRain"},{"floor":12,"key":"Omamori"},{"floor":14,"key":"hubris:OldNail"},{"floor":23,"key":"Shuriken"},{"floor":25,"key":"hubris:CuriousFeather"},{"floor":26,"key":"Replay:Accelerometer"},{"floor":27,"key":"Necronomicon"},{"floor":30,"key":"Blue Doll"},{"floor":41,"key":"StuffTheSpire:Mouthbags"},{"floor":43,"key":"Onion Ring"},{"floor":52,"key":"halation:EternalFortune"},{"floor":56,"key":"halation:EternalFortune"},{"floor":58,"key":"trackpad:DisasterInABottle"},{"floor":60,"key":"Rawhide"},{"floor":65,"key":"infinitespire:Bottled Soul"},{"floor":74,"key":"halation:Toothbrush"},{"floor":77,"key":"Replay:Mystery Machine"},{"floor":78,"key":"halation:LettersToHer"},{"floor":83,"key":"Ring of Greed"},{"floor":83,"key":"Old Coin"},{"floor":83,"key":"Smiling Mask"},{"floor":83,"key":"Ring of Searing"},{"floor":93,"key":"aspiration:Lifesprig"},{"floor":95,"key":"trackpad:IceCube"},{"floor":96,"key":"Replay:Wax Seal"},{"floor":96,"key":"StuffTheSpire:HeavyRock"},{"floor":101,"key":"StuffTheSpire:Experiment12"}],"event_choices":[{"damage_healed":0,"gold_gain":0,"cards_transformed":["potionbrewer:PotionbrewerStrike"],"player_choice":"Change","damage_taken":0,"max_hp_gain":0,"max_hp_loss":0,"event_name":"Living Wall","floor":13,"gold_loss":0,"cards_obtained":["potionbrewer:LeftoverSpecimen"]},{"damage_healed":0,"gold_gain":0,"player_choice":"Take","damage_taken":0,"max_hp_gain":0,"max_hp_loss":0,"event_name":"betterNote:BetterNote","floor":19,"gold_loss":0,"cards_obtained":["jedi:forcepull"]},{"damage_healed":0,"gold_gain":0,"player_choice":"Obtained Book","damage_taken":16,"max_hp_gain":0,"max_hp_loss":0,"event_name":"Cursed Tome","floor":27,"gold_loss":0},{"damage_healed":0,"gold_gain":0,"player_choice":"Stole Relic","damage_taken":0,"relics_obtained":["halation:IllGainedPizza"],"max_hp_gain":0,"max_hp_loss":0,"event_name":"Addict","floor":31,"gold_loss":0,"cards_obtained":["Shame"]},{"damage_healed":0,"gold_gain":0,"player_choice":"Rummage","damage_taken":0,"relics_obtained":["WarpedTongs"],"max_hp_gain":0,"max_hp_loss":0,"event_name":"Accursed Blacksmith","floor":36,"gold_loss":0,"cards_obtained":["Pain"]},{"damage_healed":0,"gold_gain":0,"player_choice":"Copied","damage_taken":0,"max_hp_gain":0,"max_hp_loss":0,"event_name":"Duplicator","floor":46,"gold_loss":0,"cards_obtained":["infinitespire:SealOfDarkness"]},{"damage_healed":0,"gold_gain":0,"player_choice":"Rummage","damage_taken":0,"relics_obtained":["WarpedTongs"],"max_hp_gain":0,"max_hp_loss":0,"event_name":"Accursed Blacksmith","floor":53,"gold_loss":0,"cards_obtained":["Pain"]},{"damage_healed":0,"gold_gain":329,"player_choice":"GO GO GO ","damage_taken":34,"relics_obtained":[],"max_hp_gain":0,"max_hp_loss":0,"event_name":"betterSkull:BetterSkull","floor":62,"gold_loss":0,"cards_upgraded":[]},{"damage_healed":0,"gold_gain":5,"player_choice":"1","damage_taken":0,"max_hp_gain":0,"max_hp_loss":0,"event_name":"betterStone:BetterStone","floor":70,"gold_loss":0},{"cards_removed":["potionbrewer:LeftoverSpecimen"],"damage_healed":0,"gold_gain":0,"player_choice":"Gave Card","damage_taken":0,"relics_obtained":["hubris:BundleOfHerbs"],"max_hp_gain":0,"max_hp_loss":0,"event_name":"WeMeetAgain","floor":91,"gold_loss":0}],"is_beta":false,"boss_relics":[{"not_picked":["Replay:Bronze Core","hubris:CrackedHourglass"],"picked":"SlaversCollar"},{"not_picked":["Kintsugi","Runic Pyramid"],"picked":"energizedSpire:EnergizedDie"},{"not_picked":["aspiration:WatcherSkillbook","Pandora\u0027s Box"],"picked":"aspiration:SilentSkillbook"},{"not_picked":["aspiration:PoetsPen_weak","energizedSpire:NeverEndingSparkler"],"picked":"Philosopher\u0027s Stone"},{"not_picked":["StuffTheSpire:RunicConfusion","CosmicIsotope"],"picked":"SacredBark"},{"not_picked":["aspiration:SecretTechniqueScroll","Fusion Hammer"],"picked":"trackpad:Trackpad"}],"items_purged_floors":[21,47,61,64,81,92],"is_endless":true,"potions_floor_spawned":[7,12,14,18,20,29,35,48,50,54,55,59,65,76,78,88,90,97,98,105],"killed_by":"Small Slimes","ascension_level":4}}