{"host":"fdq5pmhluajjrf8d","time":1612213981,"event":{"mods":["BaseMod","Minty Spire (QoL Compilation)"],"gold_per_floor":[116,135,149,159,169,169,188,206,206,206,171,246,264,278,278,278,278],"floor_reached":16,"language":"ENG","playtime":695,"items_purged":[],"score":196,"play_id":"3a01ef5c-d017-48de-afb8-5ee070bf10ab","local_time":"20210201161301","is_ascension_mode":true,"campfire_choices":[{"floor":6,"key":"REST"},{"data":"True Grit","floor":15,"key":"SMITH"}],"circlet_count":0,"master_deck":["AscendersBane","Strike_R","Strike_R","Strike_R","Strike_R","Strike_R","Defend_R","Defend_R","Defend_R","Defend_R","Bash","Headbutt","Flex","Rage","True Grit+1","Pummel","Blood for Blood"],"relics":["Burning Blood","Self Forming Clay"],"acts_visited":["Exordium"],"potions_floor_usage":[4,16,16],"damage_taken":[{"damage":10,"enemies":"Small Slimes","floor":1,"turns":4},{"damage":9,"enemies":"Jaw Worm","floor":2,"turns":3},{"damage":14,"enemies":"2 Louse","floor":3,"turns":2},{"damage":63,"enemies":"Gremlin Gang","floor":4,"turns":9},{"damage":12,"enemies":"Looter","floor":5,"turns":3},{"damage":11,"enemies":"2 Fungi Beasts","floor":7,"turns":4},{"damage":16,"enemies":"Large Slime","floor":8,"turns":8},{"damage":4,"enemies":"Looter","floor":13,"turns":3},{"damage":6,"enemies":"Blue Slaver","floor":14,"turns":5},{"damage":38,"enemies":"The Guardian","floor":16,"turns":8}],"seed_played":"500664325437183258","potions_obtained":[{"floor":2,"key":"BloodPotion"},{"floor":7,"key":"SteroidPotion"},{"floor":14,"key":"ColorlessPotion"}],"is_trial":false,"path_per_floor":["M","M","M","M","M","R","M","M","T","?","?","?","M","M","R","B"],"character_chosen":"IRONCLAD","items_purchased":[],"campfire_rested":1,"item_purchase_floors":[],"current_hp_per_floor":[71,68,60,19,13,37,32,22,22,22,42,31,33,33,33,0,0],"gold":278,"neow_bonus":"TEN_PERCENT_HP_BONUS","is_daily":false,"chose_seed":false,"campfire_upgraded":1,"win_rate":0.0,"timestamp":1612213981,"path_taken":["M","M","M","M","M","R","M","M","T","?","?","?","?","M","R","BOSS"],"items_purchased_type":[],"build_version":"2020-12-22","purchased_purges":0,"victory":false,"max_hp_per_floor":[82,82,82,82,82,82,82,82,82,82,82,82,82,82,82,82,82],"card_choices":[{"not_picked":["Warcry","Intimidate"],"picked":"Headbutt","floor":1},{"not_picked":["Headbutt","Havoc"],"picked":"Flex","floor":2},{"not_picked":["Havoc","Second Wind","Armaments"],"picked":"SKIP","floor":3},{"not_picked":["Flex","Fire Breathing"],"picked":"Rage","floor":4},{"not_picked":["Intimidate","Fire Breathing"],"picked":"True Grit","floor":5},{"not_picked":["Armaments","Havoc","Headbutt"],"picked":"SKIP","floor":7},{"not_picked":["Perfected Strike","Burning Pact","Havoc"],"picked":"SKIP","floor":8},{"not_picked":["Ghostly Armor","Flex"],"picked":"Pummel","floor":13},{"not_picked":["Corruption","Body Slam"],"picked":"Blood for Blood","floor":14}],"player_experience":1963765,"relics_obtained":[{"floor":9,"key":"Self Forming Clay"}],"event_choices":[{"damage_healed":0,"gold_gain":0,"player_choice":"Ignored","damage_taken":0,"max_hp_gain":0,"max_hp_loss":0,"event_name":"Golden Wing","floor":10,"gold_loss":0},{"damage_healed":20,"gold_gain":0,"player_choice":"Healed","damage_taken":0,"max_hp_gain":0,"max_hp_loss":0,"event_name":"The Cleric","floor":11,"gold_loss":35},{"damage_healed":0,"gold_gain":75,"player_choice":"Gather Gold","damage_taken":11,"max_hp_gain":0,"max_hp_loss":0,"event_name":"World of Goop","floor":12,"gold_loss":0}],"is_beta":false,"boss_relics":[],"items_purged_floors":[],"is_endless":false,"potions_floor_spawned":[2,7,14],"killed_by":"The Guardian","ascension_level":20}}