{"host":"Jedit","time":1612213863,"event":{"mods":["BaseMod","Minty Spire (QoL Compilation)","Relic Stats","StSLib"],"gold_per_floor":[116,266,266,266,277,277,28,61,61,90,109,109,120,153,153,226,226,241,72,83,83,5,5,5,5,29,64,64,64,64],"floor_reached":29,"language":"ENG","playtime":919,"items_purged":["Bane"],"score":568,"play_id":"d704a116-175c-4194-8814-ca91d40a7eee","local_time":"20210201211103","is_ascension_mode":true,"campfire_choices":[{"data":"Well Laid Plans","floor":6.0,"key":"SMITH"},{"floor":15.0,"key":"REST"},{"floor":23.0,"key":"REST"},{"floor":25.0,"key":"REST"},{"data":"Glass Knife","floor":28.0,"key":"SMITH"}],"circlet_count":0,"master_deck":["AscendersBane","Survivor+1","Neutralize","Terror","Well Laid Plans+1","Eviscerate","Dagger Throw","Dagger Spray","Deadly Poison","Endless Agony","Tactician","Wraith Form v2","Prepared","Reflex","Storm of Steel","Phantasmal Killer","Glass Knife+1","Venomology","Deflect","Cloak And Dagger","Footwork","Sucker Punch+1","Leg Sweep","Dagger Throw"],"relics":["Ring of the Snake","NeowsBlessing","Vajra","Akabeko","War Paint","Oddly Smooth Stone","Pandora\u0027s Box","CeramicFish","Kunai"],"acts_visited":["Exordium","TheCity"],"potions_floor_usage":[29],"damage_taken":[{"damage":0.0,"enemies":"2 Louse","floor":1.0,"turns":1.0},{"damage":0.0,"enemies":"Small Slimes","floor":5.0,"turns":1.0},{"damage":0.0,"enemies":"Gremlin Nob","floor":8.0,"turns":1.0},{"damage":27.0,"enemies":"Lagavulin","floor":10.0,"turns":6.0},{"damage":0.0,"enemies":"Cultist","floor":11.0,"turns":2.0},{"damage":0.0,"enemies":"3 Louse","floor":13.0,"turns":1.0},{"damage":15.0,"enemies":"3 Sentries","floor":14.0,"turns":6.0},{"damage":20.0,"enemies":"Hexaghost","floor":16.0,"turns":11.0},{"damage":27.0,"enemies":"Shell Parasite","floor":18.0,"turns":4.0},{"damage":11.0,"enemies":"2 Thieves","floor":20.0,"turns":3.0},{"damage":0.0,"enemies":"Chosen and Byrds","floor":21.0,"turns":2.0},{"damage":28.0,"enemies":"Slavers","floor":27.0,"turns":6.0},{"damage":0,"enemies":"Gremlin Leader","floor":29,"turns":5}],"seed_played":"-4061318406403397061","potions_obtained":[{"floor":5.0,"key":"SteroidPotion"},{"floor":10.0,"key":"Energy Potion"},{"floor":11.0,"key":"Dexterity Potion"}],"is_trial":false,"path_per_floor":["M","?","?","?","M","R","$","E","T","E","M","?","M","E","R","B",null,"M","$","M","M","$","R","?","R","T","E","R","E"],"character_chosen":"THE_SILENT","items_purchased":["Vajra","Eviscerate","Cloak And Dagger","Footwork","Leg Sweep"],"campfire_rested":3,"item_purchase_floors":[7,7,19,19,22],"current_hp_per_floor":[59,59,59,52,52,52,52,52,52,25,25,25,25,10,29,9,52,25,25,14,14,14,33,33,52,52,39,39,39,39],"gold":64,"neow_bonus":"THREE_ENEMY_KILL","is_daily":false,"chose_seed":false,"campfire_upgraded":2,"win_rate":0.0,"timestamp":1612213863,"path_taken":["M","?","?","?","M","R","$","E","T","E","M","?","M","E","R","BOSS","M","$","M","M","?","R","?","R","T","E","R","E"],"items_purchased_type":["Relic","Card","Card","Card","Card"],"build_version":"2020-12-18","purchased_purges":1,"victory":false,"max_hp_per_floor":[66,66,66,66,66,66,66,66,66,66,66,66,66,66,66,66,66,66,66,66,66,66,66,66,66,66,66,66,66,66],"relic_stats":{"counters":[13,49],"CeramicFish":9,"Pandora\u0027s Box":["Crippling Poison","Prepared","Reflex","Storm of Steel","Bane","Phantasmal Killer","Glass Knife","Venomology"],"Kunai":[4],"War Paint":["Survivor","Defend_G"],"obtain_stats":[{"NeowsBlessing":0,"CeramicFish":26,"Vajra":7,"Oddly Smooth Stone":14,"Pandora\u0027s Box":17,"Kunai":27,"War Paint":10,"Akabeko":8,"Ring of the Snake":0},{"NeowsBlessing":0,"CeramicFish":11,"Vajra":2,"Oddly Smooth Stone":7,"Pandora\u0027s Box":8,"Kunai":12,"War Paint":4,"Akabeko":3,"Ring of the Snake":0},{"NeowsBlessing":0,"CeramicFish":38,"Vajra":2,"Oddly Smooth Stone":18,"Pandora\u0027s Box":29,"Kunai":44,"War Paint":9,"Akabeko":3,"Ring of the Snake":0}],"Ring of the Snake":[27]},"card_choices":[{"not_picked":["Cloak And Dagger","Slice"],"picked":"Terror","floor":1.0},{"not_picked":["Caltrops","Backflip"],"picked":"Well Laid Plans","floor":5.0},{"not_picked":["Quick Slash","Cloak And Dagger"],"picked":"Dagger Throw","floor":8.0},{"not_picked":["PiercingWail","Sucker Punch"],"picked":"Dagger Spray","floor":10.0},{"not_picked":["Slice","Cloak And Dagger"],"picked":"Deadly Poison","floor":11.0},{"not_picked":["Accuracy","Slice"],"picked":"Endless Agony","floor":13.0},{"not_picked":["Phantasmal Killer","Deadly Poison"],"picked":"Tactician","floor":14.0},{"not_picked":["Grand Finale","Malaise"],"picked":"Wraith Form v2","floor":16.0},{"not_picked":["Outmaneuver","Blade Dance"],"picked":"Deflect","floor":18.0},{"not_picked":["Blade Dance","Bane"],"picked":"Sucker Punch+1","floor":20.0},{"not_picked":["Crippling Poison","Underhanded Strike"],"picked":"Dagger Throw","floor":27.0}],"player_experience":3469848,"relics_obtained":[{"floor":8.0,"key":"Akabeko"},{"floor":10.0,"key":"War Paint"},{"floor":14.0,"key":"Oddly Smooth Stone"},{"floor":26.0,"key":"CeramicFish"},{"floor":27.0,"key":"Kunai"}],"event_choices":[{"damage_healed":0.0,"max_hp_gain":0.0,"max_hp_loss":0.0,"gold_gain":150.0,"event_name":"Liars Game","player_choice":"AGREE","floor":2.0,"gold_loss":0.0,"damage_taken":0.0,"cards_obtained":["Doubt"]},{"cards_removed":["Doubt"],"damage_healed":0.0,"max_hp_gain":0.0,"max_hp_loss":0.0,"gold_gain":0.0,"event_name":"Living Wall","player_choice":"Forget","floor":3.0,"gold_loss":0.0,"damage_taken":0.0},{"cards_removed":["Defend_G"],"damage_healed":0.0,"max_hp_gain":0.0,"max_hp_loss":0.0,"gold_gain":0.0,"event_name":"Golden Wing","player_choice":"Card Removal","floor":4.0,"gold_loss":0.0,"damage_taken":7.0},{"cards_removed":["Strike_G"],"damage_healed":0.0,"max_hp_gain":0.0,"max_hp_loss":0.0,"gold_gain":0.0,"event_name":"Purifier","player_choice":"Purged","floor":12.0,"gold_loss":0.0,"damage_taken":0.0},{"cards_removed":["Crippling Poison"],"damage_healed":0.0,"max_hp_gain":0.0,"max_hp_loss":0.0,"gold_gain":0.0,"event_name":"Back to Basics","player_choice":"Elegance","floor":24.0,"gold_loss":0.0,"damage_taken":0.0}],"is_beta":true,"boss_relics":[{"not_picked":["Empty Cage","SacredBark"],"picked":"Pandora\u0027s Box"}],"items_purged_floors":[19],"is_endless":false,"potions_floor_spawned":[5,10,11],"killed_by":"Gremlin Leader","ascension_level":20}}