{"host":"fa19f27vz2zfochh","time":1612209769,"event":{"mods":["Act Like it!","Aspiration","BaseMod","Better Third Choice","Conspire","Downfall","Energized Spire","Halation","Hallownest","Hubris","Infinite Spire","Ironclad Rager","Minty Spire (QoL Compilation)","Relic Stats","Replay The Spire","StSLib","The Bug Knight"],"gold_per_floor":[99,110,58,97,117,135,212,212,225,242,7,21,21,21,34,135,135,135,152,102,117,117,134,160,160,160,172,172,172,172,172,187,292,292,292,342,99,199,218,218,235,235,235,252,252,262,279,292,292],"floor_reached":51,"language":"ENG","playtime":3202,"items_purged":["Spreading Infection"],"score":741,"play_id":"0153f4d6-8b51-44e0-8709-c115ae7d522e","local_time":"20210201210249","is_ascension_mode":false,"campfire_choices":[{"data":"hexamod:Float","floor":1.0,"key":"SMITH"},{"data":"hexamod:GhostflameInferno","floor":8.0,"key":"SMITH"},{"floor":13.0,"key":"REST"},{"data":"hexamod:VolcanoVisage","floor":18.0,"key":"SMITH"},{"floor":26.0,"key":"REST"},{"data":"hexamod:BurningTouch","floor":28.0,"key":"SMITH"},{"floor":30.0,"key":"REST"},{"data":"hexamod:EmpoweredFlame","floor":35.0,"key":"SMITH"},{"floor":46,"key":"REST"}],"circlet_count":0,"master_deck":["hexamod:Strike","hexamod:Strike","hexamod:Strike","hexamod:Strike","hexamod:Defend","hexamod:Defend","hexamod:Defend","hexamod:Defend","hexamod:Float+1","hexamod:FlamesFromBeyond","hexamod:SpectersWail+1","hexamod:EmpoweredFlame+1","hexamod:GhostflameInferno+1","hexamod:WildfireWeapon","hexamod:VolcanoVisage+1","hexamod:SkipABeat","hubris:Compulsion","Looming Evil","hubris:DuctTapeCard"],"relics":["hexamod:SpiritBrand","Vajra","Mirror","Snack Pack","hubris:EmptyBottle","Busted Crown","ReplayTheSpireMod:TigerMarble","expansioncontent:StudyCardRelic","Bag of Marbles","Replay:Ancient Bell","Toy Ornithopter","hubris:DuctTape","hubris:Teleporter","conspire:InfiniteJournal","Lantern","hexamod:InflammatoryLetter"],"acts_visited":["Exordium","TheCity","TheBeyond"],"potions_floor_usage":[47,49,50,50,50,50],"damage_taken":[{"damage":0.0,"enemies":"2 Louse","floor":2.0,"turns":4.0},{"damage":0.0,"enemies":"downfall:FleeingMerchant","floor":3.0,"turns":4.0},{"damage":9.0,"enemies":"conspire:MimicChest","floor":4.0,"turns":4.0},{"damage":0.0,"enemies":"conspire:RoseBush","floor":5.0,"turns":3.0},{"damage":0.0,"enemies":"Cultist","floor":6.0,"turns":4.0},{"damage":3.0,"enemies":"Lots of Slimes","floor":9.0,"turns":3.0},{"damage":11.0,"enemies":"Large Slime","floor":10.0,"turns":3.0},{"damage":10.0,"enemies":"downfall:FleeingMerchant","floor":11.0,"turns":4.0},{"damage":5.0,"enemies":"Exordium Wildlife","floor":12.0,"turns":3.0},{"damage":2.0,"enemies":"Blue Slaver","floor":15.0,"turns":3.0},{"damage":44.0,"enemies":"DF_ARCHETYPE_STREAMLINE","floor":16.0,"turns":12.0},{"damage":12.0,"enemies":"Spheric Guardian","floor":19.0,"turns":4.0},{"damage":22.0,"enemies":"Snake Plant","floor":21.0,"turns":4.0},{"damage":7.0,"enemies":"Snecko","floor":23.0,"turns":4.0},{"damage":14.0,"enemies":"Centurion and Healer","floor":27.0,"turns":4.0},{"damage":0.0,"enemies":"Cultist and Chosen","floor":32.0,"turns":3.0},{"damage":16.0,"enemies":"SI_MIRROR_ARCHETYPE","floor":33.0,"turns":6.0},{"damage":36.0,"enemies":"SI_MIRROR_ARCHETYPE","floor":36.0,"turns":6.0},{"damage":5.0,"enemies":"downfall:FleeingMerchant","floor":37.0,"turns":4.0},{"damage":13.0,"enemies":"Orb Walker","floor":39.0,"turns":3.0},{"damage":7.0,"enemies":"3 Darklings","floor":42.0,"turns":3.0},{"damage":46,"enemies":"Sphere and 2 Shapes","floor":45,"turns":7},{"damage":11,"enemies":"Spire Growth","floor":47,"turns":4},{"damage":1,"enemies":"Maw","floor":48,"turns":6},{"damage":31,"enemies":"Writhing Mass","floor":49,"turns":6},{"damage":21,"enemies":"WA_ARCHETYPE_DIVINITY","floor":50,"turns":9}],"seed_played":"5683772181421321674","potions_obtained":[{"floor":5.0,"key":"Guardian:BlockOnCardUsePotion"},{"floor":9.0,"key":"Block Potion"},{"floor":10.0,"key":"LiquidBronze"},{"floor":16.0,"key":"Fire Potion"},{"floor":29.0,"key":"CultistPotion"},{"floor":39.0,"key":"Strength Potion"},{"floor":47,"key":"Fire Potion"},{"floor":49,"key":"hexamod:EctoCoolerPotion"}],"is_trial":false,"path_per_floor":["R","M","$","?","M","M","T","R","M","M","$","M","R","?","M","B",null,"R","M","?","M","AVR","M","T","?","R","M","R","?","R","?","M","B",null,"R","?","$","?","M","T","M","?","?","M","R","M","M","M","B",null],"character_chosen":"THE_SPIRIT","items_purchased":["hexamod:SpectersWail+1","hubris:EmptyBottle","hexamod:DoubleChargePotion","Lantern"],"campfire_rested":4,"item_purchase_floors":[3,11,11,37],"current_hp_per_floor":[70,70,70,61,61,61,61,61,58,47,39,34,55,55,53,9,70,70,58,70,48,48,41,41,41,62,48,48,48,69,69,70,56,70,70,34,34,34,26,26,36,61,61,18,36,30,31,5,6],"gold":292,"neow_bonus":"RANDOM_COMMON_RELIC","is_daily":false,"chose_seed":false,"campfire_upgraded":5,"win_rate":0.0,"timestamp":1612209769,"path_taken":["R","M","$","?","M","M","T","R","?","M","?","M","R","?","M","BOSS","R","M","?","M","AVR","M","T","?","R","M","R","?","R","?","M","BOSS","R","?","$","?","M","T","?","?","?","M","R","M","M","M","BOSS"],"items_purchased_type":["Card","Relic","Potion","Relic"],"build_version":"2020-12-22","purchased_purges":1,"victory":true,"max_hp_per_floor":[70,70,70,70,70,70,70,70,70,70,70,70,70,70,70,70,70,70,70,70,70,70,70,70,70,70,70,70,70,70,70,70,70,70,70,70,70,70,70,70,70,61,61,62,62,62,62,62,62],"relic_stats":{"Busted Crown":46,"counters":[26,120],"obtain_stats":[{"Lantern":37,"hubris:Teleporter":34,"hubris:DuctTape":34,"Vajra":0,"hexamod:InflammatoryLetter":41,"expansioncontent:StudyCardRelic":22,"Replay:Ancient Bell":34,"hubris:EmptyBottle":11,"conspire:InfiniteJournal":36,"Busted Crown":17,"Snack Pack":7,"ReplayTheSpireMod:TigerMarble":22,"Bag of Marbles":24,"Mirror":4,"hexamod:SpiritBrand":0,"Toy Ornithopter":34},{"Lantern":19,"hubris:Teleporter":17,"hubris:DuctTape":17,"Vajra":0,"hexamod:InflammatoryLetter":20,"expansioncontent:StudyCardRelic":13,"Replay:Ancient Bell":17,"hubris:EmptyBottle":8,"conspire:InfiniteJournal":18,"Busted Crown":11,"Snack Pack":5,"ReplayTheSpireMod:TigerMarble":13,"Bag of Marbles":14,"Mirror":3,"hexamod:SpiritBrand":0,"Toy Ornithopter":17},{"Lantern":82,"hubris:Teleporter":72,"hubris:DuctTape":72,"Vajra":0,"hexamod:InflammatoryLetter":85,"expansioncontent:StudyCardRelic":55,"Replay:Ancient Bell":72,"hubris:EmptyBottle":29,"conspire:InfiniteJournal":78,"Busted Crown":47,"Snack Pack":19,"ReplayTheSpireMod:TigerMarble":55,"Bag of Marbles":59,"Mirror":12,"hexamod:SpiritBrand":0,"Toy Ornithopter":72}],"Toy Ornithopter":55},"card_choices":[{"not_picked":["hexamod:SpectralAdrenaline","hexamod:Hexaguard"],"picked":"hexamod:FlamesFromBeyond","floor":2.0},{"not_picked":["hexamod:SuperheatedStrike","hexamod:ShieldOfDarkness"],"picked":"hexamod:BurningTouch","floor":3.0},{"not_picked":["hexamod:InspiringFlames","hexamod:ShieldOfDarkness"],"picked":"hexamod:EmpoweredFlame","floor":4.0},{"not_picked":["hexamod:BacktrackSmack","hexamod:SuperheatedStrike","hexamod:NightmareGuise"],"picked":"SKIP","floor":5.0},{"not_picked":["hexamod:ShieldOfDarkness","hexamod:Hexaguard"],"picked":"hexamod:GhostflameInferno","floor":6.0},{"not_picked":["hexamod:GhostflameBarrier","hexamod:SecondSeal","hexamod:SpectersWail"],"picked":"SKIP","floor":9.0},{"not_picked":["hexamod:FourthSeal","hexamod:NightmareGuise","hexamod:SpectersWail"],"picked":"SKIP","floor":10.0},{"not_picked":["hexamod:NightmareGuise","hexamod:BurningTouch"],"picked":"hexamod:WildfireWeapon","floor":11.0},{"not_picked":["hexamod:BurningTouch","hexamod:RetreatToShadows","hexamod:RainOfEmbers"],"picked":"SKIP","floor":12.0},{"not_picked":["hexamod:FastForward","hexamod:ExtraCrispy","hexamod:Again"],"picked":"SKIP","floor":15.0},{"not_picked":["hexamod:SixthSeal","hexamod:UnlimitedPower"],"picked":"hexamod:VolcanoVisage","floor":16.0},{"not_picked":[],"picked":"hexamod:SkipABeat","floor":19.0},{"not_picked":["hexamod:NightmareGuise"],"picked":"SKIP","floor":21.0},{"not_picked":["hexamod:GhostShield"],"picked":"SKIP","floor":23.0},{"not_picked":["hexamod:NightmareGuise+1"],"picked":"SKIP","floor":27.0},{"not_picked":["hexamod:RecurringNightmare"],"picked":"SKIP","floor":32.0},{"not_picked":[],"picked":"hubris:Compulsion","floor":34.0},{"not_picked":[],"picked":"Spreading Infection","floor":34.0},{"not_picked":[],"picked":"Looming Evil","floor":34.0},{"not_picked":["hexamod:SpectersWail"],"picked":"SKIP","floor":37.0},{"not_picked":["hexamod:GhostflameBarrier"],"picked":"SKIP","floor":39.0},{"not_picked":["hexamod:InspiringFlames+1"],"picked":"SKIP","floor":42.0},{"not_picked":["hexamod:GhostOfSpireFuture"],"picked":"SKIP","floor":45},{"not_picked":["hexamod:HeatMetal"],"picked":"SKIP","floor":47},{"not_picked":["hexamod:GhostShield+1"],"picked":"SKIP","floor":48},{"not_picked":["hexamod:CatchUp"],"picked":"SKIP","floor":49}],"player_experience":401302,"relics_obtained":[{"floor":4.0,"key":"Mirror"},{"floor":7.0,"key":"Snack Pack"},{"floor":24.0,"key":"Bag of Marbles"},{"floor":36.0,"key":"conspire:InfiniteJournal"},{"floor":41.0,"key":"hexamod:InflammatoryLetter"}],"event_choices":[],"is_beta":false,"boss_relics":[{"not_picked":["hexamod:UnbrokenSoul","conspire:SeveredTorchhead"],"picked":"Busted Crown"},{"not_picked":["aspiration:FutureDiary","hubris:Stopwatch"],"picked":"Replay:Ancient Bell"},{"not_picked":["Blood Vial","infinitespire:Beetle Shell"],"picked":"Toy Ornithopter"},{"not_picked":["hubris:Metronome","conspire:Flyswatter"],"picked":"hubris:DuctTape"},{"not_picked":["halation:SwordOfLegend","infinitespire:CursedDice"],"picked":"hubris:Teleporter"}],"items_purged_floors":[37],"is_endless":false,"potions_floor_spawned":[5,9,10,12,16,19,21,33,39,47,49],"ascension_level":0}}