{"host":"rqs2099buorjjoja","time":1612142638,"event":{"mods":["AchievementEnabler","BaseMod","Beaked The Cultist","Colored Powertips","Downfall","Hubris","Infinite Spire","Minty Spire (QoL Compilation)","Quick Restart","Replay The Spire","StSLib"],"gold_per_floor":[99,115,128,128,139,152,175,195,214,234,234,251,151,162,181,278,278,278,296,310,320,320,320,320,305,305,325,325,360,360,460,475,575,575,575,587,587,607,619,166,248,248,233,251,236,264,164,184,204,204,204,204],"floor_reached":50,"language":"ENG","playtime":5068,"items_purged":[],"score":517,"play_id":"2b99a2e1-8f43-4fbe-94de-5a41cf880d05","local_time":"20210131202358","is_ascension_mode":false,"campfire_choices":[{"floor":1.0,"key":"RECALL"},{"floor":13.0,"key":"REST"},{"floor":18,"key":"DIG"},{"floor":23,"key":"REST"},{"floor":26,"key":"REST"},{"floor":28,"key":"REST"},{"data":"Slimebound:MassRepurpose","floor":35,"key":"SMITH"},{"floor":42,"key":"REST"},{"floor":47,"key":"REST"},{"data":"Slimebound:RallyTheTroops","floor":47,"key":"SMITH"}],"circlet_count":0,"master_deck":["Slimebound:Strike_Slimebound","Slimebound:Strike_Slimebound","Slimebound:Strike_Slimebound","Slimebound:Tackle","Slimebound:Defend_Slimebound","Slimebound:Defend_Slimebound","Slimebound:Defend_Slimebound","Slimebound:Defend_Slimebound","Slimebound:Split","Slimebound:CorrosiveSpit","Slimebound:Gluttony","Slimebound:Equalize","Slimebound:ViciousTackle","Slimebound:LeechingTouch","Slimebound:Prepare","Slimebound:SplitLeeching","Slimebound:ItLooksTasty","Slimebound:SamplingLick","Slimebound:SplitMire","Slimebound:SplitAcid","Slimebound:RallyTheTroops+1","Shame","Slimebound:CorrosiveSpit","Slimebound:MassRepurpose+1","Replay:Parry","Slimebound:LeechingTouch+1","Slimebound:SplitMire","Slimebound:OozeBath","Slimebound:RejuvenatingLick","Slimebound:SpikyOuterGoop","Slimebound:LeechEnergy","Slimebound:MassRepurpose+1","Slimebound:GoopSpray","Slimebound:SelfFormingGoo","Slimebound:PressTheAttack+1","Slimebound:Schlurp","Slimebound:LeechingTouch+1","Slimebound:GoopTackle+1","hubris:CleavingFinish","beaked:Hexing+1","sneckomod:DefensiveFlair","The Bomb"],"relics":["Slimebound:AbsorbEndCombat","hubris:Towel","Bag of Marbles","downfall:HeartBlessingRed","ReplayTheSpireMod:SealedPack","hubris:BottledRain","Slimebound:AggressiveSlimeRelic","Replay:WaspNest","hubris:Spice","White Beast Statue","Replay:Bronze Core","hubris:GlazedTorus","PrismaticShard","Torii","infinitespire:Magic Flask","downfall:HeartBlessingGreen"],"acts_visited":["Exordium","TheCity","TheBeyond"],"potions_floor_usage":[20,20,20,21,25,25,32,33,33,33,38,39,40,44,45,45,46,48,49],"damage_taken":[{"damage":8.0,"enemies":"Jaw Worm","floor":2.0,"turns":5.0},{"damage":16.0,"enemies":"2 Louse","floor":3.0,"turns":2.0},{"damage":13.0,"enemies":"Small Slimes","floor":5.0,"turns":2.0},{"damage":22.0,"enemies":"Red Slaver","floor":6.0,"turns":3.0},{"damage":0.0,"enemies":"Lots of Slimes","floor":8.0,"turns":2.0},{"damage":19.0,"enemies":"Exordium Thugs","floor":9.0,"turns":4.0},{"damage":0.0,"enemies":"Blue Slaver","floor":10.0,"turns":3.0},{"damage":8.0,"enemies":"Large Slime","floor":12.0,"turns":6.0},{"damage":3.0,"enemies":"Red Slaver","floor":14.0,"turns":3.0},{"damage":0.0,"enemies":"Blue Slaver","floor":15.0,"turns":3.0},{"damage":61.0,"enemies":"DF_ARCHETYPE_STREAMLINE","floor":16.0,"turns":10.0},{"damage":22,"enemies":"Chosen","floor":19,"turns":6},{"damage":40,"enemies":"Chosen and Byrds","floor":20,"turns":7},{"damage":30,"enemies":"Centurion and Healer","floor":21,"turns":5},{"damage":0,"enemies":"downfall:FleeingMerchant","floor":25,"turns":4},{"damage":36,"enemies":"Shelled Parasite and Fungi","floor":27,"turns":5},{"damage":22,"enemies":"Gremlin Leader","floor":29,"turns":7},{"damage":29,"enemies":"SI_SHIV_ARCHETYPE","floor":31,"turns":6},{"damage":5,"enemies":"Chosen and Byrds","floor":32,"turns":4},{"damage":26,"enemies":"WA_ARCHETYPE_CALM","floor":33,"turns":9},{"damage":31,"enemies":"3 Shapes","floor":36,"turns":4},{"damage":32,"enemies":"3 Darklings","floor":38,"turns":5},{"damage":18,"enemies":"Sphere and 2 Shapes","floor":39,"turns":5},{"damage":0,"enemies":"downfall:FleeingMerchant","floor":40,"turns":4},{"damage":0,"enemies":"downfall:FleeingMerchant","floor":43,"turns":4},{"damage":17,"enemies":"4 Shapes","floor":44,"turns":4},{"damage":0,"enemies":"downfall:FleeingMerchant","floor":45,"turns":4},{"damage":31,"enemies":"Nightmare","floor":46,"turns":8},{"damage":1,"enemies":"3 Darklings","floor":48,"turns":4},{"damage":0,"enemies":"Transient","floor":49,"turns":5},{"damage":138,"enemies":"IC_BLOCK_ARCHETYPE","floor":50,"turns":4}],"seed_played":"6109454115435900721","potions_obtained":[{"floor":2.0,"key":"FearPotion"},{"floor":3.0,"key":"Explosive Potion"},{"floor":8.0,"key":"Swift Potion"},{"floor":9.0,"key":"BlessingOfTheForge"},{"floor":16.0,"key":"Adrenaline Potion"},{"floor":19,"key":"Fire Potion"},{"floor":21,"key":"EntropicBrew"},{"floor":27,"key":"Doom Potion"},{"floor":31,"key":"Toxic Potion"},{"floor":32,"key":"Slimebound:SlimedPotion"},{"floor":33,"key":"Elixir"},{"floor":36,"key":"Slimebound:SlimedPotion"},{"floor":38,"key":"Adrenaline Potion"},{"floor":39,"key":"BlessingOfTheForge"},{"floor":40,"key":"Venom Potion"},{"floor":43,"key":"Toxic Potion"},{"floor":44,"key":"BlessingOfTheForge"},{"floor":45,"key":"SpeedPotion"},{"floor":46,"key":"Slimebound:SlimyTonguePotion"},{"floor":48,"key":"DuplicationPotion"},{"floor":49,"key":"sneckomod:MuddlingPotion"}],"is_trial":false,"path_per_floor":["R","M","M","?","M","M","T","M","M","M","?","M","R","M","M","B",null,"R","M","M","M","AVR","R","T","$","R","M","R","E","?","?","M","B",null,"R","M","?","M","M","$","T","R","$","M","$","NM","R","M","M","B"],"character_chosen":"SLIMEBOUND","items_purchased":["hubris:GlazedTorus","PrismaticShard"],"campfire_rested":6,"item_purchase_floors":[40,40],"current_hp_per_floor":[71,67,57,57,58,46,46,50,47,57,57,55,71,70,71,14,71,71,51,19,5,5,26,26,30,51,23,44,34,34,25,24,6,79,79,52,44,28,18,30,30,53,69,60,68,45,68,79,79,0,0,0],"gold":204,"neow_bonus":"TEN_PERCENT_HP_BONUS","is_daily":false,"chose_seed":false,"campfire_upgraded":2,"win_rate":0.0,"timestamp":1612142638,"path_taken":["R","M","M","?","M","M","T","M","M","M","?","M","R","M","M","BOSS","R","M","M","M","AVR","R","T","$","R","M","R","E","?","?","M","BOSS","R","M","?","?","?","$","T","R","$","?","?","NM","R","M","M","BOSS"],"items_purchased_type":["Relic","Relic"],"build_version":"2020-12-22","purchased_purges":0,"victory":false,"max_hp_per_floor":[71,71,71,71,71,71,71,71,71,71,71,71,71,71,71,71,71,71,71,71,71,71,71,71,71,71,71,71,71,71,79,79,79,79,79,79,79,79,79,79,79,79,79,79,79,79,79,79,79,79,79,79],"card_choices":[{"not_picked":["Slimebound:ComboTackle","Slimebound:SplitAcid"],"picked":"Slimebound:Gluttony","floor":2.0},{"not_picked":["Slimebound:ComboTackle","Slimebound:LivingWall"],"picked":"Slimebound:Equalize","floor":3.0},{"not_picked":["Slimebound:FormOfPuddle","Slimebound:FinishingTackle"],"picked":"Slimebound:ViciousTackle","floor":5.0},{"not_picked":["Slimebound:FirmFortitude","Slimebound:MegaLick"],"picked":"Slimebound:LeechingTouch","floor":6.0},{"not_picked":["Slimebound:Grow","Slimebound:LivingWall"],"picked":"Slimebound:Prepare","floor":8.0},{"not_picked":["Slimebound:GoopTackle","Slimebound:Prepare"],"picked":"Slimebound:SplitLeeching","floor":9.0},{"not_picked":["Slimebound:TongueLash","Slimebound:AcidTongue"],"picked":"Slimebound:ItLooksTasty","floor":10.0},{"not_picked":["Slimebound:RollThrough","Slimebound:SlimeBarrage"],"picked":"Slimebound:SamplingLick","floor":12.0},{"not_picked":["Slimebound:SplitAcid","Slimebound:LivingWall"],"picked":"Slimebound:SplitMire","floor":14.0},{"not_picked":["Slimebound:TongueLash","Slimebound:Prepare"],"picked":"Slimebound:SplitAcid","floor":15.0},{"not_picked":["Slimebound:OneTwoCombo","Slimebound:FirmFortitude"],"picked":"Slimebound:RallyTheTroops","floor":16.0},{"not_picked":["Replay:GuardianBash","sneckomod:TailWhip"],"picked":"Slimebound:CorrosiveSpit","floor":17},{"not_picked":["Slimebound:OneTwoCombo","Slimebound:MinionMaster"],"picked":"Slimebound:MassRepurpose","floor":17},{"not_picked":["infinitespire:SevenWalls","ReplayTheSpireMod:Chaos Vortex"],"picked":"infinitespire:SealOfDarkness+","floor":17},{"not_picked":["Specialist","ReplayTheSpireMod:Trickstab"],"picked":"Replay:Parry","floor":17},{"not_picked":["Slimebound:GrowthPunch","Slimebound:SlimeTap"],"picked":"Slimebound:LeechingTouch+1","floor":19},{"not_picked":["Slimebound:BestDefense","Slimebound:LivingWall+1"],"picked":"Slimebound:SplitMire","floor":20},{"not_picked":["Slimebound:ItLooksTasty","Slimebound:RollThrough"],"picked":"Slimebound:OozeBath","floor":21},{"not_picked":["Slimebound:SplitMire","Slimebound:SlimeBarrage"],"picked":"Slimebound:RejuvenatingLick","floor":25},{"not_picked":["Slimebound:GoopTackle","Slimebound:SlimeBrawl"],"picked":"Slimebound:SpikyOuterGoop","floor":27},{"not_picked":["Slimebound:FinishingTackle","Slimebound:SlimeSpikes"],"picked":"Slimebound:LeechEnergy","floor":29},{"not_picked":["Slimebound:ForwardTackle+1","Slimebound:Gluttony"],"picked":"Slimebound:MassRepurpose","floor":31},{"not_picked":["Slimebound:GoopTackle","Slimebound:ComboTackle+1"],"picked":"Slimebound:GoopSpray","floor":32},{"not_picked":["Slimebound:SlimeSlap","Slimebound:DuplicatedForm"],"picked":"Slimebound:SelfFormingGoo","floor":33},{"not_picked":["Slimebound:SlimeSpikes","Slimebound:SplitMire+1"],"picked":"Slimebound:PressTheAttack+1","floor":36},{"not_picked":["Slimebound:ViciousTackle","Slimebound:RallyTheTroops"],"picked":"Slimebound:Schlurp","floor":38},{"not_picked":["Slimebound:SplitLeeching","Slimebound:Dissolve"],"picked":"Slimebound:LeechingTouch+1","floor":39},{"not_picked":["Slimebound:RainOfGoop","Slimebound:ComboTackle+1"],"picked":"Slimebound:GoopTackle+1","floor":40},{"not_picked":["Guardian:WalkerClaw+1","sneckomod:UnendingSupply+1"],"picked":"hubris:CleavingFinish","floor":43},{"not_picked":["ReplayTheSpireMod:Shiv Toss+1","Panic Button+1"],"picked":"beaked:Hexing+1","floor":44},{"not_picked":["beaked:BounceBack","hexamod:SpectersWail+1","sneckomod:UnknownUncommonSkill+1"],"picked":"SKIP","floor":45},{"not_picked":["Slimebound:GoopTackle","beaked:Pecker","Clash+1"],"picked":"SKIP","floor":46},{"not_picked":["Fire Breathing+1","Cold Snap"],"picked":"sneckomod:DefensiveFlair","floor":48},{"not_picked":["Slimebound:AcidTongue","sneckomod:UnknownClassBLUE"],"picked":"The Bomb","floor":49}],"player_experience":165977,"relics_obtained":[{"floor":7.0,"key":"Bag of Marbles"},{"floor":18,"key":"hubris:BottledRain"},{"floor":24,"key":"Slimebound:AggressiveSlimeRelic"},{"floor":29,"key":"Replay:WaspNest"},{"floor":31,"key":"hubris:Spice"},{"floor":31,"key":"White Beast Statue"},{"floor":41,"key":"Torii"},{"floor":46,"key":"infinitespire:Magic Flask"}],"event_choices":[],"is_beta":false,"boss_relics":[{"not_picked":["hubris:VirtuousBlindfold","Empty Cage"],"picked":"ReplayTheSpireMod:SealedPack"},{"not_picked":["hubris:HollowSoul","SacredBark"],"picked":"Replay:Bronze Core"}],"items_purged_floors":[],"is_endless":false,"potions_floor_spawned":[2,3,8,9,16,19,21,27,31,32,33,36,38,39,40,43,44,45,46,48,49],"killed_by":"IC_BLOCK_ARCHETYPE","ascension_level":0}}