{"host":"jpcy2bclvs7juczu","time":1612148870,"event":{"mods":["Alarm Clock","BaseMod","Bestiary","Block Reminder","Colored Map","Colored Powertips","Curses Come First","Dark Map","Filter the Spire","Minty Spire (QoL Compilation)","Quick Restart","RNG Fix","Random Character Button","Relic Stats","Slay the Relics Exporter","Smile Girya","StSLib","everything is the same but u backflip on backflip","ojb\u0027s Better Paths Mod","ojb\u0027s Info Mod","slay the spire mod where everything is the same but ironclad has a cowboy hat"],"gold_per_floor":[111,129,129,139,158,186,186,186,186],"floor_reached":8,"language":"ENG","playtime":298,"items_purged":[],"score":116,"play_id":"9d214974-93ec-4102-b2c8-c221f2f50cab","local_time":"20210131220750","is_ascension_mode":true,"campfire_choices":[{"data":"Eruption","floor":7,"key":"SMITH"}],"circlet_count":0,"master_deck":["AscendersBane","Strike_P","Strike_P","Strike_P","Strike_P","Defend_P","Defend_P","Defend_P","Defend_P","Eruption+1","Vigilance","Prostrate","BowlingBash","CrushJoints","Adaptation","ReachHeaven"],"relics":["Coffee Dripper","FossilizedHelix"],"acts_visited":["Exordium"],"potions_floor_usage":[5,5,6],"damage_taken":[{"damage":7,"enemies":"Jaw Worm","floor":1,"turns":4},{"damage":5,"enemies":"2 Louse","floor":2,"turns":4},{"damage":0,"enemies":"Small Slimes","floor":4,"turns":3},{"damage":3,"enemies":"Gremlin Gang","floor":5,"turns":3},{"damage":35,"enemies":"Gremlin Nob","floor":6,"turns":4},{"damage":27,"enemies":"3 Sentries","floor":8,"turns":2}],"seed_played":"2560430680269009348","potions_obtained":[{"floor":2,"key":"SmokeBomb"},{"floor":3,"key":"Strength Potion"},{"floor":3,"key":"GamblersBrew"},{"floor":4,"key":"BlessingOfTheForge"},{"floor":5,"key":"ColorlessPotion"}],"is_trial":false,"path_per_floor":["M","M","?","M","M","E","R","E"],"character_chosen":"WATCHER","items_purchased":[],"campfire_rested":0,"item_purchase_floors":[],"current_hp_per_floor":[54,49,49,49,46,11,11,0,0],"gold":186,"neow_bonus":"BOSS_RELIC","is_daily":false,"chose_seed":false,"campfire_upgraded":1,"win_rate":0.0,"timestamp":1612148870,"path_taken":["M","M","?","M","M","E","R","E"],"items_purchased_type":[],"build_version":"2020-12-22","purchased_purges":0,"victory":false,"max_hp_per_floor":[68,68,68,68,68,68,68,68,68],"relic_stats":{"counters":[6,20],"obtain_stats":[{"Coffee Dripper":0,"PureWater":0,"FossilizedHelix":6},{"Coffee Dripper":0,"PureWater":0,"FossilizedHelix":5},{"Coffee Dripper":0,"PureWater":0,"FossilizedHelix":18}]},"card_choices":[{"not_picked":["EmptyBody","ThirdEye"],"picked":"Prostrate","floor":1},{"not_picked":["Wireheading","ClearTheMind"],"picked":"BowlingBash","floor":2},{"not_picked":["FollowUp","FlyingSleeves"],"picked":"CrushJoints","floor":4},{"not_picked":["Weave","Judgement"],"picked":"Adaptation","floor":5},{"not_picked":["Pray","ClearTheMind"],"picked":"ReachHeaven","floor":6}],"player_experience":1539941,"relics_obtained":[{"floor":6,"key":"FossilizedHelix"}],"event_choices":[{"damage_healed":0,"gold_gain":0,"player_choice":"Got Potions","damage_taken":0,"max_hp_gain":0,"max_hp_loss":0,"event_name":"Lab","floor":3,"gold_loss":0}],"is_beta":false,"boss_relics":[],"items_purged_floors":[],"is_endless":false,"potions_floor_spawned":[2,4,5],"killed_by":"3 Sentries","ascension_level":20}}