{"host":"4evnc443c98ww2zl","time":1612141859,"event":{"mods":["BaseMod","Better Third Choice","Hermit","Koishi","Luminous","Minty Spire (QoL Compilation)","Remilia??????","Robot Space Explorer","StSLib","The Administrix","The Bug Knight","The Cursed","TheSwordswoman"],"gold_per_floor":[109,109,109,126,144,170,170,200,251,277,277,305,152,172,172,275,275,294,294,294,135,165,165,183,183,230,259,272,298,298,332,332,437,437,447,466,289,323,348,382,382,416,416,452,475,514,533,892,892,892,892,892,0,26,26],"floor_reached":56,"language":"ENG","playtime":4698,"items_purged":[],"score":1622,"play_id":"9455ea78-1e53-4e63-80fa-4bbe922b31f0","local_time":"20210131191059","daily_mods":["SealedDeck","Diverse","Colorless Cards","Heirloom","DeadlyEvents","Elite Swarm"],"is_ascension_mode":false,"campfire_choices":[{"floor":7,"key":"RECALL"},{"data":"1","floor":11,"key":"LIFT"},{"data":"2","floor":15,"key":"LIFT"},{"data":"3","floor":23,"key":"LIFT"},{"data":"RobotSpaceExplorer:Exploration","floor":25,"key":"SMITH"},{"data":"Exhume","floor":30,"key":"SMITH"},{"data":"HollowMod:DashSlash","floor":32,"key":"SMITH"},{"data":"HollowMod:RecoilStrike","floor":41,"key":"SMITH"},{"data":"RobotSpaceExplorer:Accelerator","floor":49,"key":"SMITH"},{"data":"AdministrixMod:RebukeDesires","floor":52,"key":"SMITH"}],"circlet_count":0,"master_deck":["HollowMod:RecoilStrike+1","Sucker Punch","DeceiveReality+1","Thunderclap","RobotSpaceExplorer:Probe","RobotSpaceExplorer:ScrapMissile","HollowMod:DashSlash+1","RobotSpaceExplorer:ScrapMissile","HollowMod:SoulStrike","RobotSpaceExplorer:ScrapMissile","Deflect+1","blazmod:SureOfHand","AdministrixMod:RebukeDesires+1","Feed","Sadistic Nature","RobotSpaceExplorer:Accelerator+1","HollowMod:CycloneSlash","hermit:Feint","hermit:LowProfile","Feed","FollowUp","Luminous:Arcane_Rage_Luminous","HollowMod:HowlingWraiths+1","UnstableMagic","Exhume+1","AdministrixMod:LifeforceNet","HollowMod:Weaversong","Luminous:Light_Gather+1","hermit:Vantage+1","Koishi:SubterraneanRose","Luminous:Photic_Meditation_Luminous","Blur","RobotSpaceExplorer:TrailblazerForm+1","After Image+1","Juggernaut+1","hermit:Glare+1","Consecrate+1"],"relics":["HollowMod:VesselMask","Girya","HornCleat","Darkstone Periapt","Lizard Tail","Bag of Marbles","The Courier","HollowMod:PaleOreRelic","MealTicket","Black Star","Enchiridion","DollysMirror","Kunai","Gremlin Horn","War Paint","Mercury Hourglass","Torii","Potion Belt","Calipers","Prayer Wheel","Peace Pipe","Bag of Preparation","SacredBark","CeramicFish","Molten Egg 2","HollowMod:MillibellesNoteRelic","Pocketwatch","StoneCalendar","Frozen Egg 2","Bronze Scales","Ornamental Fan","Happy Flower","HollowMod:KingsBrand","Turnip","Bottled Tornado","Old Coin","Letter Opener","Toy Ornithopter","Bottled Lightning","Nunchaku","Oddly Smooth Stone","Lantern","Anchor","Mummified Hand"],"acts_visited":["Exordium","TheCity","TheBeyond","TheEnding"],"potions_floor_usage":[10,12,16,18,27,28,33,38,40,40,46,50,55],"damage_taken":[{"damage":0,"enemies":"Cultist","floor":1,"turns":2},{"damage":0,"enemies":"Small Slimes","floor":4,"turns":2},{"damage":0,"enemies":"2 Louse","floor":5,"turns":1},{"damage":5,"enemies":"3 Sentries","floor":6,"turns":6},{"damage":2,"enemies":"Gremlin Nob","floor":8,"turns":4},{"damage":9,"enemies":"3 Sentries","floor":10,"turns":3},{"damage":0,"enemies":"Gremlin Nob","floor":12,"turns":3},{"damage":0,"enemies":"2 Fungi Beasts","floor":14,"turns":1},{"damage":4,"enemies":"Slime Boss","floor":16,"turns":4},{"damage":4,"enemies":"2 Thieves","floor":18,"turns":2},{"damage":7,"enemies":"Gremlin Leader","floor":22,"turns":5},{"damage":4,"enemies":"Shell Parasite","floor":24,"turns":4},{"damage":32,"enemies":"Slavers","floor":27,"turns":2},{"damage":1,"enemies":"Snake Plant","floor":28,"turns":4},{"damage":1,"enemies":"Book of Stabbing","floor":29,"turns":3},{"damage":11,"enemies":"HollowMod:Nosk","floor":31,"turns":5},{"damage":9,"enemies":"Collector","floor":33,"turns":4},{"damage":18,"enemies":"3 Shapes","floor":35,"turns":1},{"damage":0,"enemies":"3 Darklings","floor":36,"turns":2},{"damage":0,"enemies":"Reptomancer","floor":38,"turns":3},{"damage":3,"enemies":"4 Shapes","floor":39,"turns":2},{"damage":0,"enemies":"Giant Head","floor":40,"turns":7},{"damage":40,"enemies":"Nemesis","floor":42,"turns":5},{"damage":2,"enemies":"Reptomancer","floor":44,"turns":6},{"damage":0,"enemies":"Giant Head","floor":46,"turns":7},{"damage":1,"enemies":"HollowMod:SlobberingHusk","floor":47,"turns":6},{"damage":0,"enemies":"Mind Bloom Boss Battle","floor":48,"turns":4},{"damage":19,"enemies":"Donu and Deca","floor":50,"turns":6},{"damage":8,"enemies":"Shield and Spear","floor":54,"turns":6},{"damage":0,"enemies":"The Heart","floor":55,"turns":7}],"seed_played":"-6831477635111215270","potions_obtained":[{"floor":1,"key":"Regen Potion"},{"floor":6,"key":"Swift Potion"},{"floor":12,"key":"DistilledChaos"},{"floor":16,"key":"Block Potion"},{"floor":24,"key":"GamblersBrew"},{"floor":27,"key":"SkillPotion"},{"floor":31,"key":"CultistPotion"},{"floor":33,"key":"SneckoOil"},{"floor":36,"key":"LiquidMemories"},{"floor":38,"key":"DistilledChaos"},{"floor":39,"key":"LiquidMemories"},{"floor":44,"key":"Weak Potion"},{"floor":48,"key":"Explosive Potion"},{"floor":54,"key":"SpeedPotion"}],"is_trial":true,"path_per_floor":["M","$","T","M","M","E","R","E","T","E","R","E","$","M","R","B",null,"M","?","?","$","E","R","M","R","T","E","M","E","R","E","R","B",null,"M","M","$","E","M","E","R","E","T","E","T","E","M","?","R","B",null,"R","$","E","B",null],"character_chosen":"THE_BUGKNIGHT","items_purchased":["HollowMod:CycloneSlash","MealTicket","DollysMirror","FollowUp","Luminous:Photic_Meditation_Luminous","CeramicFish","Letter Opener","Toy Ornithopter","Bottled Lightning","Nunchaku","Oddly Smooth Stone","Lantern"],"campfire_rested":0,"item_purchase_floors":[13,13,21,21,37,37,53,53,53,53,53,53],"current_hp_per_floor":[75,75,75,75,75,70,70,71,71,74,74,77,77,77,77,76,87,86,70,70,85,81,81,80,80,80,51,53,55,55,47,47,41,111,93,93,108,111,114,124,124,90,90,97,97,103,108,111,111,101,133,133,133,137,139],"gold":26,"neow_bonus":"","is_daily":false,"chose_seed":false,"campfire_upgraded":6,"win_rate":0.0,"timestamp":1612141859,"path_taken":["M","?","?","M","M","E","R","E","T","E","R","E","?","M","R","BOSS","M","?","?","?","?","R","M","R","T","E","M","E","R","E","R","BOSS","M","?","$","?","M","E","R","E","T","E","?","E","M","?","R","BOSS","R","$","E","BOSS"],"items_purchased_type":["Card","Relic","Relic","Card","Card","Relic","Relic","Relic","Relic","Relic","Relic","Relic"],"build_version":"2020-12-22","purchased_purges":0,"victory":true,"max_hp_per_floor":[75,75,75,75,75,75,75,78,78,81,81,84,84,84,84,87,87,90,90,90,90,93,93,96,96,96,99,102,105,105,108,108,111,111,111,111,111,114,120,124,124,124,124,127,127,127,127,130,130,133,133,133,133,139,139],"card_choices":[{"not_picked":["RobotSpaceExplorer:SwiftStep","hermit:Desperado"],"picked":"Deflect","floor":1},{"not_picked":["hermit:TrackingShot","TheCursedMod:Stretching"],"picked":"blazmod:SureOfHand","floor":4},{"not_picked":["Havoc","TheCursedMod:SpitefulStrike"],"picked":"AdministrixMod:RebukeDesires","floor":5},{"not_picked":["Phantasmal Killer","HollowMod:HornetsHelp"],"picked":"Feed","floor":6},{"not_picked":["Koishi:RollingInRichesHeart","TheCursedMod:ManaCirculation"],"picked":"Sadistic Nature","floor":8},{"not_picked":["DemonKingCradle","Ragnarok","HollowMod:AwokenDreamNail"],"picked":"SKIP","floor":10},{"not_picked":["TheCursedMod:CircleOfAbyss","blazmod:EightLifePilgrimage"],"picked":"RobotSpaceExplorer:Accelerator","floor":12},{"not_picked":["TheCursedMod:TacticalStrike","RobotSpaceExplorer:Counterblock"],"picked":"hermit:Feint","floor":14},{"not_picked":["Magnetism","Luminous:Balance_Baptism"],"picked":"RobotSpaceExplorer:Exploration","floor":16},{"not_picked":["Dual Wield","Koishi:SprinkleStarAndHeart"],"picked":"hermit:LowProfile","floor":18},{"not_picked":["Koishi:FadingMemory","blazmod:DawnflutterDance"],"picked":"Luminous:Arcane_Rage_Luminous","floor":22},{"not_picked":["Intimidate","TheCursedMod:Grudge"],"picked":"HollowMod:HowlingWraiths+1","floor":24},{"not_picked":["RobotSpaceExplorer:Scanner","HollowMod:MidwifesHunger","AdministrixMod:StarSwordSoul"],"picked":"SKIP","floor":27},{"not_picked":["AdministrixMod:QuietConspiracy","AdministrixMod:BloodlessSapphire"],"picked":"UnstableMagic","floor":28},{"not_picked":["Judgement","AdministrixMod:NewbornDivinity"],"picked":"Exhume","floor":29},{"not_picked":["AdministrixMod:CosmosControl","CeilingFear"],"picked":"AdministrixMod:LifeforceNet","floor":31},{"not_picked":["EquivalentExchange","Alpha"],"picked":"HollowMod:Weaversong","floor":33},{"not_picked":["RobotSpaceExplorer:Ammunition+1","blazmod:Trasient"],"picked":"Luminous:Light_Gather+1","floor":35},{"not_picked":["Auto Shields","RobotSpaceExplorer:Counterblock","Warcry"],"picked":"SKIP","floor":35},{"not_picked":["Koishi:Possession+1","hermit:Cheat"],"picked":"hermit:Vantage+1","floor":36},{"not_picked":["Luminous:Light_Sylvan_Lance","HollowMod:TaintedHusks+1"],"picked":"Koishi:SubterraneanRose","floor":36},{"not_picked":["HollowMod:theNailsmith","Omniscience","Doppelganger"],"picked":"SKIP","floor":38},{"not_picked":["blazmod:QuickBlade+1","AdministrixMod:TouchOfCinnabar+1"],"picked":"Blur","floor":39},{"not_picked":["Koishi:Prune+1","blazmod:MentalFocus+1","AdministrixMod:FiendishCrimson+1"],"picked":"SKIP","floor":39},{"not_picked":["HollowMod:ElderbugsWisdom","hermit:OverwhelmingPower","MasterReality"],"picked":"SKIP","floor":40},{"not_picked":["AdministrixMod:BrewingCloister","AdministrixMod:LifeforceNet+1"],"picked":"RobotSpaceExplorer:TrailblazerForm+1","floor":42},{"not_picked":["Grand Finale+1","Apotheosis"],"picked":"After Image+1","floor":44},{"not_picked":["TricksterDevil+1","Wraith Form v2+1"],"picked":"Juggernaut+1","floor":46},{"not_picked":["blazmod:SureOfHand+1","ReachHeaven+1"],"picked":"hermit:Glare+1","floor":47},{"not_picked":["TheCursedMod:CursedMace+1","Indignation","HollowMod:SoulStrike+1"],"picked":"SKIP","floor":47},{"not_picked":["Wild Strike+1","CutThroughFate+1"],"picked":"Consecrate+1","floor":48},{"not_picked":["Luminous:Balance_Baptism+1","QueenOfMidnight+1","blazmod:MirrorImage+1"],"picked":"SKIP","floor":54}],"player_experience":1168813,"relics_obtained":[{"floor":3,"key":"HornCleat"},{"floor":6,"key":"Darkstone Periapt"},{"floor":8,"key":"Lizard Tail"},{"floor":9,"key":"Bag of Marbles"},{"floor":10,"key":"The Courier"},{"floor":12,"key":"HollowMod:PaleOreRelic"},{"floor":19,"key":"Enchiridion"},{"floor":22,"key":"Kunai"},{"floor":22,"key":"Gremlin Horn"},{"floor":26,"key":"War Paint"},{"floor":27,"key":"Mercury Hourglass"},{"floor":27,"key":"Torii"},{"floor":28,"key":"Potion Belt"},{"floor":29,"key":"Calipers"},{"floor":29,"key":"Prayer Wheel"},{"floor":31,"key":"Peace Pipe"},{"floor":31,"key":"Bag of Preparation"},{"floor":38,"key":"Molten Egg 2"},{"floor":38,"key":"HollowMod:MillibellesNoteRelic"},{"floor":40,"key":"Pocketwatch"},{"floor":40,"key":"StoneCalendar"},{"floor":42,"key":"Frozen Egg 2"},{"floor":42,"key":"Bronze Scales"},{"floor":44,"key":"Ornamental Fan"},{"floor":44,"key":"Happy Flower"},{"floor":45,"key":"HollowMod:KingsBrand"},{"floor":46,"key":"Turnip"},{"floor":46,"key":"Bottled Tornado"},{"floor":48,"key":"Old Coin"},{"floor":54,"key":"Anchor"},{"floor":54,"key":"Mummified Hand"}],"event_choices":[{"damage_healed":0,"gold_gain":0,"player_choice":"Obtained Book","damage_taken":16,"max_hp_gain":0,"max_hp_loss":0,"event_name":"Cursed Tome","floor":19,"gold_loss":0},{"damage_healed":0,"gold_gain":0,"player_choice":"Ignored","damage_taken":0,"max_hp_gain":0,"max_hp_loss":0,"event_name":"Beggar","floor":20,"gold_loss":0},{"damage_healed":0,"gold_gain":0,"player_choice":"Fight","damage_taken":0,"max_hp_gain":0,"max_hp_loss":0,"event_name":"MindBloom","floor":48,"gold_loss":0}],"is_beta":false,"boss_relics":[{"not_picked":["Tiny House","Snecko Eye"],"picked":"Black Star"},{"not_picked":["Velvet Choker","Runic Pyramid"],"picked":"SacredBark"}],"items_purged_floors":[],"is_endless":false,"potions_floor_spawned":[1,6,12,16,24,27,31,33,36,38,39,44,48,54],"ascension_level":0}}