{"host":"d5i1qeb9dejicw1z","time":1612161465,"event":{"mods":["AchievementEnabler","BaseMod","Better Note","BetterRewards","Evolution","Gold Saver","Minty Spire (QoL Compilation)","Permanent Neow","Relic Filter Mod","Reliquary","StSLib"],"gold_per_floor":[1126,1126,1140,692,704,704,729,729,753,788,805,805,815,849,849,921,921,940,940,940,960,960,960,537,554,581,236,266,280,307,307,307,386,386,399,399,412,80,92,120,120,154,204,204,204],"floor_reached":44,"language":"ENG","playtime":1956,"items_purged":[],"score":1177,"play_id":"08b7bcaa-cd53-4057-af03-1715fc148318","local_time":"20210131223745","is_ascension_mode":true,"campfire_choices":[{"data":"Zap","floor":6,"key":"SMITH"},{"data":"Cold Snap","floor":8,"key":"SMITH"},{"data":"Coolheaded","floor":12,"key":"SMITH"},{"floor":15,"key":"REST"},{"data":"Chaos","floor":23,"key":"SMITH"},{"floor":32,"key":"REST"}],"circlet_count":0,"master_deck":["AscendersBane","Cold Snap+1","Cold Snap+1","Cold Snap","Cold Snap+1","Conserve Battery","Conserve Battery","Conserve Battery","Zap+1","Dualcast","Chaos+1","Chill","Coolheaded+1","Core Surge+1","Core Surge+1","Barrage+1","Electrodynamics","Defragment","Ball Lightning+1","Echo Form","Barrage+1","Chaos+1","Defragment"],"relics":["Cracked Core","EVO:Axolotl","Pear","HandDrill","Whetstone","Art of War","Molten Egg 2","Ancient Tea Set","Inserter","Eternal Feather","Bag of Preparation","Bird Faced Urn","reliquary:IridiumChain","Nunchaku","SlaversCollar","ClockworkSouvenir","Potion Belt","Oddly Smooth Stone","Blood Vial"],"acts_visited":["Exordium","TheCity","TheBeyond"],"potions_floor_usage":[7,10,16,19,25,30,40,40],"damage_taken":[{"damage":1,"enemies":"Jaw Worm","floor":1,"turns":4},{"damage":0,"enemies":"Small Slimes","floor":3,"turns":4},{"damage":0,"enemies":"Cultist","floor":5,"turns":3},{"damage":0,"enemies":"3 Sentries","floor":7,"turns":11},{"damage":10,"enemies":"Gremlin Nob","floor":10,"turns":4},{"damage":0,"enemies":"Large Slime","floor":11,"turns":5},{"damage":6,"enemies":"Exordium Thugs","floor":13,"turns":4},{"damage":0,"enemies":"Lagavulin","floor":14,"turns":6},{"damage":82,"enemies":"Hexaghost","floor":16,"turns":15},{"damage":0,"enemies":"3 Byrds","floor":18,"turns":5},{"damage":0,"enemies":"2 Thieves","floor":19,"turns":1},{"damage":11,"enemies":"Centurion and Healer","floor":21,"turns":9},{"damage":12,"enemies":"Shelled Parasite and Fungi","floor":25,"turns":3},{"damage":24,"enemies":"Gremlin Leader","floor":28,"turns":7},{"damage":0,"enemies":"Chosen and Byrds","floor":29,"turns":5},{"damage":19,"enemies":"Book of Stabbing","floor":30,"turns":6},{"damage":14,"enemies":"Collector","floor":33,"turns":7},{"damage":6,"enemies":"3 Shapes","floor":35,"turns":5},{"damage":22,"enemies":"Orb Walker","floor":37,"turns":4},{"damage":0,"enemies":"Maw","floor":39,"turns":7},{"damage":23,"enemies":"Giant Head","floor":40,"turns":7},{"damage":30,"enemies":"Reptomancer","floor":42,"turns":6},{"damage":41,"enemies":"Transient","floor":44,"turns":5}],"seed_played":"6513320607011650943","potions_obtained":[{"floor":3,"key":"DistilledChaos"},{"floor":5,"key":"FearPotion"},{"floor":13,"key":"PowerPotion"},{"floor":14,"key":"SmokeBomb"},{"floor":18,"key":"GamblersBrew"},{"floor":29,"key":"BlessingOfTheForge"}],"is_trial":false,"path_per_floor":["M","?","M","$","M","R","E","R","T","E","M","R","M","E","R","B",null,"M","M","?","M","?","R","$","M","T","$","E","M","E","?","R","B",null,"M","?","M","$","M","E","?","E","T","M"],"character_chosen":"DEFECT","items_purchased":["Pear","HandDrill","Defragment","Eternal Feather","Ball Lightning+1","Bird Faced Urn","ClockworkSouvenir","CultistPotion","BlessingOfTheForge"],"campfire_rested":2,"item_purchase_floors":[4,4,24,24,24,27,38,38,38],"current_hp_per_floor":[65,65,65,75,75,75,75,75,75,65,65,65,59,59,83,1,63,63,63,63,52,52,52,52,40,40,40,24,30,17,17,53,47,74,72,72,54,54,66,51,51,29,29,0,0],"gold":204,"neow_bonus":"THREE_CARDS","is_daily":false,"chose_seed":false,"campfire_upgraded":4,"win_rate":0.0,"timestamp":1612161465,"path_taken":["M","?","M","$","M","R","E","R","T","E","M","R","M","E","R","BOSS","M","M","?","?","?","R","$","M","T","?","E","M","E","?","R","BOSS","M","?","M","$","M","E","?","E","T","M"],"items_purchased_type":["Relic","Relic","Card","Relic","Card","Relic","Relic","Potion","Potion"],"build_version":"2020-12-22","purchased_purges":0,"victory":false,"max_hp_per_floor":[73,73,73,83,83,83,83,83,83,83,83,83,83,83,83,83,83,83,83,83,83,83,83,83,83,83,83,83,83,83,83,83,83,83,83,83,83,83,83,83,83,83,83,83,83],"card_choices":[{"not_picked":["Streamline","Hologram"],"picked":"Chaos","floor":0},{"not_picked":["Stack","Hologram","Skim"],"picked":"SKIP","floor":1},{"not_picked":["Storm","FTL","Lockon"],"picked":"SKIP","floor":3},{"not_picked":["Turbo","Darkness","Aggregate"],"picked":"SKIP","floor":5},{"not_picked":["Leap","Auto Shields"],"picked":"Chill","floor":7},{"not_picked":["Genetic Algorithm","Fission","Hologram"],"picked":"SKIP","floor":10},{"not_picked":["Hologram","Redo"],"picked":"Coolheaded","floor":11},{"not_picked":["Streamline+1","Redo","Rebound+1"],"picked":"SKIP","floor":13},{"not_picked":["Compile Driver+1","Self Repair"],"picked":"Core Surge+1","floor":14},{"not_picked":["Fission","Buffer"],"picked":"Core Surge+1","floor":16},{"not_picked":["Sweeping Beam+1","FTL+1","Gash+1"],"picked":"SKIP","floor":18},{"not_picked":["Leap","Compile Driver+1"],"picked":"Barrage+1","floor":21},{"not_picked":["Beam Cell+1","Reinforced Body"],"picked":"Echo Form","floor":25},{"not_picked":["Lockon+1","Steam Power","Redo"],"picked":"SKIP","floor":28},{"not_picked":["Compile Driver+1","Conserve Battery","Beam Cell+1"],"picked":"SKIP","floor":29},{"not_picked":["Hyperbeam+1","Leap"],"picked":"Barrage+1","floor":30},{"not_picked":["Streamline+1","Lockon+1"],"picked":"Chaos+1","floor":35},{"not_picked":["Darkness","Doom and Gloom+1","Ball Lightning+1"],"picked":"SKIP","floor":37},{"not_picked":["Rebound+1","Sweeping Beam+1","Stack"],"picked":"SKIP","floor":39},{"not_picked":["Stack","Capacitor","Reinforced Body+1"],"picked":"SKIP","floor":40},{"not_picked":["Hologram+1","Turbo+1","Coolheaded"],"picked":"SKIP","floor":42}],"player_experience":1224362,"relics_obtained":[{"floor":7,"key":"Whetstone"},{"floor":9,"key":"Art of War"},{"floor":10,"key":"Molten Egg 2"},{"floor":14,"key":"Ancient Tea Set"},{"floor":26,"key":"Bag of Preparation"},{"floor":28,"key":"reliquary:IridiumChain"},{"floor":30,"key":"Nunchaku"},{"floor":40,"key":"Potion Belt"},{"floor":42,"key":"Oddly Smooth Stone"},{"floor":43,"key":"Blood Vial"}],"event_choices":[{"damage_healed":0,"gold_gain":0,"player_choice":"Ignored","damage_taken":0,"max_hp_gain":0,"max_hp_loss":0,"event_name":"Golden Wing","floor":2,"gold_loss":0},{"damage_healed":0,"gold_gain":0,"player_choice":"Ignored","damage_taken":0,"max_hp_gain":0,"max_hp_loss":0,"event_name":"Transmorgrifier","floor":20,"gold_loss":0},{"cards_removed":["Core Surge"],"damage_healed":0,"gold_gain":0,"player_choice":"Take \u0026 Give","damage_taken":0,"max_hp_gain":0,"max_hp_loss":0,"event_name":"betterNote:BetterNote","floor":22,"gold_loss":0,"cards_obtained":["Electrodynamics"]},{"damage_healed":0,"gold_gain":0,"player_choice":"Ignored","damage_taken":0,"max_hp_gain":0,"max_hp_loss":0,"event_name":"The Mausoleum","floor":31,"gold_loss":0},{"cards_removed":["Conserve Battery"],"damage_healed":0,"gold_gain":0,"player_choice":"Removed Skill","damage_taken":0,"max_hp_gain":0,"max_hp_loss":0,"event_name":"Falling","floor":36,"gold_loss":0},{"damage_healed":0,"gold_gain":0,"player_choice":"Copied","damage_taken":0,"max_hp_gain":0,"max_hp_loss":0,"event_name":"Duplicator","floor":41,"gold_loss":0,"cards_obtained":["Defragment"]}],"is_beta":false,"boss_relics":[{"not_picked":["reliquary:Craggleroot","Tiny House"],"picked":"Inserter"},{"not_picked":["FrozenCore","Black Star"],"picked":"SlaversCollar"}],"items_purged_floors":[],"is_endless":false,"potions_floor_spawned":[3,5,13,14,18,29,39],"killed_by":"Transient","ascension_level":20}}