{"host":"fkig9nrckec4xsh0","time":1612172990,"event":{"mods":["Act Like it!","BaseMod","Colored Map","Gensokyo","Hermit","Marisa????????","Minty Spire (QoL Compilation)","Quick Restart","Replay The Spire","StSLib"],"gold_per_floor":[112,112,112,37,56,84,98,131,131],"floor_reached":8,"language":"ENG","playtime":267,"items_purged":["Strike_R"],"score":182,"play_id":"9ec69509-f411-414d-9c30-cbe1dec1fec2","local_time":"20210201044950","is_ascension_mode":true,"campfire_choices":[],"circlet_count":0,"master_deck":["AscendersBane","Strike_R","Strike_R","Strike_R","Strike_R","Defend_R+1","Defend_R","Defend_R+1","Bash","ReplayTheSpireMod:Corrosion Curse","Searing Blow","Pommel Strike"],"relics":["Burning Blood","NeowsBlessing","Omamori","Charon\u0027s Ashes"],"acts_visited":["Exordium"],"potions_floor_usage":[6,8],"damage_taken":[{"damage":0,"enemies":"Jaw Worm","floor":1,"turns":1},{"damage":0,"enemies":"Small Slimes","floor":5,"turns":1},{"damage":0,"enemies":"3 Sentries","floor":6,"turns":2},{"damage":6,"enemies":"Cultist","floor":7,"turns":3},{"damage":52,"enemies":"Lagavulin","floor":8,"turns":6}],"seed_played":"505900188555704523","potions_obtained":[{"floor":1,"key":"PowerPotion"},{"floor":6,"key":"Fruit Juice"}],"is_trial":false,"path_per_floor":["M","?","?","$","M","E","M","E"],"character_chosen":"IRONCLAD","items_purchased":[],"campfire_rested":0,"item_purchase_floors":[],"current_hp_per_floor":[74,51,51,51,57,68,68,22,22],"gold":131,"neow_bonus":"THREE_ENEMY_KILL","is_daily":false,"chose_seed":false,"campfire_upgraded":0,"win_rate":0.0,"timestamp":1612172990,"path_taken":["M","?","?","$","?","E","M","E"],"items_purchased_type":[],"build_version":"2020-12-22","purchased_purges":1,"victory":false,"max_hp_per_floor":[75,75,75,75,75,80,80,80,80],"card_choices":[{"not_picked":["Massacre","Anger"],"picked":"ReplayTheSpireMod:Corrosion Curse","floor":1},{"not_picked":["Pommel Strike","Anger"],"picked":"Searing Blow","floor":5},{"not_picked":["ReplayTheSpireMod:Strike From Hell","Searing Blow"],"picked":"Pommel Strike","floor":6},{"not_picked":["Headbutt","Warcry","Wild Strike"],"picked":"SKIP","floor":7}],"player_experience":417306,"relics_obtained":[{"floor":6,"key":"Omamori"},{"floor":8,"key":"Charon\u0027s Ashes"}],"event_choices":[{"damage_healed":0,"gold_gain":0,"player_choice":"Entered Light","damage_taken":23,"max_hp_gain":0,"max_hp_loss":0,"event_name":"Shining Light","floor":2,"gold_loss":0,"cards_upgraded":["Defend_R","Defend_R"]},{"cards_removed":["Defend_R"],"damage_healed":0,"gold_gain":0,"player_choice":"Purged","damage_taken":0,"max_hp_gain":0,"max_hp_loss":0,"event_name":"Purifier","floor":3,"gold_loss":0}],"is_beta":false,"boss_relics":[],"items_purged_floors":[4],"is_endless":false,"potions_floor_spawned":[1,6],"killed_by":"Lagavulin","ascension_level":20}}