{"host":"gf8hyl7jhl0is674","time":1612161074,"event":{"mods":["2.2 Compatiblity","Act Like it!","Aspiration","BaseMod","CapriCore","Chen","Colored Map","Gensokyo","Koishi","Marisa????????","Minty Spire (QoL Compilation)","Onozuka Komachi Mod","Permanent Neow","Reimu??????","StSLib","The Administrix","The Blue Laboratory","The Immortal","The Jungle","The Servant 0.9.4","Waifu the Spire","Yakumo Yukari mod"],"gold_per_floor":[114,114,125,145,162,190,203,220,220,231,231,245,245,17,17,112,112,125,125,136,36,36,56,85,85,85,111,111,59,72,72,72,170,170,188,199,199,215,234,234,234,234,234,284,284,317,317,335,335,335,335,335,16,46,46,46],"floor_reached":55,"language":"ENG","playtime":3938,"items_purged":["Poor:ReiMu","Strike_P","Defend_P"],"score":764,"play_id":"6736d534-4139-4154-8acb-b6f9d1836a9c","local_time":"20210131233114","is_ascension_mode":false,"campfire_choices":[{"floor":11,"key":"DIG"},{"floor":13,"key":"DIG"},{"floor":15,"key":"RECALL"},{"floor":25,"key":"DIG"},{"floor":28,"key":"REST"},{"floor":32,"key":"DIG"},{"floor":40,"key":"DIG"},{"floor":42,"key":"DIG"},{"floor":45,"key":"DIG"},{"floor":47,"key":"DIG"},{"floor":49,"key":"DIG"},{"floor":52,"key":"DIG"}],"circlet_count":0,"master_deck":["Strike_P+1","Eruption+1","Vigilance","CarveReality","WindmillStrike","EmptyMind","Perseverance","Halt","Evaluate","ClearTheMind+1","Worship+1","Scrawl+1","JustLucky+1","FlurryOfBlows+1","Nirvana+1","LikeWater","FlurryOfBlows","CutThroughFate+1","DeusExMachina+1","WreathOfFlame+1","Consecrate+1","Omniscience+1","CutThroughFate+1","Panacea+1","Blind+1","JustLucky+1","JustLucky+1","Madness+1","Madness+1","Decay","ThirdEye+1","Sanctity+1","Study","Flash of Steel","CutThroughFate"],"relics":["Cursed Key","Shovel","Toxic Egg 2","Bird Faced Urn","Bronze Scales","Mastiff:ReiMu","Empty Cage","Boot","Regal Pillow","Pantograph","Shuriken","Dream Catcher","Astrolabe","Potion Belt","Orichalcum","Eternal Feather","Thread and Needle","Toy Ornithopter","Ancient Tea Set","Whetstone","Strawberry","White Beast Statue","Unceasing Top"],"acts_visited":["Exordium","TheCity","TheBeyond","TheEnding"],"potions_floor_usage":[6,10,20,20,27,27,33,50,54,55],"damage_taken":[{"damage":0,"enemies":"2 Louse","floor":1,"turns":2},{"damage":0,"enemies":"Cultist","floor":3,"turns":2},{"damage":0,"enemies":"Small Slimes","floor":4,"turns":2},{"damage":13,"enemies":"Exordium Thugs","floor":5,"turns":5},{"damage":14,"enemies":"3 Sentries","floor":6,"turns":11},{"damage":6,"enemies":"Exordium Wildlife","floor":7,"turns":4},{"damage":0,"enemies":"2 Fungi Beasts","floor":8,"turns":3},{"damage":8,"enemies":"Exordium Thugs","floor":10,"turns":4},{"damage":1,"enemies":"3 Louse","floor":12,"turns":3},{"damage":11,"enemies":"Hexaghost","floor":16,"turns":8},{"damage":2,"enemies":"Shell Parasite","floor":18,"turns":3},{"damage":1,"enemies":"2 Thieves","floor":20,"turns":3},{"damage":18,"enemies":"Centurion and Healer","floor":23,"turns":6},{"damage":10,"enemies":"Book of Stabbing","floor":24,"turns":5},{"damage":12,"enemies":"Gremlin Leader","floor":27,"turns":5},{"damage":14,"enemies":"Shelled Parasite and Fungi","floor":30,"turns":4},{"damage":39,"enemies":"Automaton","floor":33,"turns":7},{"damage":3,"enemies":"3 Shapes","floor":35,"turns":4},{"damage":0,"enemies":"Orb Walker","floor":36,"turns":1},{"damage":11,"enemies":"Spire Growth","floor":38,"turns":4},{"damage":0,"enemies":"Sphere and 2 Shapes","floor":39,"turns":1},{"damage":19,"enemies":"Mind Bloom Boss Battle","floor":44,"turns":10},{"damage":0,"enemies":"Giant Head","floor":46,"turns":4},{"damage":7,"enemies":"Maw","floor":48,"turns":6},{"damage":59,"enemies":"Donu and Deca","floor":50,"turns":10},{"damage":22,"enemies":"Shield and Spear","floor":54,"turns":6},{"damage":101,"enemies":"The Heart","floor":55,"turns":6}],"seed_played":"-6743512569102145928","potions_obtained":[{"floor":4,"key":"blueLaboratory:BottledHope"},{"floor":6,"key":"blueLaboratory:PolymorphPotion"},{"floor":7,"key":"blueLaboratory:StoneskinPotion"},{"floor":16,"key":"blueLaboratory:BottledTrinity"},{"floor":18,"key":"Weak Potion"},{"floor":24,"key":"Ambrosia"},{"floor":27,"key":"Strength Potion"},{"floor":33,"key":"MagicPotion:ReiMu"},{"floor":35,"key":"blueLaboratory:PhilterOfMotion"},{"floor":46,"key":"blueLaboratory:FrostheartPotion"},{"floor":48,"key":"Block Potion"},{"floor":54,"key":"blueLaboratory:CorrosionFlask"}],"is_trial":false,"path_per_floor":["M","?","M","M","M","E","M","M","T","M","R","M","R","$","R","B",null,"M","?","M","$","?","M","E","R","T","E","R","$","M","?","R","B",null,"M","M","?","M","M","R","?","R","T","?","R","E","R","M","R","B",null,"R","$","E","B"],"character_chosen":"WATCHER","items_purchased":["Mastiff:ReiMu","FlurryOfBlows","Study","Flash of Steel","CutThroughFate"],"campfire_rested":1,"item_purchase_floors":[14,29,53,53,53],"current_hp_per_floor":[72,72,72,72,59,45,39,39,39,31,31,30,30,30,30,19,72,70,70,69,69,56,38,30,30,30,20,58,58,48,48,48,38,77,77,77,72,67,67,67,57,57,57,61,77,77,77,72,84,32,84,84,84,69,0,0],"gold":46,"neow_bonus":"BOSS_RELIC","is_daily":false,"chose_seed":false,"campfire_upgraded":0,"win_rate":0.0,"timestamp":1612161074,"path_taken":["M","?","M","M","M","E","M","M","T","M","R","M","R","?","R","BOSS","M","?","M","$","?","M","E","R","T","E","R","?","M","?","R","BOSS","M","M","?","M","M","R","?","R","T","?","R","E","R","?","R","BOSS","R","$","E","BOSS"],"items_purchased_type":["Relic","Card","Card","Card","Card"],"build_version":"2020-12-22","purchased_purges":3,"victory":false,"max_hp_per_floor":[72,72,72,72,72,72,72,72,72,72,72,72,72,72,72,72,72,72,72,72,72,77,77,77,77,77,77,77,77,77,77,77,77,77,77,77,77,77,77,77,77,77,77,77,77,77,77,77,84,84,84,84,84,84,84,84],"card_choices":[{"not_picked":["CrushJoints","Consecrate"],"picked":"CarveReality","floor":1},{"not_picked":["SashWhip","Evaluate"],"picked":"WindmillStrike","floor":3},{"not_picked":["BattleHymn","WheelKick"],"picked":"EmptyMind","floor":4},{"not_picked":["ThirdEye","EmptyFist"],"picked":"Perseverance","floor":5},{"not_picked":["WindmillStrike","Consecrate"],"picked":"Halt","floor":6},{"not_picked":["Protect","SignatureMove"],"picked":"Evaluate","floor":7},{"not_picked":["WreathOfFlame","Weave","PathToVictory"],"picked":"SKIP","floor":8},{"not_picked":["Judgement+1","BowlingBash"],"picked":"ClearTheMind+1","floor":10},{"not_picked":["CrushJoints","Study"],"picked":"Worship+1","floor":12},{"not_picked":["ConjureBlade+1","Brilliance"],"picked":"Scrawl+1","floor":16},{"not_picked":["Sanctity+1","FollowUp"],"picked":"JustLucky+1","floor":18},{"not_picked":["LikeWater","Crescendo+1"],"picked":"FlurryOfBlows+1","floor":20},{"not_picked":["CrushJoints+1","ClearTheMind+1"],"picked":"Nirvana+1","floor":23},{"not_picked":["Evaluate+1","Weave","Crescendo+1"],"picked":"SKIP","floor":24},{"not_picked":["Perseverance+1","FollowUp"],"picked":"LikeWater","floor":27},{"not_picked":["Indignation+1","Conclude"],"picked":"CutThroughFate+1","floor":30},{"not_picked":["Brilliance","Ragnarok"],"picked":"DeusExMachina+1","floor":33},{"not_picked":["WheelKick","BattleHymn+1"],"picked":"CutThroughFate","floor":35},{"not_picked":["Protect+1","FearNoEvil+1","CutThroughFate+1"],"picked":"SKIP","floor":36},{"not_picked":["Dramatic Entrance","Trip+1"],"picked":"Panacea+1","floor":37},{"not_picked":["The Bomb+1","Enlightenment+1"],"picked":"Blind+1","floor":37},{"not_picked":["BowlingBash","Pray+1"],"picked":"JustLucky+1","floor":38},{"not_picked":["Crescendo+1","Collect+1"],"picked":"JustLucky+1","floor":39},{"not_picked":["EmptyBody+1","WreathOfFlame+1"],"picked":"ThirdEye+1","floor":44},{"not_picked":["Consecrate","FlyingSleeves"],"picked":"Sanctity+1","floor":46},{"not_picked":["ReachHeaven+1","JustLucky","Collect+1"],"picked":"SKIP","floor":48},{"not_picked":["WaveOfTheHand+1","EmptyFist+1","EmptyBody+1"],"picked":"SKIP","floor":54}],"player_experience":379865,"relics_obtained":[{"floor":6,"key":"Shovel"},{"floor":9,"key":"Toxic Egg 2"},{"floor":11,"key":"Bird Faced Urn"},{"floor":13,"key":"Bronze Scales"},{"floor":24,"key":"Regal Pillow"},{"floor":25,"key":"Pantograph"},{"floor":27,"key":"Shuriken"},{"floor":32,"key":"Dream Catcher"},{"floor":40,"key":"Potion Belt"},{"floor":42,"key":"Orichalcum"},{"floor":43,"key":"Eternal Feather"},{"floor":44,"key":"Thread and Needle"},{"floor":45,"key":"Toy Ornithopter"},{"floor":46,"key":"Ancient Tea Set"},{"floor":47,"key":"Whetstone"},{"floor":49,"key":"Strawberry"},{"floor":52,"key":"White Beast Statue"},{"floor":54,"key":"Unceasing Top"}],"event_choices":[{"damage_healed":0,"gold_gain":0,"player_choice":"Forge","damage_taken":0,"max_hp_gain":0,"max_hp_loss":0,"event_name":"Accursed Blacksmith","floor":2,"gold_loss":0,"cards_upgraded":["Eruption"]},{"damage_healed":0,"gold_gain":0,"player_choice":"Opened","damage_taken":0,"relics_obtained":["Boot"],"max_hp_gain":0,"max_hp_loss":0,"event_name":"The Mausoleum","floor":19,"gold_loss":0},{"damage_healed":0,"gold_gain":0,"player_choice":"Shed Blood","damage_taken":18,"max_hp_gain":5,"max_hp_loss":0,"event_name":"Forgotten Altar","floor":22,"gold_loss":0},{"cards_removed":["Pain"],"damage_healed":0,"gold_gain":0,"player_choice":"Purged","damage_taken":0,"max_hp_gain":0,"max_hp_loss":0,"event_name":"Purifier","floor":31,"gold_loss":0},{"damage_healed":0,"gold_gain":0,"player_choice":"Memory 2","damage_taken":5,"max_hp_gain":0,"max_hp_loss":0,"event_name":"SensoryStone","floor":37,"gold_loss":0},{"damage_healed":0,"gold_gain":0,"player_choice":"Embrace Madness","damage_taken":10,"max_hp_gain":0,"max_hp_loss":0,"event_name":"Winding Halls","floor":41,"gold_loss":0,"cards_obtained":["Madness","Madness"]},{"damage_healed":0,"gold_gain":0,"player_choice":"Fight","damage_taken":0,"max_hp_gain":0,"max_hp_loss":0,"event_name":"MindBloom","floor":44,"gold_loss":0}],"is_beta":false,"boss_relics":[{"not_picked":["Tiny House","Snecko Eye"],"picked":"Empty Cage"},{"not_picked":["Calling Bell","RedLine:ReiMu"],"picked":"Astrolabe"}],"items_purged_floors":[14,21,53],"is_endless":false,"potions_floor_spawned":[4,6,7,16,18,24,27,33,35,46,48,54],"killed_by":"The Heart","ascension_level":0}}