{"host":"opyh6vr790e42ffe","time":1612216297,"event":{"mods":["BaseMod","Bestiary","Colored Map","Downfall","Highlight Path","Minty Spire (QoL Compilation)","Relic Stats","StSLib"],"gold_per_floor":[99,116,133,133,133,160,231,231,285,40,40,74,74,92,109,212,212,112,126,146,123,123,43,43,69,148,48,68,68,68,68,78,176,176,176,186,204,252,252,252,252],"floor_reached":39,"language":"ENG","playtime":2485,"items_purged":["sneckomod:Strike","sneckomod:Strike"],"score":511,"play_id":"23acc89a-d99c-406e-94a1-601d5132628f","local_time":"20210201135137","is_ascension_mode":true,"campfire_choices":[{"floor":1.0,"key":"RECALL"},{"floor":13.0,"key":"REST"},{"floor":18.0,"key":"REST"},{"floor":27.0,"key":"REST"},{"floor":30.0,"key":"REST"},{"floor":35.0,"key":"REST"}],"circlet_count":0,"master_deck":["sneckomod:Defend","sneckomod:TailWhip","sneckomod:SnekBite","sneckomod:Unknown","sneckomod:Unknown","sneckomod:UnknownClassPURPLE","sneckomod:UnknownClassPURPLE","sneckomod:UnknownClassPURPLE","sneckomod:UnknownClassPURPLE","sneckomod:UnknownClassPURPLE+1","sneckomod:SoulDraw","Fasting2+1","sneckomod:Rotation+1","SpiritShield","FearNoEvil","sneckomod:QuickBite","TalkToTheHand","sneckomod:UnknownClassPURPLE+1","Tantrum","sneckomod:DefensiveFlair","Scrawl","TalkToTheHand","Tantrum+1","downfall:Bewildered","sneckomod:TrashToTreasure","MasterReality","Meditate","LessonLearned","EmptyBody","sneckomod:UnknownBoss","LikeWater","Establishment","sneckomod:MasterEye+1","Wireheading","sneckomod:UnknownDexterity","Omniscience","sneckomod:SerpentMind","sneckomod:SoulDraw+1"],"relics":["sneckomod:SneckoBoss","The Courier","Sundial","Gambling Chip","Incense Burner","Art of War","Fusion Hammer","downfall:HeartBlessingRed","Bottled Tornado","Bag of Marbles","Mercury Hourglass","Letter Opener","downfall:HeartBlessingBlue","Empty Cage","sneckomod:UnknownEgg"],"acts_visited":["Exordium","TheCity","TheBeyond"],"potions_floor_usage":[38],"damage_taken":[{"damage":0.0,"enemies":"2 Louse","floor":2.0,"turns":3.0},{"damage":24.0,"enemies":"Jaw Worm","floor":3.0,"turns":7.0},{"damage":20.0,"enemies":"Lagavulin","floor":6.0,"turns":6.0},{"damage":0.0,"enemies":"Cultist","floor":8.0,"turns":1.0},{"damage":33.0,"enemies":"3 Sentries","floor":9.0,"turns":7.0},{"damage":1.0,"enemies":"downfall:FleeingMerchant","floor":10.0,"turns":4.0},{"damage":10.0,"enemies":"Gremlin Nob","floor":12.0,"turns":3.0},{"damage":6.0,"enemies":"3 Louse","floor":14.0,"turns":2.0},{"damage":15.0,"enemies":"Exordium Thugs","floor":15.0,"turns":4.0},{"damage":4.0,"enemies":"IC_STATUS_ARCHETYPE","floor":16.0,"turns":2.0},{"damage":2.0,"enemies":"Chosen","floor":19.0,"turns":2.0},{"damage":19.0,"enemies":"Shelled Parasite and Fungi","floor":20.0,"turns":7.0},{"damage":0.0,"enemies":"downfall:FleeingMerchant","floor":21.0,"turns":4.0},{"damage":21.0,"enemies":"Book of Stabbing","floor":25.0,"turns":5.0},{"damage":0.0,"enemies":"Cultist and Chosen","floor":28.0,"turns":3.0},{"damage":9.0,"enemies":"Snake Plant","floor":32.0,"turns":5.0},{"damage":100001.0,"enemies":"DF_ARCHETYPE_CLAW","floor":33.0,"turns":6.0},{"damage":30,"enemies":"3 Shapes","floor":36,"turns":7},{"damage":3,"enemies":"Orb Walker","floor":37,"turns":5},{"damage":22,"enemies":"2 Orb Walkers","floor":38,"turns":2},{"damage":46,"enemies":"Jaw Worm Horde","floor":39,"turns":2}],"seed_played":"7974724582343743104","potions_obtained":[{"floor":3.0,"key":"sneckomod:DiceRollPotion"},{"floor":12.0,"key":"sneckomod:MuddlingPotion"},{"floor":15.0,"key":"Block Potion"},{"floor":16.0,"key":"LiquidBronze"},{"floor":19.0,"key":"SpeedPotion"},{"floor":25.0,"key":"SteroidPotion"},{"floor":36,"key":"ColorlessPotion"}],"is_trial":false,"path_per_floor":["R","M","M","?","?","E","T","M","E","$","?","E","R","M","M","B",null,"R","M","M","$","?","$","T","E","T","R","M","?","R","?","M","B",null,"R","M","M","?","M"],"character_chosen":"THE_SNECKO","items_purchased":["Incense Burner","Bottled Tornado","FairyPotion"],"campfire_rested":5,"item_purchase_floors":[10,21,21],"current_hp_per_floor":[90,90,66,66,66,46,46,46,13,12,12,2,29,23,18,14,90,90,88,69,69,69,69,69,48,48,88,88,88,100,70,61,30,100,100,70,67,45,0,0,0],"gold":252,"neow_bonus":"BOSS_RELIC","is_daily":false,"chose_seed":false,"campfire_upgraded":0,"win_rate":0.0,"timestamp":1612216297,"path_taken":["R","M","M","?","?","E","T","M","E","$","?","E","R","?","M","BOSS","R","M","M","$","?","?","T","E","?","R","M","?","R","?","M","BOSS","R","M","?","?","M"],"items_purchased_type":["Relic","Relic","Potion"],"build_version":"2020-12-22","purchased_purges":2,"victory":false,"max_hp_per_floor":[90,90,90,90,90,90,90,90,90,90,90,90,90,90,90,90,90,90,90,90,90,90,90,90,90,90,100,100,100,100,100,100,100,100,100,100,100,100,100,100,100],"relic_stats":{"counters":[21,86],"Sundial":[6],"Gambling Chip":[34],"Art of War":[6],"Letter Opener":[76],"obtain_stats":[{"downfall:HeartBlessingRed":18,"sneckomod:UnknownEgg":38,"The Courier":6,"Incense Burner":10,"Letter Opener":25,"Bottled Tornado":21,"sneckomod:SneckoSoul":0,"Empty Cage":34,"Mercury Hourglass":24,"downfall:BrokenWingStatue":5,"Sundial":7,"downfall:HeartBlessingBlue":27,"Gambling Chip":9,"Fusion Hammer":17,"Art of War":12,"Bag of Marbles":22,"sneckomod:SneckoBoss":0},{"downfall:HeartBlessingRed":10,"sneckomod:UnknownEgg":20,"The Courier":3,"Incense Burner":6,"Letter Opener":14,"Bottled Tornado":13,"sneckomod:SneckoSoul":0,"Empty Cage":17,"Mercury Hourglass":13,"downfall:BrokenWingStatue":2,"Sundial":3,"downfall:HeartBlessingBlue":14,"Gambling Chip":5,"Fusion Hammer":10,"Art of War":7,"Bag of Marbles":13,"sneckomod:SneckoBoss":0},{"downfall:HeartBlessingRed":39,"sneckomod:UnknownEgg":84,"The Courier":16,"Incense Burner":28,"Letter Opener":57,"Bottled Tornado":52,"sneckomod:SneckoSoul":0,"Empty Cage":70,"Mercury Hourglass":52,"downfall:BrokenWingStatue":10,"Sundial":16,"downfall:HeartBlessingBlue":57,"Gambling Chip":24,"Fusion Hammer":39,"Art of War":31,"Bag of Marbles":52,"sneckomod:SneckoBoss":0}],"Mercury Hourglass":[135]},"card_choices":[{"not_picked":["sneckomod:ImprovisedAttack","sneckomod:Unknown1Cost"],"picked":"sneckomod:SoulDraw","floor":2.0},{"not_picked":["Eruption","WindmillStrike"],"picked":"Fasting2","floor":2.0},{"not_picked":["sneckomod:UnknownCommonAttack","sneckomod:Nope"],"picked":"sneckomod:Rotation","floor":3.0},{"not_picked":["Crescendo","Collect"],"picked":"SpiritShield","floor":3.0},{"not_picked":["ConjureBlade","WheelKick"],"picked":"FearNoEvil","floor":6.0},{"not_picked":["sneckomod:Nope","sneckomod:Unknown1Cost"],"picked":"sneckomod:QuickBite","floor":6.0},{"not_picked":["Pray","CutThroughFate"],"picked":"TalkToTheHand","floor":8.0},{"not_picked":["sneckomod:UnknownBlock","sneckomod:RainOfDice"],"picked":"sneckomod:UnknownClassPURPLE","floor":8.0},{"not_picked":["Crescendo","Devotion"],"picked":"Tantrum","floor":9.0},{"not_picked":["sneckomod:UnknownClassPURPLE","sneckomod:Memorize"],"picked":"sneckomod:DefensiveFlair","floor":9.0},{"not_picked":["Evaluate","Nirvana"],"picked":"Scrawl","floor":10.0},{"not_picked":["sneckomod:Unknown1Cost","sneckomod:Memorize","sneckomod:SoulRoll"],"picked":"SKIP","floor":10.0},{"not_picked":["sneckomod:Unknown1Cost","sneckomod:IronFang"],"picked":"sneckomod:TrashToTreasure","floor":12.0},{"not_picked":["EmptyBody","FlyingSleeves"],"picked":"MasterReality","floor":12.0},{"not_picked":["Pray","MasterReality"],"picked":"Meditate","floor":14.0},{"not_picked":["sneckomod:SnekBeam","sneckomod:Unknown0Cost","sneckomod:UnknownCommonSkill"],"picked":"SKIP","floor":14.0},{"not_picked":["Blasphemy","SpiritShield"],"picked":"LessonLearned","floor":15.0},{"not_picked":["sneckomod:DiceBlock","sneckomod:MorePower","sneckomod:UnknownStrike"],"picked":"SKIP","floor":15.0},{"not_picked":["Scrawl","WindmillStrike"],"picked":"EmptyBody","floor":16.0},{"not_picked":["sneckomod:Restock","sneckomod:SoulExchange"],"picked":"sneckomod:UnknownBoss","floor":16.0},{"not_picked":["Vigilance","BowlingBash"],"picked":"LikeWater","floor":19.0},{"not_picked":["sneckomod:RainOfDice+1","sneckomod:SoulRoll","sneckomod:UnknownClassPURPLE"],"picked":"SKIP","floor":19.0},{"not_picked":["Perseverance","MentalFortress"],"picked":"Establishment","floor":20.0},{"not_picked":["sneckomod:DefensiveFlair+1","sneckomod:ImprovisedAttack+1"],"picked":"sneckomod:MasterEye+1","floor":20.0},{"not_picked":["ReachHeaven","WreathOfFlame"],"picked":"Wireheading","floor":21.0},{"not_picked":["sneckomod:UnknownColorless","sneckomod:CheapStock"],"picked":"sneckomod:UnknownDexterity","floor":21.0},{"not_picked":["sneckomod:UnendingSupply+1","sneckomod:UnknownVulnerable","sneckomod:ImprovisedAttack+1"],"picked":"SKIP","floor":25.0},{"not_picked":["SignatureMove","Prostrate"],"picked":"Omniscience","floor":28.0},{"not_picked":["sneckomod:UnknownVulnerable","sneckomod:QuickBite","sneckomod:WideSting"],"picked":"SKIP","floor":28.0},{"not_picked":["sneckomod:QuickMove+1","sneckomod:Nope","sneckomod:UnknownColorless"],"picked":"SKIP","floor":32.0},{"not_picked":["sneckomod:Cheat","sneckomod:UnknownRareAttack"],"picked":"sneckomod:SerpentMind","floor":33.0},{"not_picked":["sneckomod:QuickMove","sneckomod:ImprovisedGuard+1","sneckomod:UnknownX"],"picked":"SKIP","floor":36},{"not_picked":["sneckomod:UnknownX","sneckomod:IronFang"],"picked":"sneckomod:SoulDraw+1","floor":37}],"player_experience":2702651,"relics_obtained":[{"floor":6.0,"key":"The Courier"},{"floor":7.0,"key":"Sundial"},{"floor":9.0,"key":"Gambling Chip"},{"floor":12.0,"key":"Art of War"},{"floor":22.0,"key":"Bag of Marbles"},{"floor":24.0,"key":"Mercury Hourglass"},{"floor":25.0,"key":"Letter Opener"},{"floor":38,"key":"sneckomod:UnknownEgg"}],"event_choices":[{"damage_healed":0.0,"max_hp_gain":0.0,"max_hp_loss":0.0,"gold_gain":0.0,"event_name":"Wheel of Change","player_choice":"Relic","floor":22.0,"gold_loss":0.0,"damage_taken":0.0},{"damage_healed":0.0,"max_hp_gain":0.0,"max_hp_loss":0.0,"gold_gain":0.0,"event_name":"Ghosts","player_choice":"Ignored","floor":29.0,"gold_loss":0.0,"damage_taken":0.0},{"damage_healed":0,"gold_gain":0,"player_choice":"Fight","damage_taken":0,"max_hp_gain":0,"max_hp_loss":0,"event_name":"Mysterious Sphere","floor":38,"gold_loss":0}],"is_beta":false,"boss_relics":[{"not_picked":["Velvet Choker","SacredBark"],"picked":"Fusion Hammer"},{"not_picked":["SlaversCollar","Busted Crown"],"picked":"Empty Cage"}],"items_purged_floors":[21,23],"is_endless":false,"potions_floor_spawned":[3,12,15,16,19,25,28,36],"killed_by":"Jaw Worm Horde","ascension_level":1}}