{"host":"rolltorest","time":1612139352,"event":{"mods":["BaseMod","Gremlin Mod","Jorbs\u0027s Wanderer Trilogy","Koishi","Minty Spire (QoL Compilation)","Relic Stats","Robot Space Explorer","Slay the Relics Exporter","StSLib","The Servant 0.9.4"],"gold_per_floor":[119,131,131,24,24,24,52,52,52,82,94,141,38,52,52,126,126,140,140,154,154,79,79,79],"floor_reached":23,"language":"ENG","playtime":744,"items_purged":[],"score":410,"play_id":"af1a04bf-1c54-41dc-b588-f0e33c9ac228","local_time":"20210131162912","is_ascension_mode":true,"campfire_choices":[{"data":"Gremlin:DaggerDance","floor":15,"key":"SMITH"}],"circlet_count":0,"master_deck":["AscendersBane","Gremlin:TagTeam+1","Gremlin:GremlinDance","Gremlin:FanOfKnives","Gremlin:PartyStick","Gremlin:GremlinArms","Gremlin:BrokenShin","Gremlin:FollowThrough","Gremlin:SharpenBlades","Gremlin:PartyStick","Gremlin:RageBreak","Gremlin:ShankStone+1","Gremlin:Pretaliation+1","Gremlin:BulkUp","Gremlin:Exacerbate","Gremlin:FollowThrough","Gremlin:GremlinOffensive","Gremlin:Polish","Gremlin:DaggerDance+1","Gremlin:Polish","Gremlin:ShadowShiv","Gremlin:Heckle","Gremlin:GremlinArms"],"relics":["Pandora\u0027s Box","WingedGreaves","Eternal Feather","MawBank","TungstenRod","Runic Pyramid"],"acts_visited":["Exordium","TheCity"],"potions_floor_usage":[2,23,23],"damage_taken":[{"damage":17,"enemies":"Cultist","floor":1,"turns":4},{"damage":12,"enemies":"2 Louse","floor":2,"turns":3},{"damage":15,"enemies":"Gremlin Nob","floor":7,"turns":4},{"damage":26,"enemies":"3 Sentries","floor":10,"turns":8},{"damage":8,"enemies":"Gremlin Nob","floor":12,"turns":4},{"damage":0,"enemies":"Small Slimes","floor":14,"turns":2},{"damage":8,"enemies":"Hexaghost","floor":16,"turns":11},{"damage":30,"enemies":"2 Thieves","floor":18,"turns":3},{"damage":26,"enemies":"Shell Parasite","floor":20,"turns":4},{"damage":18,"enemies":"Slavers","floor":23,"turns":2}],"seed_played":"1247280306617735993","potions_obtained":[{"floor":1,"key":"Fruit Juice"},{"floor":7,"key":"Ancient Potion"},{"floor":14,"key":"Dexterity Potion"},{"floor":16,"key":"SpeedPotion"}],"is_trial":false,"path_per_floor":["M","M","?","$","?","R","E","?","T","E","R","E","$","M","R","B",null,"M","$","M","$","?","E"],"character_chosen":"GREMLIN","items_purchased":["Gremlin:Pretaliation","Gremlin:BulkUp","Gremlin:Polish","Gremlin:DaggerDance"],"campfire_rested":0,"item_purchase_floors":[4,4,13,13],"current_hp_per_floor":[8,19,13,13,13,13,4,4,4,3,12,12,12,13,18,6,15,6,6,10,10,10,18,18],"gold":79,"neow_bonus":"BOSS_RELIC","is_daily":false,"chose_seed":false,"campfire_upgraded":1,"win_rate":0.0,"timestamp":1612139352,"path_taken":["M","M","?","$","?","R","E","?","T","E","R","E","$","M","R","BOSS","M","$","M","$","?","E"],"items_purchased_type":["Card","Card","Card","Card"],"build_version":"2020-12-18","purchased_purges":0,"victory":false,"max_hp_per_floor":[19,20,20,20,20,19,19,19,19,19,18,18,18,18,18,18,18,18,18,18,18,18,18,18],"relic_stats":{"counters":[10,45],"Pandora\u0027s Box":["Gremlin:FanOfKnives","Gremlin:PartyStick","Gremlin:GremlinArms","Gremlin:BrokenShin","Gremlin:FollowThrough","Gremlin:SharpenBlades","Gremlin:PartyStick","Gremlin:RageBreak"],"Eternal Feather":14,"MawBank":36,"obtain_stats":[{"Gremlin:GremlinKnob":0,"Pandora\u0027s Box":0,"Eternal Feather":9,"WingedGreaves":7,"MawBank":10,"TungstenRod":12,"Runic Pyramid":17},{"Gremlin:GremlinKnob":0,"Pandora\u0027s Box":0,"Eternal Feather":3,"WingedGreaves":3,"MawBank":4,"TungstenRod":5,"Runic Pyramid":7},{"Gremlin:GremlinKnob":0,"Pandora\u0027s Box":0,"Eternal Feather":11,"WingedGreaves":11,"MawBank":19,"TungstenRod":23,"Runic Pyramid":36}],"TungstenRod":14},"card_choices":[{"not_picked":["Gremlin:RageBreak","Gremlin:Pretaliation"],"picked":"Gremlin:ShankStone","floor":1},{"not_picked":["Gremlin:ToeStub","Gremlin:GremlinArms"],"picked":"Gremlin:Tricksy","floor":2},{"not_picked":["Gremlin:Tadah","Gremlin:InfiniteBlocks"],"picked":"Gremlin:Exacerbate","floor":7},{"not_picked":["Gremlin:GremlinArms","Gremlin:RageBreak"],"picked":"Gremlin:FollowThrough","floor":10},{"not_picked":["Gremlin:FeelTheAudience","Gremlin:FollowThrough"],"picked":"Gremlin:GremlinOffensive","floor":12},{"not_picked":["Gremlin:Changeo","Gremlin:Tadah"],"picked":"Gremlin:Polish","floor":14},{"not_picked":["Gremlin:CongaLine","Gremlin:Encore"],"picked":"Gremlin:ShadowShiv","floor":16},{"not_picked":["Gremlin:ShowOfHands","Gremlin:Enthusiasm"],"picked":"Gremlin:Heckle","floor":18},{"not_picked":["Gremlin:Presto","Gremlin:Heckle"],"picked":"Gremlin:GremlinArms","floor":20}],"player_experience":2360620,"relics_obtained":[{"floor":7,"key":"WingedGreaves"},{"floor":9,"key":"Eternal Feather"},{"floor":10,"key":"MawBank"},{"floor":12,"key":"TungstenRod"}],"event_choices":[{"damage_healed":0,"gold_gain":0,"player_choice":"Entered Light","damage_taken":6,"max_hp_gain":0,"max_hp_loss":0,"event_name":"Shining Light","floor":3,"gold_loss":0,"cards_upgraded":["Gremlin:ShankStone","Gremlin:TagTeam"]},{"damage_healed":0,"gold_gain":0,"player_choice":"Ignored","damage_taken":0,"max_hp_gain":0,"max_hp_loss":0,"event_name":"Golden Wing","floor":5,"gold_loss":0},{"damage_healed":0,"gold_gain":0,"player_choice":"Grow","damage_taken":0,"max_hp_gain":0,"max_hp_loss":0,"event_name":"Living Wall","floor":8,"gold_loss":0,"cards_upgraded":["Gremlin:Pretaliation"]},{"cards_removed":["Gremlin:Tricksy"],"damage_healed":0,"gold_gain":0,"player_choice":"Gave Gold","damage_taken":0,"max_hp_gain":0,"max_hp_loss":0,"event_name":"Beggar","floor":22,"gold_loss":75}],"is_beta":true,"boss_relics":[{"not_picked":["Tiny House","Ectoplasm"],"picked":"Runic Pyramid"}],"items_purged_floors":[],"is_endless":false,"potions_floor_spawned":[1,7,14,16],"killed_by":"Slavers","ascension_level":20}}