{"host":"ml2ro5l6hu6y0pll","time":1612147227,"event":{"mods":["AchievementEnabler","BaseMod","Colored Map","Colored Powertips","Custom Start","Googly Eyes","Minty Spire (QoL Compilation)","Quick Restart","Rare Cards Sparkle","Relic Stats","Reliquary","StSLib","everything is the same but u backflip on backflip"],"gold_per_floor":[109,109,124,172,183,213,213,247,296,308,349,378,421,105,105,180,180,193,237,80,80,99,160,174,174,248,267,293,234,234,295,295,372,422,471,161,205,230,245,245,279,279,279,298,298,19,19,68,68,68,68,68],"floor_reached":51,"language":"ENG","playtime":2625,"items_purged":[],"score":1976,"play_id":"417b5eba-f9b2-4528-ada7-ede1a32db167","local_time":"20210201024027","daily_mods":["Elite Swarm"],"is_ascension_mode":true,"campfire_choices":[{"data":"Blasphemy","floor":7.0,"key":"SMITH"},{"data":"TalkToTheHand","floor":10.0,"key":"SMITH"},{"data":"TalkToTheHand","floor":15.0,"key":"SMITH"},{"floor":25,"key":"REST"},{"floor":32,"key":"REST"},{"data":"Wallop","floor":40,"key":"SMITH"},{"data":"Wireheading","floor":42,"key":"SMITH"},{"data":"Eruption","floor":45,"key":"SMITH"},{"floor":49,"key":"REST"}],"circlet_count":0,"master_deck":["FearNoEvil+1","Eruption+1","Vigilance","EmptyBody","ThirdEye+1","ThirdEye","Consecrate","JustLucky","CutThroughFate","CutThroughFate","Weave","Weave","TalkToTheHand+1","TalkToTheHand+1","Prostrate+1","Conclude","Crescendo","Blasphemy+1","DevaForm","ThirdEye+1","DeusExMachina+1","FlurryOfBlows","Wish+1","Tantrum+1","CutThroughFate","Vault+1","Prostrate+1","Nirvana+1","Prostrate+1","Vault+1","ClearTheMind+1","Wireheading+1","Wallop+1"],"relics":["PureWater","Mummified Hand","Boot","reliquary:SharkskinSheath","Toxic Egg 2","MawBank","Letter Opener","reliquary:NewFriend","Shuriken","Philosopher\u0027s Stone","PreservedInsect","Anchor","Gremlin Horn","Singing Bowl","Potion Belt","Tiny House","reliquary:IridiumChain","Torii","reliquary:RoseTintedGlasses","Blood Vial","reliquary:BoilingFlask"],"acts_visited":["Exordium","TheCity","TheBeyond"],"potions_floor_usage":[23,35],"damage_taken":[{"damage":0.0,"enemies":"2 Louse","floor":1.0,"turns":2.0},{"damage":2.0,"enemies":"Jaw Worm","floor":3.0,"turns":2.0},{"damage":0.0,"enemies":"Cultist","floor":5.0,"turns":2.0},{"damage":3.0,"enemies":"3 Sentries","floor":6.0,"turns":4.0},{"damage":0.0,"enemies":"Lagavulin","floor":8.0,"turns":4.0},{"damage":0.0,"enemies":"3 Sentries","floor":11.0,"turns":2.0},{"damage":8.0,"enemies":"Large Slime","floor":12.0,"turns":4.0},{"damage":0.0,"enemies":"Gremlin Nob","floor":13.0,"turns":2.0},{"damage":0.0,"enemies":"The Guardian","floor":16.0,"turns":5.0},{"damage":18.0,"enemies":"3 Byrds","floor":18.0,"turns":3.0},{"damage":0.0,"enemies":"Shell Parasite","floor":19.0,"turns":3.0},{"damage":0,"enemies":"Sentry and Sphere","floor":22,"turns":2},{"damage":10,"enemies":"Book of Stabbing","floor":23,"turns":3},{"damage":9,"enemies":"Shelled Parasite and Fungi","floor":24,"turns":3},{"damage":1,"enemies":"Snecko","floor":27,"turns":4},{"damage":0,"enemies":"Gremlin Leader","floor":28,"turns":3},{"damage":9,"enemies":"Book of Stabbing","floor":31,"turns":6},{"damage":0,"enemies":"Champ","floor":33,"turns":5},{"damage":0,"enemies":"3 Shapes","floor":35,"turns":7},{"damage":12,"enemies":"3 Darklings","floor":37,"turns":4},{"damage":0,"enemies":"Mind Bloom Boss Battle","floor":38,"turns":4},{"damage":19,"enemies":"Jaw Worm Horde","floor":39,"turns":3},{"damage":0,"enemies":"Nemesis","floor":41,"turns":3},{"damage":13,"enemies":"4 Shapes","floor":44,"turns":4},{"damage":0,"enemies":"Writhing Mass","floor":48,"turns":3},{"damage":33,"enemies":"Awakened One","floor":50,"turns":7},{"damage":52,"enemies":"Time Eater","floor":51,"turns":5}],"seed_played":"-3454313164517242140","potions_obtained":[{"floor":1.0,"key":"Swift Potion"},{"floor":5.0,"key":"GamblersBrew"},{"floor":16.0,"key":"Weak Potion"},{"floor":19.0,"key":"LiquidBronze"},{"floor":22,"key":"Strength Potion"},{"floor":28,"key":"Block Potion"},{"floor":34,"key":"LiquidBronze"},{"floor":38,"key":"Regen Potion"},{"floor":39,"key":"GamblersBrew"},{"floor":44,"key":"CultistPotion"}],"is_trial":true,"path_per_floor":["M","?","M","T","M","E","R","E","T","R","E","M","E","$","R","B",null,"M","M","$","?","M","E","M","R","T","M","E","$","?","E","R","B",null,"M","$","M","?","M","R","E","R","T","M","R","$","?","M","R","B","B"],"character_chosen":"WATCHER","items_purchased":["Shuriken","FlurryOfBlows","PreservedInsect","Prostrate+1","Wireheading","reliquary:IridiumChain","reliquary:BoilingFlask"],"campfire_rested":3,"item_purchase_floors":[14,14,20,29,36,36,46],"current_hp_per_floor":[61,41,39,39,39,36,36,36,36,36,36,28,28,28,28,28,58,40,40,40,40,40,30,21,41,41,40,42,42,42,33,54,56,73,75,75,63,65,48,48,50,50,50,41,41,41,41,45,71,40,0,0],"gold":68,"neow_bonus":"","is_daily":false,"chose_seed":false,"campfire_upgraded":6,"win_rate":0.0,"timestamp":1612147227,"path_taken":["M","?","M","?","M","E","R","E","T","R","E","?","E","$","R","BOSS","M","M","$","?","M","E","M","R","T","M","E","$","?","E","R","BOSS","M","$","?","?","M","R","E","R","T","M","R","$","?","M","R","BOSS","BOSS"],"items_purchased_type":["Relic","Card","Relic","Card","Card","Relic","Relic"],"build_version":"2020-12-22","purchased_purges":0,"victory":false,"max_hp_per_floor":[68,68,68,68,68,68,68,68,68,68,68,68,68,68,68,68,68,68,68,68,68,68,68,68,68,68,68,70,70,70,70,70,72,77,79,79,79,81,83,83,85,85,85,87,87,87,87,89,89,89,89,89],"relic_stats":{"Blood Vial":8,"Gremlin Horn":[15,13],"Singing Bowl":16,"Torii":7,"counters":[27,99],"Mummified Hand":[148],"Shuriken":[73],"PreservedInsect":181,"Letter Opener":[211],"Boot":[141],"MawBank":60,"obtain_stats":[{"Potion Belt":31,"Tiny House":34,"Gremlin Horn":26,"Singing Bowl":28,"Torii":38,"reliquary:BoilingFlask":46,"PreservedInsect":20,"Letter Opener":11,"Boot":4,"MawBank":9,"reliquary:IridiumChain":36,"Blood Vial":43,"Anchor":23,"Mummified Hand":0,"Shuriken":14,"reliquary:NewFriend":13,"Philosopher\u0027s Stone":17,"reliquary:RoseTintedGlasses":41,"PureWater":0,"Toxic Egg 2":8,"reliquary:SharkskinSheath":6},{"Potion Belt":17,"Tiny House":18,"Gremlin Horn":14,"Singing Bowl":16,"Torii":21,"reliquary:BoilingFlask":24,"PreservedInsect":11,"Letter Opener":6,"Boot":2,"MawBank":5,"reliquary:IridiumChain":19,"Blood Vial":23,"Anchor":13,"Mummified Hand":0,"Shuriken":8,"reliquary:NewFriend":8,"Philosopher\u0027s Stone":9,"reliquary:RoseTintedGlasses":23,"PureWater":0,"Toxic Egg 2":5,"reliquary:SharkskinSheath":4},{"Potion Belt":54,"Tiny House":59,"Gremlin Horn":41,"Singing Bowl":48,"Torii":74,"reliquary:BoilingFlask":84,"PreservedInsect":33,"Letter Opener":16,"Boot":4,"MawBank":14,"reliquary:IridiumChain":66,"Blood Vial":80,"Anchor":38,"Mummified Hand":0,"Shuriken":22,"reliquary:NewFriend":22,"Philosopher\u0027s Stone":27,"reliquary:RoseTintedGlasses":80,"PureWater":0,"Toxic Egg 2":14,"reliquary:SharkskinSheath":10}]},"card_choices":[{"not_picked":["Perseverance","ThirdEye"],"picked":"Prostrate","floor":1.0},{"not_picked":["DeceiveReality","Collect"],"picked":"Conclude","floor":3.0},{"not_picked":["WindmillStrike","ClearTheMind"],"picked":"Crescendo","floor":5.0},{"not_picked":["SpiritShield","DevaForm"],"picked":"Blasphemy","floor":6.0},{"not_picked":["SpiritShield+1","MasterReality","Ragnarok"],"picked":"SKIP","floor":8.0},{"not_picked":["ConjureBlade+1","Ragnarok"],"picked":"DevaForm","floor":11.0},{"not_picked":["Consecrate","Prostrate+1"],"picked":"ThirdEye+1","floor":12.0},{"not_picked":["Blasphemy+1","Wish+1"],"picked":"DeusExMachina+1","floor":13.0},{"not_picked":["Ragnarok","Alpha+1"],"picked":"Wish+1","floor":16.0},{"not_picked":["JustLucky","Evaluate+1","InnerPeace+1"],"picked":"SKIP","floor":18.0},{"not_picked":["InnerPeace+1","JustLucky"],"picked":"Tantrum+1","floor":19.0},{"not_picked":["Halt+1","PathToVictory+1"],"picked":"CutThroughFate","floor":22},{"not_picked":["Judgement+1","Scrawl+1"],"picked":"Vault+1","floor":23},{"not_picked":["Evaluate+1","Perseverance+1"],"picked":"Prostrate+1","floor":24},{"not_picked":["ThirdEye+1","FollowUp+1"],"picked":"Nirvana+1","floor":27},{"not_picked":["ConjureBlade+1","LessonLearned","Judgement+1"],"picked":"Singing Bowl","floor":28},{"not_picked":["Ragnarok","Brilliance"],"picked":"Vault+1","floor":31},{"not_picked":["Blasphemy+1","MasterReality","Brilliance"],"picked":"Singing Bowl","floor":33},{"not_picked":["SashWhip","FlurryOfBlows"],"picked":"ClearTheMind+1","floor":34},{"not_picked":["CrushJoints","FlyingSleeves+1","WreathOfFlame+1"],"picked":"Singing Bowl","floor":35},{"not_picked":["Worship+1","SandsOfTime"],"picked":"Wallop","floor":37},{"not_picked":["JustLucky","Perseverance+1","Crescendo+1"],"picked":"Singing Bowl","floor":38},{"not_picked":["Indignation+1","Wallop","Wireheading"],"picked":"Singing Bowl","floor":39},{"not_picked":["LessonLearned","SpiritShield+1","Blasphemy+1"],"picked":"Singing Bowl","floor":41},{"not_picked":["EmptyBody+1","Halt+1","Protect+1"],"picked":"Singing Bowl","floor":44},{"not_picked":["Crescendo+1","JustLucky","BowlingBash+1"],"picked":"Singing Bowl","floor":48}],"player_experience":887899,"relics_obtained":[{"floor":4.0,"key":"Boot"},{"floor":6.0,"key":"reliquary:SharkskinSheath"},{"floor":8.0,"key":"Toxic Egg 2"},{"floor":9.0,"key":"MawBank"},{"floor":11.0,"key":"Letter Opener"},{"floor":13.0,"key":"reliquary:NewFriend"},{"floor":23,"key":"Anchor"},{"floor":26,"key":"Gremlin Horn"},{"floor":28,"key":"Singing Bowl"},{"floor":31,"key":"Potion Belt"},{"floor":38,"key":"Torii"},{"floor":41,"key":"reliquary:RoseTintedGlasses"},{"floor":43,"key":"Blood Vial"}],"event_choices":[{"damage_healed":0.0,"max_hp_gain":0.0,"max_hp_loss":0.0,"gold_gain":0.0,"event_name":"Shining Light","player_choice":"Entered Light","floor":2.0,"gold_loss":0.0,"damage_taken":20.0,"cards_upgraded":["FearNoEvil","ThirdEye"]},{"damage_healed":0.0,"max_hp_gain":0.0,"max_hp_loss":0.0,"gold_gain":0.0,"event_name":"Beggar","player_choice":"Ignored","floor":21.0,"gold_loss":0.0,"damage_taken":0.0},{"damage_healed":0,"gold_gain":0,"player_choice":"Ignored","damage_taken":0,"max_hp_gain":0,"max_hp_loss":0,"event_name":"N\u0027loth","floor":30,"gold_loss":0},{"damage_healed":0,"gold_gain":0,"player_choice":"Fight","damage_taken":0,"max_hp_gain":0,"max_hp_loss":0,"event_name":"MindBloom","floor":38,"gold_loss":0},{"damage_healed":0,"gold_gain":0,"player_choice":"Ignored","damage_taken":0,"max_hp_gain":0,"max_hp_loss":0,"event_name":"SecretPortal","floor":47,"gold_loss":0}],"is_beta":false,"boss_relics":[{"not_picked":["Astrolabe","reliquary:Ember"],"picked":"Philosopher\u0027s Stone"},{"not_picked":["Snecko Eye","reliquary:RedCape"],"picked":"Tiny House"}],"items_purged_floors":[],"is_endless":false,"potions_floor_spawned":[1,5,6,11,16,19,22,28,38,39,44],"killed_by":"Time Eater","ascension_level":20}}