{"host":"x5w9zppki4gdwvc7","time":1612172755,"event":{"mods":["AchievementEnabler","BaseMod","Colored Powertips","DeckTracker","Minty Spire (QoL Compilation)","Relic Sorter"],"gold_per_floor":[117,136,136,148,68,94,94,269,292,292,167,167,184,195,195,298,298,311,311,326,326,338,338,338,338],"floor_reached":24,"language":"ENG","playtime":1278,"items_purged":["Strike_B"],"score":216,"play_id":"2ef19ea7-7761-4051-9a3f-1c2fa77425b5","local_time":"20210201104555","is_ascension_mode":true,"campfire_choices":[{"data":"Go for the Eyes","floor":7,"key":"SMITH"},{"data":"Dualcast","floor":10,"key":"SMITH"},{"data":"Turbo","floor":15,"key":"SMITH"},{"data":"Beam Cell","floor":23,"key":"SMITH"}],"circlet_count":0,"master_deck":["Defend_B","Defend_B","Defend_B","Defend_B","Zap","Dualcast+1","Conserve Battery","Go for the Eyes+1","Dramatic Entrance","Zap","Turbo+1","Gash","Skim","Hologram","Coolheaded","Steam","Coolheaded","All For One","Streamline+1","Reprogram+1","Storm","Turbo","Beam Cell+1"],"relics":["Cracked Core","Omamori","Bronze Scales","NlothsMask","Calling Bell","Orichalcum","Pantograph","Thread and Needle"],"acts_visited":["Exordium","TheCity"],"potions_floor_usage":[6,16,16,16,16,16],"damage_taken":[{"damage":0,"enemies":"Cultist","floor":1,"turns":4},{"damage":2,"enemies":"2 Louse","floor":2,"turns":3},{"damage":2,"enemies":"Small Slimes","floor":4,"turns":3},{"damage":25,"enemies":"Lagavulin","floor":6,"turns":7},{"damage":11,"enemies":"3 Louse","floor":13,"turns":2},{"damage":0,"enemies":"2 Fungi Beasts","floor":14,"turns":3},{"damage":14,"enemies":"The Guardian","floor":16,"turns":10},{"damage":0,"enemies":"3 Byrds","floor":18,"turns":2},{"damage":13,"enemies":"Chosen","floor":20,"turns":5},{"damage":35,"enemies":"Sentry and Sphere","floor":22,"turns":6},{"damage":32,"enemies":"Slavers","floor":24,"turns":3}],"seed_played":"-7582786264339983042","potions_obtained":[{"floor":2,"key":"EntropicBrew"},{"floor":4,"key":"BlessingOfTheForge"},{"floor":14,"key":"Strength Potion"}],"is_trial":false,"path_per_floor":["M","M","?","M","$","E","R","?","T","R","$","?","M","M","R","B",null,"M","T","M","?","M","R","E"],"character_chosen":"DEFECT","items_purchased":["Gash","Skim","Coolheaded"],"campfire_rested":0,"item_purchase_floors":[5,5,11],"current_hp_per_floor":[75,73,73,71,71,46,46,46,46,46,46,46,35,35,35,21,75,75,75,62,62,27,27,0,0],"gold":338,"neow_bonus":"TRANSFORM_CARD","is_daily":false,"chose_seed":false,"campfire_upgraded":4,"win_rate":0.0,"timestamp":1612172755,"path_taken":["M","?","?","?","?","E","R","?","T","R","$","?","M","M","R","BOSS","M","?","?","?","M","R","E"],"items_purchased_type":["Card","Card","Card"],"build_version":"2020-12-22","purchased_purges":1,"victory":false,"max_hp_per_floor":[75,75,75,75,75,75,75,75,75,75,75,75,75,75,75,75,75,75,75,75,75,75,75,75,75],"card_choices":[{"not_picked":["Barrage","Conserve Battery","Doom and Gloom"],"picked":"SKIP","floor":1},{"not_picked":["Turbo","FTL"],"picked":"Go for the Eyes","floor":2},{"not_picked":["Genetic Algorithm","Leap"],"picked":"Turbo","floor":4},{"not_picked":["Electrodynamics","Go for the Eyes"],"picked":"Hologram","floor":6},{"not_picked":["Sweeping Beam","Redo"],"picked":"Steam","floor":13},{"not_picked":["Rebound","Ball Lightning"],"picked":"Coolheaded","floor":14},{"not_picked":["Hyperbeam","Meteor Strike"],"picked":"All For One","floor":16},{"not_picked":["Coolheaded","Gash"],"picked":"Streamline+1","floor":18},{"not_picked":["Rebound+1","Cold Snap"],"picked":"Reprogram+1","floor":20},{"not_picked":["Undo","Barrage"],"picked":"Beam Cell","floor":22}],"player_experience":363101,"relics_obtained":[{"floor":6,"key":"Omamori"},{"floor":9,"key":"Bronze Scales"},{"floor":17,"key":"Orichalcum"},{"floor":17,"key":"Pantograph"},{"floor":17,"key":"Thread and Needle"}],"event_choices":[{"damage_healed":0,"gold_gain":0,"player_choice":"2 cards matched","damage_taken":0,"max_hp_gain":0,"max_hp_loss":0,"event_name":"Match and Keep!","floor":3,"gold_loss":0,"cards_obtained":["Dramatic Entrance","Zap"]},{"damage_healed":0,"gold_gain":175,"player_choice":"AGREE","damage_taken":0,"max_hp_gain":0,"max_hp_loss":0,"event_name":"Liars Game","floor":8,"gold_loss":0,"cards_obtained":["Doubt"]},{"damage_healed":0,"gold_gain":0,"player_choice":"Trade","damage_taken":0,"relics_obtained":["NlothsMask"],"max_hp_gain":0,"max_hp_loss":0,"event_name":"FaceTrader","floor":12,"gold_loss":0},{"damage_healed":0,"gold_gain":0,"cards_transformed":["Strike_B","Strike_B"],"player_choice":"Became Test Subject","damage_taken":0,"max_hp_gain":0,"max_hp_loss":0,"event_name":"Drug Dealer","floor":21,"gold_loss":0,"cards_obtained":["Storm","Turbo"]}],"is_beta":false,"boss_relics":[{"not_picked":["Busted Crown","Cursed Key"],"picked":"Calling Bell"}],"items_purged_floors":[11],"is_endless":false,"potions_floor_spawned":[2,4,14],"killed_by":"Slavers","ascension_level":2}}