{"host":"f0gpob8hq9vgebej","time":1612146055,"event":{"mods":["AchievementEnabler","BaseMod","Minty Spire (QoL Compilation)","Quick Restart","SuperFastMode"],"gold_per_floor":[116,136,154,171,171,171,200,212,212,212,222,222,253,127,127,224,274,290,309,54,153,153,153,170,204,231,250,250,53,68,80,80,175,175,188,208,224,234,84,84,84],"floor_reached":40,"language":"KOR","playtime":1852,"items_purged":["Defend_P","Strike_P","Defend_P","Defend_P"],"score":549,"play_id":"48976203-b0a2-4104-90d5-7aebdc0e6da8","local_time":"20210201112055","is_ascension_mode":true,"campfire_choices":[{"data":"Eruption","floor":6.0,"key":"SMITH"},{"data":"Adaptation","floor":10.0,"key":"SMITH"},{"floor":12.0,"key":"REST"},{"data":"EmptyFist","floor":15.0,"key":"SMITH"},{"data":"MentalFortress","floor":23.0,"key":"SMITH"},{"data":"Meditate","floor":28.0,"key":"SMITH"},{"floor":32.0,"key":"REST"}],"circlet_count":0,"master_deck":["Strike_P","Strike_P+1","Defend_P","Eruption+1","Vigilance+1","WheelKick+1","Adaptation+1","EmptyFist+1","Meditate+1","BowlingBash","Halt","LessonLearned","FearNoEvil+1","MentalFortress+1","Eruption+1","DeusExMachina"],"relics":["PureWater","InkBottle","GoldenEye","Question Card","Darkstone Periapt","Tiny House","DollysMirror","Akabeko","Pen Nib","VioletLotus"],"acts_visited":["Exordium","TheCity","TheBeyond"],"potions_floor_usage":[],"damage_taken":[{"damage":4.0,"enemies":"Small Slimes","floor":1.0,"turns":6.0},{"damage":5.0,"enemies":"2 Louse","floor":2.0,"turns":4.0},{"damage":0.0,"enemies":"Cultist","floor":3.0,"turns":2.0},{"damage":1.0,"enemies":"Exordium Wildlife","floor":4.0,"turns":3.0},{"damage":17.0,"enemies":"3 Sentries","floor":7.0,"turns":7.0},{"damage":3.0,"enemies":"Large Slime","floor":8.0,"turns":4.0},{"damage":9.0,"enemies":"3 Louse","floor":11.0,"turns":3.0},{"damage":22.0,"enemies":"Lagavulin","floor":13.0,"turns":6.0},{"damage":15.0,"enemies":"The Guardian","floor":16.0,"turns":11.0},{"damage":15.0,"enemies":"Shell Parasite","floor":18.0,"turns":5.0},{"damage":8.0,"enemies":"Chosen","floor":19.0,"turns":3.0},{"damage":4.0,"enemies":"Sentry and Sphere","floor":24.0,"turns":3.0},{"damage":4.0,"enemies":"Book of Stabbing","floor":25.0,"turns":4.0},{"damage":0.0,"enemies":"Cultist and Chosen","floor":27.0,"turns":4.0},{"damage":0.0,"enemies":"Centurion and Healer","floor":30.0,"turns":4.0},{"damage":9.0,"enemies":"Snecko","floor":31.0,"turns":5.0},{"damage":12.0,"enemies":"Collector","floor":33.0,"turns":7.0},{"damage":0.0,"enemies":"Orb Walker","floor":35.0,"turns":1.0},{"damage":0.0,"enemies":"3 Darklings","floor":36.0,"turns":3.0},{"damage":15.0,"enemies":"Jaw Worm Horde","floor":37.0,"turns":3.0},{"damage":15.0,"enemies":"Writhing Mass","floor":38.0,"turns":3.0},{"damage":45,"enemies":"Nemesis","floor":40,"turns":3}],"seed_played":"-6127633083043567871","potions_obtained":[{"floor":1.0,"key":"BlessingOfTheForge"},{"floor":8.0,"key":"BlessingOfTheForge"},{"floor":11.0,"key":"Strength Potion"},{"floor":16.0,"key":"GamblersBrew"},{"floor":17.0,"key":"Fire Potion"},{"floor":19.0,"key":"Energy Potion"},{"floor":33.0,"key":"SteroidPotion"},{"floor":36.0,"key":"SteroidPotion"}],"is_trial":false,"path_per_floor":["M","M","M","M","?","R","E","M","T","R","M","R","E","$","R","B",null,"M","M","$","?","?","R","M","E","T","M","R","$","M","M","R","B",null,"M","M","M","M","$","E"],"character_chosen":"WATCHER","items_purchased":["Halt","DollysMirror","DistilledChaos"],"campfire_rested":2,"item_purchase_floors":[14,20,29],"current_hp_per_floor":[68,63,63,62,59,59,42,39,39,39,30,53,31,31,31,16,68,53,45,45,45,45,45,41,37,37,37,37,37,37,28,53,41,73,73,73,58,43,43,0,0],"gold":84,"neow_bonus":"TEN_PERCENT_HP_BONUS","is_daily":false,"chose_seed":false,"campfire_upgraded":5,"win_rate":0.0,"timestamp":1612146055,"path_taken":["M","M","M","M","?","R","E","M","T","R","M","R","E","$","R","BOSS","M","M","$","?","?","R","M","E","T","M","R","$","?","M","R","BOSS","M","M","M","M","$","E"],"items_purchased_type":["Card","Relic","Potion"],"build_version":"2020-12-22","purchased_purges":4,"victory":false,"max_hp_per_floor":[79,79,79,79,79,79,79,79,79,79,79,79,79,79,79,79,84,84,84,84,84,84,84,84,84,84,84,84,84,84,84,84,84,84,84,84,84,84,84,84,84],"card_choices":[{"not_picked":["LikeWater","FollowUp","Crescendo"],"picked":"SKIP","floor":1.0},{"not_picked":["Consecrate","Meditate"],"picked":"WheelKick","floor":2.0},{"not_picked":["FlyingSleeves","CrushJoints"],"picked":"Adaptation","floor":3.0},{"not_picked":["Protect","Prostrate"],"picked":"EmptyFist","floor":4.0},{"not_picked":["Crescendo","ConjureBlade","SashWhip"],"picked":"SKIP","floor":7.0},{"not_picked":["Sanctity","Collect","FollowUp"],"picked":"SKIP","floor":8.0},{"not_picked":["BowlingBash","LikeWater","Protect"],"picked":"Meditate","floor":11.0},{"not_picked":["ClearTheMind","EmptyFist","ForeignInfluence"],"picked":"BowlingBash","floor":13.0},{"not_picked":["MasterReality","Alpha","Omniscience"],"picked":"LessonLearned","floor":16.0},{"not_picked":["PathToVictory","Sanctity","EmptyFist"],"picked":"FearNoEvil","floor":17.0},{"not_picked":["Prostrate","Swivel+1","JustLucky"],"picked":"MentalFortress","floor":18.0},{"not_picked":["Prostrate+1","SashWhip","MentalFortress","SandsOfTime+1"],"picked":"SKIP","floor":19.0},{"not_picked":["SandsOfTime+1","ThirdEye","FlyingSleeves","CutThroughFate"],"picked":"SKIP","floor":24.0},{"not_picked":["Consecrate","Nirvana","DevaForm","WreathOfFlame"],"picked":"SKIP","floor":25.0},{"not_picked":["ForeignInfluence+1","Perseverance","Evaluate+1","JustLucky"],"picked":"SKIP","floor":27.0},{"not_picked":["FlyingSleeves","CrushJoints","ThirdEye+1","ForeignInfluence"],"picked":"SKIP","floor":30.0},{"not_picked":["Crescendo","SashWhip","Nirvana+1","JustLucky"],"picked":"SKIP","floor":31.0},{"not_picked":["Judgement","SpiritShield","LessonLearned"],"picked":"DeusExMachina","floor":33.0},{"not_picked":["EmptyFist+1","BowlingBash+1","CutThroughFate+1","ClearTheMind+1"],"picked":"SKIP","floor":35.0},{"not_picked":["CutThroughFate","ReachHeaven+1","Swivel","ClearTheMind+1"],"picked":"SKIP","floor":36.0},{"not_picked":["FlyingSleeves","FearNoEvil+1","Wireheading","EmptyFist"],"picked":"SKIP","floor":37.0},{"not_picked":["FlyingSleeves","Consecrate","ClearTheMind","Halt"],"picked":"SKIP","floor":38.0}],"player_experience":334855,"relics_obtained":[{"floor":7.0,"key":"GoldenEye"},{"floor":9.0,"key":"Question Card"},{"floor":13.0,"key":"Darkstone Periapt"},{"floor":25.0,"key":"Akabeko"},{"floor":26.0,"key":"Pen Nib"}],"event_choices":[{"damage_healed":0.0,"max_hp_gain":0.0,"max_hp_loss":0.0,"gold_gain":0.0,"event_name":"Scrap Ooze","player_choice":"Success","floor":5.0,"gold_loss":0.0,"damage_taken":3.0,"relics_obtained":["InkBottle"]},{"damage_healed":0.0,"max_hp_gain":0.0,"max_hp_loss":0.0,"gold_gain":99.0,"event_name":"Nest","player_choice":"Stole From Cult","floor":21.0,"gold_loss":0.0,"damage_taken":0.0},{"cards_removed":["Strike_P"],"damage_healed":0.0,"max_hp_gain":0.0,"max_hp_loss":0.0,"gold_gain":0.0,"event_name":"Purifier","player_choice":"Purged","floor":22.0,"gold_loss":0.0,"damage_taken":0.0}],"is_beta":false,"boss_relics":[{"not_picked":["Coffee Dripper","SacredBark"],"picked":"Tiny House"},{"not_picked":["Cursed Key","Busted Crown"],"picked":"VioletLotus"}],"items_purged_floors":[14,20,29,39],"is_endless":false,"potions_floor_spawned":[1,8,11,16,19,24,30,33,36],"killed_by":"Nemesis","ascension_level":6}}