{"host":"d61fcf2p3sjwe6yo","time":1612185557,"event":{"mods":["AchievementEnabler","BaseMod","Colored Map","Downfall","Minty Spire (QoL Compilation)","StSLib","SuperFastMode"],"gold_per_floor":[99,113,113,113,125,141,194,204,236,247,247,261,161,161,175,250,250,250,270,99,115,115,130,130,130,130,458,475,575,575,603,615,615,615],"floor_reached":32,"language":"ENG","playtime":1604,"items_purged":["downfall:Malfunctioning"],"score":490,"play_id":"6f0ad898-ceb3-441d-914f-ddad150174fa","local_time":"20210201161917","is_ascension_mode":true,"campfire_choices":[{"floor":11,"key":"RECALL"},{"data":"sneckomod:MasterEye","floor":25,"key":"SMITH"},{"floor":30,"key":"REST"}],"circlet_count":0,"master_deck":["AscendersBane","sneckomod:Strike","sneckomod:Strike+1","sneckomod:Strike","sneckomod:Defend","sneckomod:Defend","sneckomod:Defend","sneckomod:TailWhip","sneckomod:SnekBite","sneckomod:Unknown","champ:EnchantCrown+1","sneckomod:QuickBite+1","sneckomod:QuickBite+1","sneckomod:UnknownBlock","sneckomod:SerpentIdol","sneckomod:UnknownDraw","Undo","expansioncontent:Chronoboost","sneckomod:UnknownBlock","sneckomod:Unknown3Cost","sneckomod:MasterEye+1","sneckomod:UnknownCommonAttack","downfall:Bewildered","sneckomod:SerpentIdol","sneckomod:UnknownBlock","sneckomod:Unknown2Cost","sneckomod:Unknown1Cost","sneckomod:UnknownRarePower"],"relics":["sneckomod:SneckoSoul","Strawberry","Bottled Lightning","downfall:HeartBlessingRed","Sozu","sneckomod:BabySnecko","Blood Vial","Old Coin","Toy Ornithopter","MawBank"],"acts_visited":["Exordium","TheCity"],"potions_floor_usage":[9,16,27],"damage_taken":[{"damage":7,"enemies":"Jaw Worm","floor":2,"turns":4},{"damage":10,"enemies":"2 Louse","floor":5,"turns":2},{"damage":0,"enemies":"Cultist","floor":6,"turns":2},{"damage":1,"enemies":"2 Fungi Beasts","floor":8,"turns":3},{"damage":10,"enemies":"Lagavulin","floor":9,"turns":4},{"damage":0,"enemies":"3 Louse","floor":10,"turns":2},{"damage":2,"enemies":"Lots of Slimes","floor":12,"turns":2},{"damage":0,"enemies":"Red Slaver","floor":15,"turns":2},{"damage":40,"enemies":"IC_STATUS_ARCHETYPE","floor":16,"turns":9},{"damage":4,"enemies":"Shell Parasite","floor":19,"turns":4},{"damage":6,"enemies":"downfall:FleeingMerchant","floor":20,"turns":4},{"damage":0,"enemies":"Spheric Guardian","floor":21,"turns":3},{"damage":13,"enemies":"Centurion and Healer","floor":23,"turns":7},{"damage":51,"enemies":"Slavers","floor":27,"turns":5},{"damage":13,"enemies":"Snake Plant","floor":28,"turns":3},{"damage":13,"enemies":"downfall:LadyInBlue","floor":29,"turns":11},{"damage":29,"enemies":"Gremlin Leader","floor":31,"turns":7},{"damage":17,"enemies":"Shelled Parasite and Fungi","floor":32,"turns":3}],"seed_played":"-4947782189370475885","potions_obtained":[{"floor":8,"key":"champ:CounterPotion"},{"floor":10,"key":"SteroidPotion"},{"floor":12,"key":"ColorlessPotion"},{"floor":15,"key":"Regen Potion"},{"floor":16,"key":"sneckomod:DiceRollPotion"}],"is_trial":false,"path_per_floor":["R","M","?","?","M","M","T","M","E","M","R","M","R","?","M","B",null,"R","M","$","M","?","M","T","R","?","E","M","?","R","E","M"],"character_chosen":"THE_SNECKO","items_purchased":["sneckomod:MasterEye"],"campfire_rested":1,"item_purchase_floors":[20],"current_hp_per_floor":[90,83,83,83,73,73,80,79,69,69,69,67,67,67,67,42,90,90,86,80,80,80,67,67,67,67,33,22,11,42,15,0,0,0],"gold":615,"neow_bonus":"TEN_PERCENT_HP_BONUS","is_daily":false,"chose_seed":false,"campfire_upgraded":1,"win_rate":0.0,"timestamp":1612185557,"path_taken":["R","M","?","?","M","?","T","M","E","M","R","M","R","?","M","BOSS","R","M","$","M","?","M","T","R","?","E","M","?","R","E","M"],"items_purchased_type":["Card"],"build_version":"2020-12-22","purchased_purges":1,"victory":false,"max_hp_per_floor":[99,99,99,99,99,99,106,106,106,106,106,106,106,106,106,106,106,106,106,106,106,106,106,106,106,106,106,106,106,106,106,106,106,106],"card_choices":[{"not_picked":["sneckomod:SoulDraw","sneckomod:UnendingSupply"],"picked":"sneckomod:QuickBite","floor":2},{"not_picked":["sneckomod:UnknownDraw","sneckomod:UnknownExhaust"],"picked":"sneckomod:UnknownBlock","floor":5},{"not_picked":["sneckomod:TrashToTreasure","sneckomod:UnknownStrike","sneckomod:IronFang"],"picked":"SKIP","floor":6},{"not_picked":["sneckomod:QuickBite","sneckomod:DiceCrush"],"picked":"sneckomod:UnknownBlock","floor":8},{"not_picked":["sneckomod:DiceBlock","sneckomod:Rotation","sneckomod:RainOfDice"],"picked":"SKIP","floor":9},{"not_picked":["sneckomod:UnknownBlock","sneckomod:DefensiveFlair"],"picked":"sneckomod:SerpentIdol","floor":10},{"not_picked":["sneckomod:SnakeSap","sneckomod:QuickMove"],"picked":"sneckomod:UnknownDraw","floor":12},{"not_picked":["sneckomod:Cheat","sneckomod:QuickBite","sneckomod:SoulCleanse"],"picked":"SKIP","floor":15},{"not_picked":["sneckomod:Cheat","sneckomod:SoulExchange"],"picked":"sneckomod:UnknownBoss","floor":16},{"not_picked":["sneckomod:Nope","sneckomod:IronFang"],"picked":"sneckomod:UnknownBlock","floor":19},{"not_picked":["sneckomod:SlitherStrike","sneckomod:Unknown1Cost"],"picked":"sneckomod:Unknown3Cost","floor":20},{"not_picked":["sneckomod:DiceCrush","sneckomod:IronFang"],"picked":"sneckomod:UnknownCommonAttack","floor":21},{"not_picked":["sneckomod:SoulDraw","sneckomod:DiceBlock"],"picked":"sneckomod:SerpentIdol","floor":23},{"not_picked":["sneckomod:UnknownCommonSkill","sneckomod:IronFang"],"picked":"sneckomod:UnknownBlock","floor":27},{"not_picked":["sneckomod:DiceCrush","sneckomod:ImprovisedAttack"],"picked":"sneckomod:Unknown2Cost","floor":28},{"not_picked":["sneckomod:Unknown0Cost","sneckomod:UnknownCommonAttack"],"picked":"sneckomod:Unknown1Cost","floor":29},{"not_picked":["sneckomod:Unknown2Cost","sneckomod:UnknownDexterity"],"picked":"sneckomod:UnknownRarePower","floor":31}],"player_experience":744011,"relics_obtained":[{"floor":7,"key":"Strawberry"},{"floor":9,"key":"Bottled Lightning"},{"floor":24,"key":"Blood Vial"},{"floor":27,"key":"Old Coin"},{"floor":29,"key":"Toy Ornithopter"},{"floor":31,"key":"MawBank"}],"event_choices":[{"damage_healed":0,"gold_gain":0,"player_choice":"Ignored","damage_taken":0,"max_hp_gain":0,"max_hp_loss":0,"event_name":"Ghosts","floor":26,"gold_loss":0}],"is_beta":false,"boss_relics":[{"not_picked":["Cursed Key","Runic Dome"],"picked":"Sozu"}],"items_purged_floors":[20],"is_endless":false,"potions_floor_spawned":[8,10,12,15,16,19,21],"killed_by":"Shelled Parasite and Fungi","ascension_level":13}}