{"host":"kgj3hkp928synzkd","time":1612197472,"event":{"mods":["2.2 Compatiblity","A Magickal Journey","AchievementEnabler","Act Like it!","AlwaysNeverKeys","BaseMod","Better Altar","Better Match","Better Note","Better Sensory Stone","Better Synergies","Better Third Choice","Better Vampires","Block Reminder","Colored Map","Colored Powertips","Conspire","Curses Come First","Disable Question Mark Monsters","Downfall","GifTheSpireLib","Googly Eyes","Gremlin Skip","GungeonMod","Hallownest","Infinite Spire","Luminous","Marisa????????","Marked Mod","Minty Spire (QoL Compilation)","Permanent Neow","Quick Restart","Random Character Button","Rare Cards Sparkle","Replay The Spire","Spicy Shops","StSLib","SuperFastMode","The Bug Knight","The Exalted","Uncapped"],"gold_per_floor":[118,118,118,118,128,128,128,128,128,128,154,189,203,221,221,325,325,340,340,340,340,385,419,419,419,442,460,460,385,385,395,395,498,498,514,531,551,566,491,491,524,524,551,551,561,561,574,584,584,584],"floor_reached":51,"language":"ENG","playtime":2693,"items_purged":[],"score":743,"play_id":"4f99c79c-9461-4a93-962c-23e813e1dd4c","local_time":"20210201113752","is_ascension_mode":false,"campfire_choices":[{"data":"GrandCross","floor":6,"key":"SMITH"},{"data":"MasterSpark","floor":8,"key":"SMITH"},{"data":"Defend_MRS","floor":10,"key":"SMITH"},{"floor":15,"key":"REST"},{"floor":25,"key":"REST"},{"data":"SuperNova","floor":28,"key":"SMITH"},{"floor":32,"key":"REST"},{"floor":40,"key":"REST"},{"floor":44,"key":"REST"},{"floor":46,"key":"REST"},{"floor":49,"key":"REST"}],"circlet_count":0,"master_deck":["Strike_MRS","Strike_MRS","Strike_MRS","Strike_MRS+1","Defend_MRS","Defend_MRS","Defend_MRS","Defend_MRS+1","MasterSpark+1","UpSweep+1","Injury","OortCloud+1","GrandCross+1","OortCloud","6A","SuperNova+1","AlicesGift","Orbital+1","OrrerysSun","6A","SprinkleStarSeal+1","ChargeUpSpray","CollectingQuirk","DoubleSpark","AsteroidBelt+1","NonDirectionalLaser+1","SporeBomb","MillisecondPulsars","WitchLeyline+1"],"relics":["MiniHakkero","Bromod:ArcaneAwakening","Vajra","infinitespire:BottledMercury","ExperimentalFamiliar","Blue Candle","DemoMod:MonsterBlood","DemoMod:Metronome","infinitespire:Satchel","Replay:Multitool","AmplifyWand","infinitespire:Beetle Shell"],"acts_visited":["Exordium","Hallownest:Greenpath","Hallownest:CityofTears"],"potions_floor_usage":[18,27,38,45,48,48,48],"damage_taken":[{"damage":12,"enemies":"Hallownest:2_MossCreeps","floor":1,"turns":6},{"damage":4,"enemies":"Hallownest:2_Tiktiks_and_1_Crawlid","floor":5,"turns":4},{"damage":5,"enemies":"Hallownest:eliteMossKnight","floor":12,"turns":5},{"damage":0,"enemies":"Hallownest:monsterHuskWarrior","floor":13,"turns":3},{"damage":0,"enemies":"Hallownest:Guard_and_Warrior","floor":14,"turns":5},{"damage":4,"enemies":"Hallownest:BossHornet","floor":16,"turns":10},{"damage":3,"enemies":"Hallownest:2_Mistakes","floor":18,"turns":5},{"damage":0,"enemies":"Hallownest:2_Mistakes","floor":21,"turns":4},{"damage":30,"enemies":"conspire:MimicChest","floor":22,"turns":6},{"damage":0,"enemies":"Hallownest:Nosk","floor":23,"turns":7},{"damage":6,"enemies":"Hallownest:Guard_and_Sentry","floor":27,"turns":5},{"damage":27,"enemies":"Hallownest:Master_and_Novice","floor":31,"turns":4},{"damage":36,"enemies":"Hallownest:BossMantisLord","floor":33,"turns":7},{"damage":35,"enemies":"Hallownest:2_Littles","floor":35,"turns":6},{"damage":18,"enemies":"Hallownest:Shield_Heavy","floor":36,"turns":6},{"damage":5,"enemies":"Hallownest:2_Great","floor":37,"turns":6},{"damage":19,"enemies":"Hallownest:2_Wing_and_1_Kings","floor":38,"turns":8},{"damage":41,"enemies":"Hallownest:StalkingDevout","floor":41,"turns":7},{"damage":17,"enemies":"Hallownest:Shield_Sturdy","floor":45,"turns":5},{"damage":3,"enemies":"Hallownest:2_Great","floor":47,"turns":8},{"damage":31,"enemies":"Hallownest:Xero_Hu_Marmu","floor":48,"turns":8},{"damage":16,"enemies":"Hallownest:Radiance","floor":50,"turns":16}],"seed_played":"-305830735255348556","potions_obtained":[{"floor":13,"key":"Explosive Potion"},{"floor":23,"key":"Block Potion"},{"floor":33,"key":"DistilledChaos"},{"floor":35,"key":"DemoMod:LeadSkinPotion"},{"floor":37,"key":"Languid Potion"},{"floor":41,"key":"Swift Potion"},{"floor":45,"key":"PowerPotion"}],"is_trial":false,"path_per_floor":["M","?","?","$","M","R","?","R","T","R","T","E","M","M","R","B",null,"M","$","?","?","?","E","?","R","T","M","R","?","T","M","R","B",null,"M","M","M","M","?","R","E","?","T","R","M","R","M","M","R","B",null],"character_chosen":"MARISA","items_purchased":[],"campfire_rested":7,"item_purchase_floors":[],"current_hp_per_floor":[77,77,77,77,73,73,64,64,64,64,64,59,59,59,85,81,89,86,86,81,81,58,58,58,86,86,80,80,80,80,53,81,45,96,61,43,38,19,19,47,6,21,21,49,32,60,57,26,54,38],"gold":584,"neow_bonus":"TWENTY_PERCENT_HP_BONUS","is_daily":false,"chose_seed":false,"campfire_upgraded":4,"win_rate":0.0,"timestamp":1612197472,"path_taken":["M","?","?","$","M","R","?","R","T","R","?","E","M","M","R","BOSS","M","$","?","?","?","E","?","R","T","M","R","?","?","M","R","BOSS","M","M","M","M","?","R","E","?","T","R","M","R","M","M","R","BOSS"],"items_purchased_type":[],"build_version":"2020-12-22","purchased_purges":0,"victory":true,"max_hp_per_floor":[89,89,89,89,89,89,89,89,89,89,89,89,89,89,89,89,89,89,89,89,89,96,96,96,96,96,96,96,96,96,96,96,96,96,96,96,96,96,96,96,96,96,96,96,96,96,96,96,96,96],"card_choices":[{"not_picked":["SporeBomb","GravityBeat"],"picked":"OortCloud","floor":1},{"not_picked":["EventHorizon","MagicAbsorber"],"picked":"GrandCross","floor":5},{"not_picked":["OpenUniverse","EarthLightRay","ShootingEcho"],"picked":"SKIP","floor":12},{"not_picked":["Acceleration","LuminesStrike"],"picked":"OortCloud","floor":13},{"not_picked":["ShootingEcho","EnergyFlow"],"picked":"6A","floor":14},{"not_picked":["MaximisePower","BlazingStar"],"picked":"SuperNova","floor":16},{"not_picked":["MilkyWay","NonDirectionalLaser"],"picked":"AlicesGift","floor":18},{"not_picked":["GrandCross","GasGiant"],"picked":"Orbital+1","floor":22},{"not_picked":["GrandCross","Singularity+1"],"picked":"OrrerysSun","floor":23},{"not_picked":["DeepEcoloBomb","GrandCross"],"picked":"6A","floor":27},{"not_picked":["AlicesGift+1","Occultation+1"],"picked":"SprinkleStarSeal+1","floor":29},{"not_picked":["MilkyWay","NonDirectionalLaser"],"picked":"ChargeUpSpray","floor":31},{"not_picked":["SuperNova","ManaRampage"],"picked":"CollectingQuirk","floor":33},{"not_picked":["MagicChant","EarthLightRay+1","ShootingEcho+1"],"picked":"SKIP","floor":35},{"not_picked":["ShootTheMoon+1","Acceleration+1"],"picked":"DoubleSpark","floor":36},{"not_picked":["6A","GalacticHalo+1"],"picked":"AsteroidBelt+1","floor":37},{"not_picked":["MeteoricShower","WitchOfGreed"],"picked":"NonDirectionalLaser+1","floor":38},{"not_picked":["Acceleration","GravityBeat"],"picked":"SporeBomb","floor":41},{"not_picked":["DoubleSpark+1","GravityBeat+1"],"picked":"MillisecondPulsars","floor":45},{"not_picked":["GrandCross+1","ShootingEcho+1","AlicesGift"],"picked":"SKIP","floor":47},{"not_picked":["AlicesGift","GalacticHalo+1"],"picked":"WitchLeyline+1","floor":48}],"player_experience":305840,"relics_obtained":[{"floor":9,"key":"Bromod:ArcaneAwakening"},{"floor":11,"key":"Vajra"},{"floor":12,"key":"infinitespire:BottledMercury"},{"floor":22,"key":"DemoMod:MonsterBlood"},{"floor":23,"key":"DemoMod:Metronome"},{"floor":26,"key":"infinitespire:Satchel"},{"floor":30,"key":"Replay:Multitool"},{"floor":41,"key":"AmplifyWand"},{"floor":43,"key":"infinitespire:Beetle Shell"}],"event_choices":[{"damage_healed":0,"gold_gain":0,"player_choice":"2","damage_taken":0,"max_hp_gain":0,"max_hp_loss":0,"event_name":"betterMatch:BetterMatch","floor":29,"gold_loss":0,"cards_obtained":["betterMatch:UncommonCard"]},{"damage_healed":0,"gold_gain":0,"player_choice":"3","damage_taken":0,"max_hp_gain":0,"max_hp_loss":0,"event_name":"betterMatch:BetterMatch","floor":39,"gold_loss":0,"cards_obtained":[]}],"is_beta":false,"boss_relics":[{"not_picked":["bronze:MakeshiftBattery","Coffee Dripper"],"picked":"ExperimentalFamiliar"},{"not_picked":["Snecko Eye","infinitespire:Cupcake","Velvet Choker"]}],"items_purged_floors":[],"is_endless":false,"potions_floor_spawned":[13,23,33,35,37,41,45,47],"ascension_level":0}}