{"host":"p7cjtxxrilhp4dw7","time":1612207864,"event":{"mods":["BaseMod","Block Reminder","Colored Map","Curses Come First","Highlight Path","Minty Spire (QoL Compilation)","Replay The Spire","StSLib","The Hierophant"],"gold_per_floor":[19,19,30,42,55,82,180,180,203,203,220,45,86,112,112,221,221,231,231,231,231],"floor_reached":20,"language":"ENG","playtime":1823,"items_purged":[],"score":301,"play_id":"5a53c9a0-be4d-48c4-a01d-6fbec0da1751","local_time":"20210201123104","is_ascension_mode":true,"campfire_choices":[{"floor":10,"key":"REST"},{"floor":15,"key":"REST"}],"circlet_count":0,"master_deck":["AscendersBane","Strike_R","Strike_R","Strike_R","Defend_R","Defend_R","Defend_R","Bash","Feed","ReplayTheSpireMod:Corrosion Curse","Pommel Strike","Iron Wave","Twin Strike","Shockwave","Demonic Infusion","Cleave","Self Repair+1","Apotheosis","Gash","Replay:Undeath\u0027s Touch","Impervious"],"relics":["ReplayTheSpireMod:Lightbulb","Iron Core","CeramicFish","Omamori","Empty Cage"],"acts_visited":["Exordium","TheCity"],"potions_floor_usage":[11,13,14],"damage_taken":[{"damage":0,"enemies":"Small Slimes","floor":1,"turns":3},{"damage":0,"enemies":"Cultist","floor":3,"turns":4},{"damage":5,"enemies":"Jaw Worm","floor":4,"turns":4},{"damage":3,"enemies":"2 Fungi Beasts","floor":5,"turns":4},{"damage":35,"enemies":"Gremlin Nob","floor":6,"turns":5},{"damage":0,"enemies":"Looter","floor":11,"turns":1},{"damage":25,"enemies":"3 Sentries","floor":13,"turns":5},{"damage":19,"enemies":"Gremlin Gang","floor":14,"turns":4},{"damage":33,"enemies":"The Guardian","floor":16,"turns":15},{"damage":32,"enemies":"Shell Parasite","floor":18,"turns":6},{"damage":47,"enemies":"Spheric Guardian","floor":20,"turns":7}],"seed_played":"5194315905397801846","potions_obtained":[{"floor":1,"key":"ElixirPotion"},{"floor":5,"key":"Swift Potion"},{"floor":6,"key":"AttackPotion"},{"floor":11,"key":"Explosive Potion"},{"floor":16,"key":"PowerPotion"}],"is_trial":false,"path_per_floor":["M","?","M","M","M","E","?","?","T","R","M","$","E","M","R","B",null,"M","?","M"],"character_chosen":"IRONCLAD","items_purchased":["Apotheosis"],"campfire_rested":2,"item_purchase_floors":[12],"current_hp_per_floor":[81,81,86,86,89,60,25,25,25,51,51,51,39,33,61,38,81,59,59,12,12],"gold":231,"neow_bonus":"THREE_RARE_CARDS","is_daily":false,"chose_seed":false,"campfire_upgraded":0,"win_rate":0.0,"timestamp":1612207864,"path_taken":["M","?","?","M","M","E","?","?","T","R","M","$","E","M","R","BOSS","M","?","M"],"items_purchased_type":["Card"],"build_version":"2020-12-22","purchased_purges":0,"victory":false,"max_hp_per_floor":[83,83,86,86,89,89,89,89,89,89,89,89,92,95,95,95,95,95,95,95,95],"card_choices":[{"not_picked":["Eclipse","Reaper"],"picked":"Feed","floor":0},{"not_picked":["Heavy Blade","Reckless Charge","Anger"],"picked":"SKIP","floor":1},{"not_picked":["Clash","Flame Barrier"],"picked":"Pommel Strike","floor":3},{"not_picked":["Sword Boomerang","Flex"],"picked":"Iron Wave","floor":4},{"not_picked":["Clothesline","Sword Boomerang"],"picked":"Twin Strike","floor":5},{"not_picked":["Flex","Headbutt"],"picked":"Shockwave","floor":6},{"not_picked":["Warcry","Thunderclap"],"picked":"Demonic Infusion","floor":7},{"not_picked":["Pommel Strike","Flex"],"picked":"Cleave","floor":7},{"not_picked":["True Grit","WeaponsOverheat","Sword Boomerang"],"picked":"SKIP","floor":11},{"not_picked":["Steam Power","Thunderclap"],"picked":"Gash","floor":13},{"not_picked":["Feel No Pain","Sword Boomerang"],"picked":"Replay:Undeath\u0027s Touch","floor":14},{"not_picked":["Corruption","Juggernaut"],"picked":"Impervious","floor":16},{"not_picked":["Clash","Warcry","Sentinel"],"picked":"SKIP","floor":18}],"player_experience":610111,"relics_obtained":[{"floor":6,"key":"ReplayTheSpireMod:Lightbulb"},{"floor":9,"key":"CeramicFish"},{"floor":13,"key":"Omamori"}],"event_choices":[{"damage_healed":0,"gold_gain":0,"cards_transformed":["Strike_R"],"player_choice":"Transformed","damage_taken":0,"max_hp_gain":0,"max_hp_loss":0,"event_name":"Transmorgrifier","floor":2,"gold_loss":0,"cards_obtained":["ReplayTheSpireMod:Corrosion Curse"]},{"damage_healed":0,"gold_gain":0,"player_choice":"Ignored","damage_taken":0,"max_hp_gain":0,"max_hp_loss":0,"event_name":"Ghosts","floor":19,"gold_loss":0}],"is_beta":false,"boss_relics":[{"not_picked":["Painkiller Herb","Runic Dome"],"picked":"Empty Cage"}],"items_purged_floors":[],"is_endless":false,"potions_floor_spawned":[1,5,6,11,16],"killed_by":"Spheric Guardian","ascension_level":10}}