{"host":"xltl1aroowo69o4n","time":1612145339,"event":{"mods":["BaseMod","Colored Map","Colored Powertips","Minty Spire (QoL Compilation)","StSLib"],"gold_per_floor":[110,285,303,303,323,336,336,366,366,384,384,403,403,22,22,118,118,138,138,153,166,7,26,26,39,39,39,39,39],"floor_reached":28,"language":"ENG","playtime":1116,"items_purged":[],"score":297,"play_id":"1869b0a3-6798-48c3-9d29-3c0c0baaed0d","local_time":"20210131210859","is_ascension_mode":false,"campfire_choices":[{"data":"Tantrum","floor":7,"key":"SMITH"},{"data":"LessonLearned","floor":11,"key":"SMITH"},{"data":"Metamorphosis","floor":15,"key":"SMITH"},{"floor":24,"key":"REST"}],"circlet_count":0,"master_deck":["Strike_P","Strike_P","Strike_P","Defend_P","Defend_P","Defend_P","Defend_P","Eruption","Vigilance","FlyingSleeves","Doubt","Tantrum+1","Evaluate","FearNoEvil","LessonLearned+1","ClearTheMind","Metamorphosis+1","BattleHymn+1","The Bomb","Consecrate+1","PathToVictory","Sucker Punch","SignatureMove","BowlingBash","Flash of Steel","PathToVictory","EmptyBody","Flying Knee+1","Metamorphosis+1"],"relics":["PureWater","Anchor","Frozen Egg 2","StoneCalendar","PrismaticShard","SlaversCollar","Question Card"],"acts_visited":["Exordium","TheCity"],"potions_floor_usage":[8,8,16,25,28],"damage_taken":[{"damage":2,"enemies":"Cultist","floor":1,"turns":3},{"damage":0,"enemies":"Small Slimes","floor":3,"turns":2},{"damage":11,"enemies":"2 Louse","floor":5,"turns":3},{"damage":0,"enemies":"Blue Slaver","floor":6,"turns":2},{"damage":0,"enemies":"Lagavulin","floor":8,"turns":4},{"damage":0,"enemies":"Red Slaver","floor":10,"turns":2},{"damage":0,"enemies":"3 Louse","floor":12,"turns":2},{"damage":0,"enemies":"Slime Boss","floor":16,"turns":5},{"damage":0,"enemies":"Chosen","floor":18,"turns":4},{"damage":20,"enemies":"Spheric Guardian","floor":20,"turns":3},{"damage":5,"enemies":"3 Cultists","floor":21,"turns":3},{"damage":32,"enemies":"Centurion and Healer","floor":23,"turns":6},{"damage":21,"enemies":"Snake Plant","floor":25,"turns":5},{"damage":30,"enemies":"Sentry and Sphere","floor":28,"turns":3}],"seed_played":"9139607517081302346","potions_obtained":[{"floor":1,"key":"Block Potion"},{"floor":3,"key":"BlessingOfTheForge"},{"floor":6,"key":"Energy Potion"},{"floor":8,"key":"PowerPotion"},{"floor":18,"key":"BlessingOfTheForge"},{"floor":20,"key":"Ambrosia"}],"is_trial":false,"path_per_floor":["M","?","M","?","M","M","R","E","T","M","R","M","?","$","R","B",null,"M","?","M","M","$","M","R","M","T","?","M"],"character_chosen":"WATCHER","items_purchased":["Metamorphosis","BattleHymn+1","PrismaticShard","BowlingBash","Flash of Steel","PathToVictory"],"campfire_rested":1,"item_purchase_floors":[14,14,14,22,22,22],"current_hp_per_floor":[70,70,70,72,61,61,61,61,61,61,61,61,66,66,66,66,77,77,77,57,52,52,20,43,22,22,22,0,0],"gold":39,"neow_bonus":"RANDOM_COMMON_RELIC","is_daily":false,"chose_seed":false,"campfire_upgraded":3,"win_rate":0.0,"timestamp":1612145339,"path_taken":["M","?","M","?","?","M","R","E","T","M","R","M","?","$","R","BOSS","M","?","M","M","$","?","R","M","T","?","M"],"items_purchased_type":["Card","Card","Relic","Card","Card","Card"],"build_version":"2020-12-13","purchased_purges":0,"victory":false,"max_hp_per_floor":[72,72,72,72,72,72,72,72,72,72,72,72,77,77,77,77,77,77,77,77,77,77,77,77,77,77,77,77,77],"card_choices":[{"not_picked":["Tantrum","Perseverance"],"picked":"FlyingSleeves","floor":1},{"not_picked":["SignatureMove","Wallop"],"picked":"Prostrate","floor":3},{"not_picked":["FollowUp","PathToVictory"],"picked":"Tantrum","floor":5},{"not_picked":["DeceiveReality","WheelKick"],"picked":"Evaluate","floor":6},{"not_picked":["WreathOfFlame","FlyingSleeves"],"picked":"FearNoEvil","floor":8},{"not_picked":["Evaluate","ThirdEye"],"picked":"LessonLearned","floor":10},{"not_picked":["WreathOfFlame","Weave"],"picked":"ClearTheMind","floor":12},{"not_picked":["Glass Knife","Reboot"],"picked":"The Bomb","floor":16},{"not_picked":["Footwork+1","Turbo"],"picked":"Consecrate+1","floor":18},{"not_picked":["Dagger Spray","Heel Hook+1"],"picked":"Sucker Punch","floor":20},{"not_picked":["Reflex","Darkness"],"picked":"SignatureMove","floor":21},{"not_picked":["WreathOfFlame","Pommel Strike"],"picked":"EmptyBody","floor":23},{"not_picked":["Consecrate+1","Bloodletting"],"picked":"Flying Knee","floor":25}],"player_experience":53064,"relics_obtained":[{"floor":8,"key":"Frozen Egg 2"},{"floor":9,"key":"StoneCalendar"},{"floor":26,"key":"Question Card"}],"event_choices":[{"damage_healed":0,"gold_gain":175,"player_choice":"AGREE","damage_taken":0,"max_hp_gain":0,"max_hp_loss":0,"event_name":"Liars Game","floor":2,"gold_loss":0,"cards_obtained":["Doubt"]},{"cards_removed":["Prostrate"],"damage_healed":5,"gold_gain":0,"player_choice":"Offered Common","damage_taken":0,"max_hp_gain":0,"max_hp_loss":0,"event_name":"Bonfire Elementals","floor":4,"gold_loss":0},{"cards_removed":["Prostrate"],"damage_healed":5,"gold_gain":0,"player_choice":"Offered Special","damage_taken":0,"max_hp_gain":0,"max_hp_loss":0,"event_name":"Bonfire Elementals","floor":4,"gold_loss":0},{"damage_healed":0,"gold_gain":0,"player_choice":"Donut","damage_taken":0,"max_hp_gain":5,"max_hp_loss":0,"event_name":"Big Fish","floor":13,"gold_loss":0},{"damage_healed":0,"gold_gain":0,"cards_transformed":["Strike_P"],"player_choice":"Transformed","damage_taken":0,"max_hp_gain":0,"max_hp_loss":0,"event_name":"Transmorgrifier","floor":19,"gold_loss":0,"cards_obtained":["PathToVictory"]},{"damage_healed":0,"gold_gain":0,"player_choice":"Copied","damage_taken":0,"max_hp_gain":0,"max_hp_loss":0,"event_name":"Duplicator","floor":27,"gold_loss":0,"cards_obtained":["Metamorphosis"]}],"is_beta":false,"boss_relics":[{"not_picked":["Sozu","Cursed Key"],"picked":"SlaversCollar"}],"items_purged_floors":[],"is_endless":false,"potions_floor_spawned":[1,3,6,8,18,20,21],"killed_by":"Sentry and Sphere","ascension_level":0}}