{"host":"8inpc3yxphy2r27y","time":1612186549,"event":{"mods":["Act Like it!","Aspiration","Astrologer","Bard","BaseMod","Better Synergies","Better Vampires","Challenge The Spire","Conspire","Decade(王小明)","Defuse TimeMaze Blight","Downfall","Energized Spire","FutureSeer","Gensokyo","Gremlin Mod","GungeonMod","Hallownest","Highlight Path","HumanHunterMod(怪物杀人mod)","Hunter 猎人","KinomotoSakuraMod(木之本樱)","Lobotomy","LobotomyExtend","Minty Spire (QoL Compilation)","Pale of the Ancients","Quick Restart","READ ME - Guardian Mod","Red Circlet Mod","Reimu（博丽灵梦）","Relic Filter Mod","Relic Stats","Replay The Spire","Ryuuou龙王","SIMod","Shop Mod","Spicy Shops","StSLib","The Bug Knight","The Cursed","The Gatherer","The Hierophant","UnlockEverythingMod","Waifu the Spire","[GremlinLeader]The Maniac","[IsaacMod]以撒尖塔","noobMod","【遗物卡牌】REMEMod","残留之物","篝火指南"],"gold_per_floor":[47,62,62,62,77,77,77,92,92,92,107,37,37,22,37,137,137,137,137,137,137],"floor_reached":19,"language":"ZHS","playtime":632,"items_purged":[],"score":255,"play_id":"449065fb-c5e1-4315-9af6-39f72d9ad240","local_time":"20210201213549","daily_mods":["Specialized","Hoarder","downfall:WorldOfGoo"],"is_ascension_mode":false,"campfire_choices":[{"floor":13.0,"key":"DIG"},{"floor":18.0,"key":"DIG"}],"circlet_count":0,"master_deck":["bronze:Strike","bronze:Defend","bronze:Defend","bronze:Defend","bronze:Defend","bronze:Replicate","bronze:Goto","BloodyBrimstone","BloodyBrimstone","bronze:AlphaBuild","bronze:AlphaBuild","bronze:AlphaBuild","bronze:CleanCode","bronze:CleanCode","bronze:CleanCode","bronze:CleanCode","bronze:CleanCode","bronze:CleanCode","bronze:CleanCode","bronze:CleanCode","bronze:CleanCode","bronze:CleanCode","bronze:CleanCode","bronze:CleanCode","bronze:CleanCode","bronze:CleanCode","bronze:CleanCode","bronze:Turbo","bronze:Turbo","bronze:Turbo","bronze:DigitalCarnage","bronze:DigitalCarnage","bronze:DigitalCarnage","bronze:Optimize","bronze:Optimize","bronze:Optimize","Hallownest:curseDreamersLament","Hallownest:curseDreamersLament","Hallownest:curseDreamersLament","bronze:CutThrough","bronze:CutThrough","bronze:CutThrough","Predator","Predator","Predator","REME_ShadowStrike","REME_ShadowStrike","REME_ShadowStrike","REME_GrazeFinale","REME_GrazeFinale","REME_GrazeFinale","bronze:Boost","bronze:Boost","bronze:Boost","bronze:OilSpill","bronze:OilSpill","bronze:OilSpill","bronze:Invalidate","bronze:Invalidate","bronze:Invalidate","bronze:InfiniteLoop","bronze:InfiniteLoop","bronze:InfiniteLoop","ReplayTheSpireMod:Brewmster","ReplayTheSpireMod:Brewmster","ReplayTheSpireMod:Brewmster"],"relics":["bronze:BronzeCore","HushsDoor","REME_ComplimentaryCards","ice","GnawedLeaf","LetterFromLob","Lantern","Replay:Multitool","Hallownest:TeacherSealRelic","DemoMod:Relodestone","Pet Ghost","Hallownest:StagBellRelic1","PlaceholderMod:DeVermisMysteriis","DemoMod:GlassGuonStoneRelic","Replay:Ancient Bell","GuppysCollar","conspire:TopHat"],"acts_visited":["Hallownest:Greenpath","Hallownest:CityofTears"],"potions_floor_usage":[19],"damage_taken":[{"damage":0.0,"enemies":"Hallownest:2_MossCreeps","floor":2.0,"turns":1.0},{"damage":0.0,"enemies":"Hallownest:monsterHuskGuard","floor":5.0,"turns":1.0},{"damage":0.0,"enemies":"Hallownest:2_Baldur","floor":8.0,"turns":2.0},{"damage":7.0,"enemies":"Hallownest:MossCreep_and_Mosskin","floor":11.0,"turns":5.0},{"damage":11.0,"enemies":"downfall:FleeingMerchant","floor":14.0,"turns":4.0},{"damage":1.0,"enemies":"Hallownest:monsterMossCharger","floor":15.0,"turns":2.0},{"damage":53.0,"enemies":"WA_ARCHETYPE_RETAIN","floor":16.0,"turns":10.0},{"damage":2,"enemies":"Hallownest:Guard_and_Sentry","floor":19,"turns":1}],"seed_played":"-6699970657251824518","potions_obtained":[{"floor":2.0,"key":"Fire Potion"},{"floor":11.0,"key":"DuplicationPotion"},{"floor":15.0,"key":"Explosive Potion"}],"is_trial":false,"path_per_floor":["R","M","?","?","M","?","T","M","?","?","M","?","R","$","M","B",null,"R","M"],"character_chosen":"THE_AUTOMATON","items_purchased":["bronze:Turbo","Damocles","GuppysCollar","ReplayTheSpireMod:Brewmster"],"campfire_rested":0,"item_purchase_floors":[1,17,17,17],"current_hp_per_floor":[70,67,77,49,49,49,49,49,49,34,27,27,27,16,15,70,45,45,0,0,0],"gold":137,"neow_bonus":"","is_daily":true,"chose_seed":false,"campfire_upgraded":0,"win_rate":0.0,"timestamp":1612186549,"path_taken":["R","M","?","?","?","?","T","M","?","?","M","?","R","?","M","BOSS","R","M"],"items_purchased_type":["Card","Relic","Relic","Card"],"build_version":"2020-12-22","purchased_purges":0,"victory":false,"max_hp_per_floor":[70,67,77,77,74,74,74,74,74,74,74,74,74,71,71,72,45,45,42,42,42],"relic_stats":{"counters":[8,26],"obtain_stats":[{"KeepersGift":0,"Damocles":17,"Lantern":4,"Hallownest:StagBellRelic1":12,"bronze:BronzeCore":0,"GnawedLeaf":0,"DemoMod:GlassGuonStoneRelic":2,"PlaceholderMod:DeVermisMysteriis":13,"ice":0,"Replay:Multitool":4,"Replay:Ancient Bell":17,"Pet Ghost":10,"conspire:TopHat":18,"DemoMod:Relodestone":7,"LetterFromLob":2,"HushsDoor":0,"Hallownest:TeacherSealRelic":6,"GuppysCollar":17,"REME_ComplimentaryCards":0},{"KeepersGift":0,"Damocles":7,"Lantern":1,"Hallownest:StagBellRelic1":4,"bronze:BronzeCore":0,"GnawedLeaf":0,"DemoMod:GlassGuonStoneRelic":1,"PlaceholderMod:DeVermisMysteriis":4,"ice":0,"Replay:Multitool":1,"Replay:Ancient Bell":7,"Pet Ghost":3,"conspire:TopHat":7,"DemoMod:Relodestone":2,"LetterFromLob":1,"HushsDoor":0,"Hallownest:TeacherSealRelic":2,"GuppysCollar":7,"REME_ComplimentaryCards":0},{"KeepersGift":0,"Damocles":25,"Lantern":1,"Hallownest:StagBellRelic1":9,"bronze:BronzeCore":0,"GnawedLeaf":0,"DemoMod:GlassGuonStoneRelic":1,"PlaceholderMod:DeVermisMysteriis":9,"ice":0,"Replay:Multitool":1,"Replay:Ancient Bell":25,"Pet Ghost":4,"conspire:TopHat":25,"DemoMod:Relodestone":2,"LetterFromLob":1,"HushsDoor":0,"Hallownest:TeacherSealRelic":2,"GuppysCollar":25,"REME_ComplimentaryCards":0}]},"card_choices":[{"not_picked":[],"picked":"BloodyBrimstone","floor":0.0},{"not_picked":["bronze:Shell","bronze:ChosenStrike"],"picked":"bronze:DigitalCarnage","floor":2.0},{"not_picked":["bronze:Verify","bronze:InfiniteBeams"],"picked":"bronze:Optimize","floor":5.0},{"not_picked":["bronze:Shield","bronze:FineTuning"],"picked":"bronze:CutThrough","floor":8.0},{"not_picked":["bronze:InfiniteBeams","bronze:DigitalCarnage"],"picked":"bronze:Boost","floor":11.0},{"not_picked":["bronze:WhirlingStrike","bronze:Allocate"],"picked":"bronze:OilSpill","floor":14.0},{"not_picked":["bronze:Allocate","bronze:Constructor"],"picked":"bronze:Invalidate","floor":15.0},{"not_picked":["bronze:ThunderWave","bronze:Verify"],"picked":"bronze:InfiniteLoop","floor":16.0}],"player_experience":182195,"relics_obtained":[{"floor":2.0,"key":"LetterFromLob"},{"floor":7.0,"key":"DemoMod:Relodestone"},{"floor":13.0,"key":"PlaceholderMod:DeVermisMysteriis"},{"floor":18.0,"key":"conspire:TopHat"}],"event_choices":[],"is_beta":false,"boss_relics":[{"not_picked":["energizedSpire:SpiderWeb","SacredBark"],"picked":"Replay:Ancient Bell"},{"not_picked":[]}],"items_purged_floors":[],"is_endless":false,"potions_floor_spawned":[2,11,15],"killed_by":"Hallownest:Guard_and_Sentry","ascension_level":0}}