{"host":"sav7uxregyirlf69","time":1612183706,"event":{"mods":["AchievementEnabler","BaseMod","Colored Map","DeckTracker","Keyboard Shortcuts","Minty Spire (QoL Compilation)","READ ME - Guardian Mod","StSLib","SuperFastMode"],"gold_per_floor":[119,44,61,61,79,79,59,93,139,149,149,164,181,193,193,264,264,281,40,40,40,40,40,56,56,80,80,90,107,127,127,127],"floor_reached":31,"language":"KOR","playtime":476,"items_purged":["Searing Blow"],"score":478,"play_id":"74aba153-b758-4c28-b440-5d857854b37a","local_time":"20210201214826","is_ascension_mode":true,"campfire_choices":[{"data":"Shockwave","floor":6,"key":"SMITH"},{"floor":11,"key":"REST"},{"data":"Fire Breathing","floor":15,"key":"SMITH"},{"data":"Second Wind","floor":23,"key":"SMITH"},{"data":"Body Slam","floor":25,"key":"SMITH"},{"data":"Fire Breathing","floor":27,"key":"SMITH"}],"circlet_count":0,"master_deck":["AscendersBane","Bash","Second Wind+1","Hemokinesis","Shockwave+1","Power Through","Juggernaut","Body Slam+1","Wild Strike","Fire Breathing+1","Hemokinesis","Clash","Fire Breathing+1","Clothesline","Sentinel","Uppercut","Flame Barrier","True Grit","Evolve"],"relics":["Burning Blood","Orichalcum","Pen Nib","Pandora\u0027s Box","Potion Belt","PreservedInsect"],"acts_visited":["Exordium","TheCity"],"potions_floor_usage":[8,16,24,31],"damage_taken":[{"damage":3,"enemies":"2 Louse","floor":1,"turns":2},{"damage":15,"enemies":"Small Slimes","floor":3,"turns":3},{"damage":2,"enemies":"Cultist","floor":5,"turns":3},{"damage":79,"enemies":"3 Sentries","floor":8,"turns":14},{"damage":2,"enemies":"2 Fungi Beasts","floor":10,"turns":3},{"damage":6,"enemies":"Looter","floor":12,"turns":4},{"damage":6,"enemies":"Red Slaver","floor":13,"turns":2},{"damage":10,"enemies":"3 Louse","floor":14,"turns":4},{"damage":13,"enemies":"Hexaghost","floor":16,"turns":7},{"damage":22,"enemies":"Shell Parasite","floor":18,"turns":5},{"damage":20,"enemies":"Spheric Guardian","floor":24,"turns":6},{"damage":32,"enemies":"Snake Plant","floor":28,"turns":5},{"damage":11,"enemies":"Chosen and Byrds","floor":29,"turns":5},{"damage":9,"enemies":"Cultist and Chosen","floor":30,"turns":4},{"damage":27,"enemies":"3 Cultists","floor":31,"turns":5}],"seed_played":"1008254649107592535","potions_obtained":[{"floor":1,"key":"SmokeBomb"},{"floor":5,"key":"BloodPotion"},{"floor":7,"key":"CultistPotion"},{"floor":10,"key":"LiquidMemories"},{"floor":24,"key":"EssenceOfSteel"},{"floor":29,"key":"PowerPotion"},{"floor":30,"key":"SkillPotion"}],"is_trial":false,"path_per_floor":["M","?","M","?","M","R","?","E","T","M","R","M","M","M","R","B",null,"M","$","?","?","?","R","M","R","T","R","M","M","M","M"],"character_chosen":"IRONCLAD","items_purchased":["Potion Belt"],"campfire_rested":1,"item_purchase_floors":[19],"current_hp_per_floor":[71,71,62,62,66,66,66,7,7,11,32,32,32,28,28,21,59,43,43,43,43,72,72,58,58,58,58,32,27,24,0,0],"gold":127,"neow_bonus":"TRANSFORM_TWO_CARDS","is_daily":false,"chose_seed":false,"campfire_upgraded":5,"win_rate":0.0,"timestamp":1612183706,"path_taken":["M","?","M","?","M","R","?","E","T","M","R","M","M","M","R","BOSS","M","$","?","?","?","R","?","R","T","R","M","M","M","M"],"items_purchased_type":["Relic"],"build_version":"2020-12-22","purchased_purges":1,"victory":false,"max_hp_per_floor":[75,72,72,72,72,72,72,72,72,72,72,72,72,72,72,72,72,72,72,72,72,72,72,72,72,72,72,72,72,72,72,72],"card_choices":[{"not_picked":["Warcry","Twin Strike"],"picked":"Shockwave","floor":1},{"not_picked":["Shrug It Off","Feel No Pain"],"picked":"Power Through","floor":3},{"not_picked":["True Grit","Heavy Blade","Clash"],"picked":"SKIP","floor":5},{"not_picked":["Cleave","Iron Wave"],"picked":"Juggernaut","floor":8},{"not_picked":["Metallicize","Armaments","Second Wind"],"picked":"SKIP","floor":10},{"not_picked":["Cleave","Pommel Strike"],"picked":"Body Slam","floor":12},{"not_picked":["Clash","Uppercut"],"picked":"Wild Strike","floor":13},{"not_picked":["Armaments","Thunderclap"],"picked":"Fire Breathing","floor":14},{"not_picked":["Iron Wave","Clash"],"picked":"Flame Barrier","floor":18},{"not_picked":["Metallicize","Thunderclap","Ghostly Armor"],"picked":"SKIP","floor":24},{"not_picked":["Cleave","Body Slam+1"],"picked":"True Grit","floor":28},{"not_picked":["Shrug It Off","Whirlwind"],"picked":"Evolve","floor":29},{"not_picked":["Berserk","Searing Blow","Sword Boomerang"],"picked":"SKIP","floor":30}],"player_experience":1453775,"relics_obtained":[{"floor":8,"key":"Orichalcum"},{"floor":9,"key":"Pen Nib"},{"floor":26,"key":"PreservedInsect"}],"event_choices":[{"cards_removed":["Parasite"],"damage_healed":0,"gold_gain":0,"player_choice":"Card Removal","damage_taken":0,"max_hp_gain":0,"max_hp_loss":0,"event_name":"The Cleric","floor":2,"gold_loss":75},{"damage_healed":0,"gold_gain":0,"player_choice":"Ignored","damage_taken":0,"max_hp_gain":0,"max_hp_loss":0,"event_name":"Liars Game","floor":4,"gold_loss":0},{"damage_healed":0,"gold_gain":0,"player_choice":"Bought 1 Potion","damage_taken":0,"max_hp_gain":0,"max_hp_loss":0,"event_name":"The Woman in Blue","floor":7,"gold_loss":0},{"damage_healed":0,"gold_gain":0,"player_choice":"Ignored","damage_taken":0,"max_hp_gain":0,"max_hp_loss":0,"event_name":"The Mausoleum","floor":20,"gold_loss":0},{"damage_healed":0,"gold_gain":0,"player_choice":"Ignored","damage_taken":0,"max_hp_gain":0,"max_hp_loss":0,"event_name":"Vampires","floor":21,"gold_loss":0},{"damage_healed":29,"gold_gain":0,"player_choice":"Full Heal","damage_taken":0,"max_hp_gain":0,"max_hp_loss":0,"event_name":"Wheel of Change","floor":22,"gold_loss":0}],"is_beta":false,"boss_relics":[{"not_picked":["Calling Bell","Ectoplasm"],"picked":"Pandora\u0027s Box"}],"items_purged_floors":[19],"is_endless":false,"potions_floor_spawned":[1,5,10,14,24,29,30],"killed_by":"3 Cultists","ascension_level":20}}