{"host":"qheym18ww6mhskxf","time":1612176876,"event":{"mods":["100% Spire Juice","BaseMod","CapriCore","Friendly Minions","GungeonMod","KOR Keyword Fix","Kiyohime£¨?ýï£©","Minty Spire (QoL Compilation)","Prisma Mod","Quick Restart","RRrroohrrRGHHhhh!!","Rare Cards Sparkle","Shop Mod","Spicy Shops","StSLib","Td1madao Mod","The Dragon Tamer","Username Fix"],"gold_per_floor":[116,41,56,67,15,45,25,60,86,86,105,105,5,133,133,231,231,249,43,63,14,28,153,153,259,259,359,359,370,508,63,63,168,168,183,201,201,6,23,23,35,155,178,305,305,305,305,81,81,184,184,197,215,340,360,360,360,521,540,618,771,118,118,263,66,66,185,185,201,224,224,237,26,26,47,47,200,223,356,376,532,68,68,194,194,207,27,40,60,83,83,223,223,394,413,557,575,575,69,69,195,195,195,195],"floor_reached":103,"language":"KOR","playtime":2363,"items_purged":["KiyohimeMod:FlameKiss","KiyohimeMod:Shapeshift+1","Clumsy","KiyohimeMod:Defend","KiyohimeMod:Defend"],"score":4480,"play_id":"f3f4a386-4b6d-4a3c-b56e-f25275af11a5","local_time":"20210201195436","daily_mods":["Time Dilation","DeadlyEvents","Elite Swarm"],"is_ascension_mode":true,"campfire_choices":[{"data":"PrismaMod:ChloeGaeBolg","floor":12.0,"key":"SMITH"},{"data":"PrismaMod:ChloeCarnivalDefend","floor":15.0,"key":"SMITH"},{"data":"PrismaMod:ChloeCaladbolg","floor":24.0,"key":"SMITH"},{"data":"KiyohimeMod:Preemptive","floor":28.0,"key":"SMITH"},{"data":"KiyohimeMod:GreenBlackKey","floor":32.0,"key":"SMITH"},{"data":"Dramatic Entrance","floor":40.0,"key":"SMITH"},{"data":"KiyohimeMod:RedBlackKey","floor":46.0,"key":"SMITH"},{"data":"Trip","floor":49.0,"key":"SMITH"},{"data":"PrismaMod:ChloeExcalibur","floor":57.0,"key":"SMITH"},{"data":"PrismaMod:ChloeCheapAttack","floor":66.0,"key":"SMITH"},{"data":"PrismaMod:ChloeCarnivalDefend","floor":74.0,"key":"SMITH"},{"data":"KiyohimeMod:Preemptive","floor":76.0,"key":"SMITH"},{"data":"KiyohimeMod:AVerseOfBurningLoveStory","floor":83.0,"key":"SMITH"},{"data":"PrismaMod:ChloeCarnivalDefend","floor":91.0,"key":"SMITH"},{"data":"KiyohimeMod:ImaginaryNumberMagecraft","floor":93.0,"key":"SMITH"},{"data":"Panacea","floor":98.0,"key":"SMITH"},{"data":"Good Instincts","floor":100.0,"key":"SMITH"}],"circlet_count":0,"master_deck":["KiyohimeMod:Strike","KiyohimeMod:Strike+1","KiyohimeMod:Strike","KiyohimeMod:Strike","KiyohimeMod:Track+1","PrismaMod:ChloeGaeBolg+1","KiyohimeMod:GreenBlackKey+1","KiyohimeMod:RedBlackKey+1","PrismaMod:ChloeCarnivalDefend+1","KiyohimeMod:RedBlackKey","KiyohimeMod:BlueBlackKey","KiyohimeMod:GreenBlackKey","PrismaMod:ChloeCaladbolg+1","KiyohimeMod:BlueBlackKey","KiyohimeMod:Preemptive+1","PrismaMod:ChloeCheapDefendTwo+1","KiyohimeMod:GreenBlackKey+1","PrismaMod:ChloeCaladbolg+1","Dramatic Entrance+1","PrismaMod:ChloeCheapDefendTwo+1","KiyohimeMod:Preemptive+1","Trip+1","PrismaMod:ChloeExcalibur+1","PrismaMod:ChloeCheapAttack+1","PrismaMod:ChloeCarnivalDefend+1","KiyohimeMod:AVerseOfBurningLoveStory+1","PrismaMod:ChloeCarnivalDefend+1","Panacea+1","KiyohimeMod:BlueBlackKey+1","PrismaMod:ChloeCaladbolg+1","KiyohimeMod:ImaginaryNumberMagecraft+1","PrismaMod:ChloeCarnivalDefend","Good Instincts+1"],"relics":["Unceasing Top","DemoMod:GlassGuonStoneRelic","Letter Opener","rorgmod:Ceramic Fish","SlaversCollar","MerchantsRug","Akabeko","Shuriken","HornCleat","Toy Ornithopter","Sling","Mercury Hourglass","KiyohimeMod:TheBlackGrail","ClockworkSouvenir","DemoMod:ClearGuonStone","Centennial Puzzle","Bag of Preparation","Lantern","DemoMod:WaxWing","Golden Idol","Gremlin Horn","Bag of Marbles","PreservedInsect","Vajra","Medical Kit","KiyohimeMod:HolyShroudOfMagdalene","Anchor","rorgmod:The Boot","DemoMod:RiddleOfLead","DemoMod:GundromedaStrain","Omamori","SacredBark"],"acts_visited":["Exordium","TheCity","TheBeyond","Exordium","TheCity","TheBeyond","Exordium"],"potions_floor_usage":[],"damage_taken":[{"damage":0.0,"enemies":"Small Slimes","floor":1.0,"turns":2.0},{"damage":0.0,"enemies":"Jaw Worm","floor":3.0,"turns":1.0},{"damage":0.0,"enemies":"2 Louse","floor":4.0,"turns":2.0},{"damage":0.0,"enemies":"3 Sentries","floor":6.0,"turns":4.0},{"damage":0.0,"enemies":"Lagavulin","floor":8.0,"turns":2.0},{"damage":0.0,"enemies":"2 Fungi Beasts","floor":11.0,"turns":2.0},{"damage":0.0,"enemies":"3 Sentries","floor":14.0,"turns":3.0},{"damage":0.0,"enemies":"Slime Boss","floor":16.0,"turns":2.0},{"damage":0.0,"enemies":"2 Thieves","floor":18.0,"turns":1.0},{"damage":0.0,"enemies":"3 Byrds","floor":20.0,"turns":2.0},{"damage":0.0,"enemies":"3 Cultists","floor":22.0,"turns":2.0},{"damage":0.0,"enemies":"Gremlin Leader","floor":23.0,"turns":2.0},{"damage":0.0,"enemies":"Slavers","floor":25.0,"turns":1.0},{"damage":0.0,"enemies":"Colosseum Slavers","floor":27.0,"turns":1.0},{"damage":0.0,"enemies":"Colosseum Nobs","floor":27.0,"turns":1.0},{"damage":0.0,"enemies":"Snecko","floor":29.0,"turns":1.0},{"damage":0.0,"enemies":"Book of Stabbing","floor":30.0,"turns":1.0},{"damage":0.0,"enemies":"Champ","floor":33.0,"turns":2.0},{"damage":0.0,"enemies":"Orb Walker","floor":35.0,"turns":1.0},{"damage":0.0,"enemies":"3 Shapes","floor":36.0,"turns":2.0},{"damage":0.0,"enemies":"Transient","floor":39.0,"turns":5.0},{"damage":0.0,"enemies":"Spire Growth","floor":41.0,"turns":1.0},{"damage":0.0,"enemies":"Nemesis","floor":42.0,"turns":2.0},{"damage":0.0,"enemies":"Reptomancer","floor":44.0,"turns":1.0},{"damage":0.0,"enemies":"Time Eater","floor":50.0,"turns":2.0},{"damage":0.0,"enemies":"Jaw Worm","floor":52.0,"turns":1.0},{"damage":0.0,"enemies":"Cultist","floor":53.0,"turns":1.0},{"damage":0.0,"enemies":"Gremlin Nob","floor":54.0,"turns":1.0},{"damage":0.0,"enemies":"2 Louse","floor":55.0,"turns":1.0},{"damage":0.0,"enemies":"3 Sentries","floor":58.0,"turns":1.0},{"damage":0.0,"enemies":"Exordium Thugs","floor":59.0,"turns":1.0},{"damage":0.0,"enemies":"Gremlin Nob","floor":61.0,"turns":1.0},{"damage":0.0,"enemies":"3 Sentries","floor":64.0,"turns":1.0},{"damage":0.0,"enemies":"Slime Boss","floor":67.0,"turns":1.0},{"damage":0.0,"enemies":"Shell Parasite","floor":69.0,"turns":1.0},{"damage":0.0,"enemies":"3 Byrds","floor":70.0,"turns":1.0},{"damage":0.0,"enemies":"Snecko","floor":72.0,"turns":1.0},{"damage":0.0,"enemies":"3 Cultists","floor":75.0,"turns":1.0},{"damage":0.0,"enemies":"Book of Stabbing","floor":77.0,"turns":1.0},{"damage":0.0,"enemies":"Shelled Parasite and Fungi","floor":78.0,"turns":1.0},{"damage":0.0,"enemies":"Slavers","floor":79.0,"turns":1.0},{"damage":0.0,"enemies":"Centurion and Healer","floor":80.0,"turns":1.0},{"damage":0.0,"enemies":"Book of Stabbing","floor":81.0,"turns":1.0},{"damage":0.0,"enemies":"Automaton","floor":84.0,"turns":2.0},{"damage":0.0,"enemies":"Orb Walker","floor":86.0,"turns":1.0},{"damage":0.0,"enemies":"3 Darklings","floor":88.0,"turns":1.0},{"damage":0.0,"enemies":"Transient","floor":89.0,"turns":5.0},{"damage":0.0,"enemies":"4 Shapes","floor":90.0,"turns":1.0},{"damage":0.0,"enemies":"Reptomancer","floor":92.0,"turns":1.0},{"damage":0.0,"enemies":"Nemesis","floor":94.0,"turns":1.0},{"damage":0.0,"enemies":"Spire Growth","floor":95.0,"turns":2.0},{"damage":0.0,"enemies":"Reptomancer","floor":96.0,"turns":1.0},{"damage":0.0,"enemies":"3 Darklings","floor":97.0,"turns":1.0},{"damage":0.0,"enemies":"Awakened One","floor":101.0,"turns":3.0},{"damage":0,"enemies":"Jaw Worm","floor":103,"turns":1}],"seed_played":"-8091378007097085581","potions_obtained":[{"floor":4.0,"key":"AttackPotion"},{"floor":6.0,"key":"GamblersBrew"},{"floor":18.0,"key":"Energy Potion"},{"floor":19.0,"key":"Regen Potion"},{"floor":19.0,"key":"Ancient Potion"},{"floor":19.0,"key":"CultistPotion"},{"floor":20.0,"key":"SpeedPotion"},{"floor":23.0,"key":"Strength Potion"},{"floor":30.0,"key":"BlessingOfTheForge"},{"floor":35.0,"key":"GamblersBrew"},{"floor":39.0,"key":"Fire Potion"},{"floor":44.0,"key":"DemoMod:BlankPotion"},{"floor":50.0,"key":"BlessingOfTheForge"},{"floor":54.0,"key":"LiquidMemories"},{"floor":58.0,"key":"Strength Potion"},{"floor":62.0,"key":"SmokeBomb"},{"floor":62.0,"key":"Dexterity Potion"},{"floor":62.0,"key":"PowerPotion"},{"floor":67.0,"key":"SmokeBomb"},{"floor":72.0,"key":"Weak Potion"},{"floor":75.0,"key":"EssenceOfSteel"},{"floor":77.0,"key":"Block Potion"},{"floor":80.0,"key":"SkillPotion"},{"floor":88.0,"key":"Swift Potion"},{"floor":90.0,"key":"EntropicBrew"},{"floor":101.0,"key":"Explosive Potion"}],"is_trial":true,"path_per_floor":["M","$","M","M","$","E","?","E","T","?","M","R","$","E","R","B",null,"M","$","M","$","M","E","R","E","T","?","R","M","E","$","R","B",null,"M","M","?","$","M","R","M","E","T","E","?","R","?","$","R","B",null,"M","M","E","M","?","R","E","M","T","E","$","?","E","$","R","B",null,"M","M","?","M","$","R","M","R","E","M","E","M","E","$","R","B",null,"M","$","M","M","M","R","E","R","E","M","E","M","R","$","R","B",null,"M"],"character_chosen":"Kiyohime","items_purchased":["KiyohimeMod:RedBlackKey","MerchantsRug","Whetstone","Cauldron","KiyohimeMod:BlueBlackKey","PrismaMod:ChloeCaladbolg","KiyohimeMod:BlueBlackKey","Lee\u0027s Waffle","Sling","Mercury Hourglass","KiyohimeMod:GreenBlackKey","ClockworkSouvenir","Dramatic Entrance","Trip","Lantern","PrismaMod:ChloeExcalibur","Bag of Marbles","PreservedInsect","Vajra","Cauldron","Medical Kit","PrismaMod:ChloeCheapAttack","KiyohimeMod:HolyShroudOfMagdalene","Panacea","Anchor","rorgmod:The Boot","DemoMod:GundromedaStrain","PrismaMod:ChloeCarnivalDefend","Good Instincts","Omamori"],"campfire_rested":0,"item_purchase_floors":[5,19,19,19,19,21,21,31,31,31,31,38,38,48,48,48,62,62,62,62,65,65,73,82,82,82,87,99,99,99],"current_hp_per_floor":[1,1,1,1,1,1,1,1,1,1,1,1,1,1,1,1,1,1,1,1,1,1,1,1,1,1,1,1,1,1,8,8,8,8,8,8,8,8,8,8,8,8,8,8,8,8,8,8,8,8,8,8,8,8,8,6,6,6,6,6,8,8,13,13,13,13,13,13,13,13,13,13,13,13,13,13,13,13,13,13,13,13,13,13,23,23,23,23,23,23,23,23,23,23,23,23,23,23,23,23,23,23,23,23],"gold":195,"neow_bonus":"","is_daily":false,"chose_seed":false,"campfire_upgraded":17,"win_rate":0.0,"timestamp":1612176876,"path_taken":["M","$","M","M","$","E","?","E","T","?","M","R","$","E","R","BOSS","M","$","M","$","M","E","R","E","T","?","R","M","E","$","R","BOSS","M","M","?","$","M","R","M","E","T","E","?","R","?","$","R","BOSS","M","?","?","?","?","R","E","M","T","E","$","?","E","$","R","BOSS","M","M","?","M","$","R","M","R","E","M","E","M","E","$","R","BOSS","M","$","M","M","M","R","E","R","E","M","E","M","R","$","R","BOSS","M"],"items_purchased_type":["Card","Relic","Relic","Relic","Card","Card","Card","Relic","Relic","Relic","Card","Relic","Card","Card","Relic","Card","Relic","Relic","Relic","Relic","Relic","Card","Relic","Card","Relic","Relic","Relic","Card","Card","Relic"],"build_version":"2020-12-22","purchased_purges":5,"victory":false,"max_hp_per_floor":[1,1,1,1,1,1,1,1,1,1,1,1,1,1,1,1,1,1,1,1,1,1,1,1,1,1,1,1,1,1,8,8,8,8,8,8,8,8,8,8,8,8,8,8,8,8,8,8,8,8,8,8,8,8,8,8,8,8,8,8,8,8,13,13,13,13,13,13,13,13,13,13,13,13,13,13,13,13,13,13,13,13,13,13,23,23,23,23,23,23,23,23,23,23,23,23,23,23,23,23,23,23,23,23],"card_choices":[{"not_picked":["KiyohimeMod:Berserker","PrismaMod:ChloeRitsuka","PrismaMod:ChloeExhaustTwo"],"picked":"SKIP","floor":1.0},{"not_picked":["KiyohimeMod:WaterTurn","PrismaMod:ChloeCheapAttack"],"picked":"PrismaMod:ChloeGaeBolg","floor":3.0},{"not_picked":["PrismaMod:ChloeCheapDefend","PrismaMod:ChloeUncommonAOEAttack"],"picked":"KiyohimeMod:GreenBlackKey","floor":4.0},{"not_picked":["KiyohimeMod:CastleOfTheSun","KiyohimeMod:Destruction","KiyohimeMod:JeweledSword"],"picked":"SKIP","floor":6.0},{"not_picked":["KiyohimeMod:PrismaCosmos","PrismaMod:ChloeUnlimitedBladeWorks"],"picked":"PrismaMod:ChloeCarnivalDefend","floor":8.0},{"not_picked":["PrismaMod:ChloeCheapAttackTwo","PrismaMod:ChloeCheapAttack"],"picked":"KiyohimeMod:RedBlackKey","floor":11.0},{"not_picked":["KiyohimeMod:Destruction","KiyohimeMod:FacelessMoon","PrismaMod:ChloeDevil"],"picked":"SKIP","floor":14.0},{"not_picked":["KiyohimeMod:CommandCard_Arts","KiyohimeMod:WaterTurn+1","PrismaMod:ChloeCheapDefend"],"picked":"SKIP","floor":18.0},{"not_picked":["PrismaMod:ChloeBetterTracePools","PrismaMod:ChloeCheapAttackTwo"],"picked":"KiyohimeMod:GreenBlackKey","floor":20.0},{"not_picked":["PrismaMod:ChloeRuleBreaker+1","PrismaMod:ChloeGaeBolg","PrismaMod:ChloeDemonicTutor+1"],"picked":"SKIP","floor":22.0},{"not_picked":["KiyohimeMod:HeroCreation","PrismaMod:ChloeExhaustThree","KiyohimeMod:Servant_Osakabehime"],"picked":"SKIP","floor":23.0},{"not_picked":["PrismaMod:ChloeAnyRareTrace","KiyohimeMod:FacelessMoon","PrismaMod:ChloeAnyPowerTrace"],"picked":"SKIP","floor":25.0},{"not_picked":["KiyohimeMod:BlueBlackKey","KiyohimeMod:Projection"],"picked":"KiyohimeMod:Preemptive","floor":27.0},{"not_picked":["PrismaMod:ChloeRitsuka","KiyohimeMod:EatSoul"],"picked":"PrismaMod:ChloeCheapDefendTwo+1","floor":29.0},{"not_picked":["PrismaMod:ChloeGreatTracePools","PrismaMod:ChloeAnyAttackTrace","PrismaMod:ChloeCarnivalAttack"],"picked":"SKIP","floor":30.0},{"not_picked":["KiyohimeMod:CommandCard_Arts","PrismaMod:ChloeCheapAttackTwo+1"],"picked":"PrismaMod:ChloeCaladbolg+1","floor":35.0},{"not_picked":["PrismaMod:ChloeExhaustOne","KiyohimeMod:SteelTraining","PrismaMod:ChloeDiscardRecovery+1"],"picked":"SKIP","floor":36.0},{"not_picked":["KiyohimeMod:Barrier","PrismaMod:ChloeCheapDefend+1"],"picked":"PrismaMod:ChloeCheapDefendTwo+1","floor":39.0},{"not_picked":["KiyohimeMod:EatSoul","PrismaMod:ChloeExhaustOne","KiyohimeMod:BeElegant"],"picked":"SKIP","floor":41.0},{"not_picked":["KiyohimeMod:GoldenCarpFigure","KiyohimeMod:Servant_TamamoNoMae","PrismaMod:ChloeExhaustThree"],"picked":"SKIP","floor":42.0},{"not_picked":["KiyohimeMod:FiringTheFirstArrow","PrismaMod:ChloeUnlimitedBladeWorks","KiyohimeMod:JeweledSword"],"picked":"SKIP","floor":44.0},{"not_picked":["PrismaMod:ChloeCheapDefend","KiyohimeMod:SteelTraining","KiyohimeMod:GreenBlackKey"],"picked":"SKIP","floor":52.0},{"not_picked":["KiyohimeMod:CommandCard_Buster","PrismaMod:ChloeUncommonDefend","KiyohimeMod:Tenacious"],"picked":"SKIP","floor":53.0},{"not_picked":["PrismaMod:ChloeUnlimitedBladeWorks","KiyohimeMod:MagicCrystal","PrismaMod:ChloeAnyPowerTrace"],"picked":"SKIP","floor":54.0},{"not_picked":["KiyohimeMod:Berserker","KiyohimeMod:AndSoTheShipConquers","PrismaMod:ChloeExhaustOne"],"picked":"SKIP","floor":55.0},{"not_picked":["KiyohimeMod:Barrier","PrismaMod:ChloeHalloween","PrismaMod:ChloeGreatTracePools"],"picked":"SKIP","floor":58.0},{"not_picked":["PrismaMod:ChloeMaid","KiyohimeMod:GreenBlackKey","PrismaMod:ChloeMordred"],"picked":"SKIP","floor":59.0},{"not_picked":["KiyohimeMod:Servant_Osakabehime","PrismaMod:ChloeDoubleRelicSpeed","PrismaMod:ChloeGreatTracePools"],"picked":"SKIP","floor":61.0},{"not_picked":["KiyohimeMod:FragmentsOf2030","KiyohimeMod:GoldenCarpFigure","PrismaMod:ChloeAnyRareTrace"],"picked":"SKIP","floor":64.0},{"not_picked":["KiyohimeMod:FiringTheFirstArrow","KiyohimeMod:MagicCrystal"],"picked":"PrismaMod:ChloeCarnivalDefend","floor":67.0},{"not_picked":["PrismaMod:ChloeCheapDefend","PrismaMod:ChloeMaid","KiyohimeMod:EatSoul+1"],"picked":"SKIP","floor":69.0},{"not_picked":["PrismaMod:ChloeDiscardRecovery","KiyohimeMod:LimitedZeroOver","PrismaMod:ChloeCheapAttack"],"picked":"SKIP","floor":70.0},{"not_picked":["KiyohimeMod:GreenBlackKey","KiyohimeMod:Projection+1","PrismaMod:ChloeCommonAOEAttack"],"picked":"SKIP","floor":72.0},{"not_picked":["PrismaMod:ChloeCheapDefend","PrismaMod:ChloeGaeBolg","PrismaMod:ChloeCheapDefendTwo"],"picked":"SKIP","floor":75.0},{"not_picked":["KiyohimeMod:Barrier","KiyohimeMod:CastleOfTheSun","PrismaMod:ChloeCarnivalAttack"],"picked":"SKIP","floor":77.0},{"not_picked":["PrismaMod:ChloeRitsuka","KiyohimeMod:BeastOfBillows","PrismaMod:ChloeExhaustOne+1"],"picked":"SKIP","floor":78.0},{"not_picked":["PrismaMod:ChloeDoubleRelicSpeed","PrismaMod:ChloeUnlimitedBladeWorks"],"picked":"KiyohimeMod:AVerseOfBurningLoveStory","floor":79.0},{"not_picked":["PrismaMod:ChloeChristmas","KiyohimeMod:EatSoul","KiyohimeMod:RedBlackKey"],"picked":"SKIP","floor":80.0},{"not_picked":["KiyohimeMod:JeweledSword","PrismaMod:ChloeAnyCommonTrace"],"picked":"PrismaMod:ChloeCarnivalDefend","floor":81.0},{"not_picked":["KiyohimeMod:AgainstMagic","KiyohimeMod:RedBlackKey"],"picked":"KiyohimeMod:BlueBlackKey+1","floor":86.0},{"not_picked":["PrismaMod:ChloeCommonAOEAttack+1","KiyohimeMod:GreenBlackKey","PrismaMod:ChloeMordred+1"],"picked":"SKIP","floor":88.0},{"not_picked":["KiyohimeMod:Servant_TamamoNoMae","KiyohimeMod:EatSoul"],"picked":"PrismaMod:ChloeCaladbolg+1","floor":89.0},{"not_picked":["KiyohimeMod:BeastOfBillows+1","PrismaMod:ChloeCheapDefend+1","KiyohimeMod:EatSoul+1"],"picked":"SKIP","floor":90.0},{"not_picked":["PrismaMod:ChloeAnyRareTrace","PrismaMod:ChloeHalloween"],"picked":"KiyohimeMod:ImaginaryNumberMagecraft","floor":92.0},{"not_picked":["PrismaMod:ChloeAnyAttackTrace","KiyohimeMod:FiringTheFirstArrow","KiyohimeMod:Destruction"],"picked":"SKIP","floor":94.0},{"not_picked":["KiyohimeMod:EatSoul+1","PrismaMod:ChloeCheapAttackTwo","KiyohimeMod:CommandCard_Quick+1"],"picked":"SKIP","floor":95.0},{"not_picked":["KiyohimeMod:JeweledSword","KiyohimeMod:FacelessMoon","PrismaMod:ChloeCarnivalAOEAttack"],"picked":"SKIP","floor":96.0},{"not_picked":["PrismaMod:ChloeCheapDefendTwo+1","KiyohimeMod:RedBlackKey+1","PrismaMod:ChloeDiscardRecovery"],"picked":"SKIP","floor":97.0}],"player_experience":463023,"relics_obtained":[{"floor":6.0,"key":"Letter Opener"},{"floor":8.0,"key":"War Paint"},{"floor":9.0,"key":"rorgmod:Ceramic Fish"},{"floor":14.0,"key":"DemoMod:JetPack"},{"floor":23.0,"key":"Akabeko"},{"floor":25.0,"key":"Shuriken"},{"floor":26.0,"key":"DemoMod:BigBoy"},{"floor":27.0,"key":"DemoMod:ResourcefulSack"},{"floor":27.0,"key":"HornCleat"},{"floor":30.0,"key":"Toy Ornithopter"},{"floor":42.0,"key":"DemoMod:ClearGuonStone"},{"floor":43.0,"key":"Centennial Puzzle"},{"floor":44.0,"key":"Bag of Preparation"},{"floor":60.0,"key":"Gremlin Horn"}],"event_choices":[{"damage_healed":0.0,"max_hp_gain":0.0,"max_hp_loss":0.0,"gold_gain":0.0,"event_name":"World of Goop","player_choice":"Left Gold","floor":7.0,"gold_loss":20.0,"damage_taken":0.0},{"damage_healed":0.0,"max_hp_gain":0.0,"max_hp_loss":0.0,"gold_gain":0.0,"event_name":"Liars Game","player_choice":"Ignored","floor":10.0,"gold_loss":0.0,"damage_taken":0.0},{"damage_healed":0.0,"max_hp_gain":0.0,"max_hp_loss":0.0,"gold_gain":0.0,"event_name":"Colosseum","player_choice":"Fight","floor":27.0,"gold_loss":0.0,"damage_taken":0.0},{"damage_healed":0.0,"max_hp_gain":0.0,"max_hp_loss":0.0,"gold_gain":0.0,"event_name":"Colosseum","player_choice":"Fought Nobs","floor":27.0,"gold_loss":0.0,"damage_taken":0.0},{"damage_healed":0.0,"max_hp_gain":0.0,"max_hp_loss":0.0,"gold_gain":0.0,"event_name":"Tomb of Lord Red Mask","player_choice":"Ignored","floor":37.0,"gold_loss":0.0,"damage_taken":0.0},{"cards_removed":["KiyohimeMod:Defend"],"damage_healed":0.0,"max_hp_gain":0.0,"max_hp_loss":0.0,"gold_gain":0.0,"event_name":"Falling","player_choice":"Removed Skill","floor":45.0,"gold_loss":0.0,"damage_taken":0.0},{"damage_healed":0.0,"max_hp_gain":0.0,"max_hp_loss":0.0,"gold_gain":0.0,"event_name":"Match and Keep!","player_choice":"1 cards matched","floor":47.0,"gold_loss":0.0,"damage_taken":0.0,"cards_obtained":["KiyohimeMod:Preemptive"]},{"damage_healed":0.0,"max_hp_gain":0.0,"max_hp_loss":0.0,"gold_gain":0.0,"event_name":"Golden Idol","player_choice":"Take Damage","floor":56.0,"gold_loss":0.0,"damage_taken":2.0,"relics_obtained":["Golden Idol"]},{"damage_healed":0.0,"max_hp_gain":5.0,"max_hp_loss":0.0,"gold_gain":0.0,"event_name":"Big Fish","player_choice":"Donut","floor":63.0,"gold_loss":0.0,"damage_taken":0.0},{"cards_removed":["KiyohimeMod:Defend"],"damage_healed":0.0,"max_hp_gain":0.0,"max_hp_loss":0.0,"gold_gain":0.0,"event_name":"Back to Basics","player_choice":"Elegance","floor":71.0,"gold_loss":0.0,"damage_taken":0.0}],"is_beta":false,"boss_relics":[{"not_picked":["Pandora\u0027s Box","KiyohimeMod:Necromancy"],"picked":"SlaversCollar"},{"not_picked":["Velvet Choker","Philosopher\u0027s Stone"],"picked":"KiyohimeMod:TheBlackGrail"},{"not_picked":["Astrolabe","SacredBark"],"picked":"DemoMod:WaxWing"},{"not_picked":["Astrolabe","Pandora\u0027s Box"],"picked":"KiyohimeMod:Necromancy"},{"not_picked":["Calling Bell","Fusion Hammer"],"picked":"DemoMod:RiddleOfLead"},{"not_picked":["Snecko Eye","Sozu"],"picked":"SacredBark"}],"items_purged_floors":[2,13,31,62,99],"is_endless":true,"potions_floor_spawned":[4,6,18,20,23,27,30,35,39,44,50,54,58,59,67,72,75,77,80,88,90,96,97,101],"killed_by":"Jaw Worm","ascension_level":9}}