{"host":"andja9kgajlggmm4","time":1612221825,"event":{"mods":["BaseMod","Downfall","Hubris","Infinite Spire","MarisaÅiñ∂âJÅ@ñÇóùçπÅj","Minty Spire (QoL Compilation)","StSLib","The Cursed","The Servant 0.9.4"],"gold_per_floor":[119,119,119,130,130,130,162,162,188,188,188,199,199,1,1,97,97,111,111,111,111,121,121,139,139,139,158,176,206,206,12,12,113,113,124,124,49,49,64,64,76,91,91,91,91,104,154,165,165,261,261,261],"floor_reached":51,"language":"ENG","playtime":3245,"items_purged":["Flechettes"],"score":738,"play_id":"6f2d200c-577a-4feb-a032-49af13821143","local_time":"20210202002345","is_ascension_mode":false,"campfire_choices":[{"data":"Survivor","floor":6,"key":"SMITH"},{"data":"Prepared","floor":8,"key":"SMITH"},{"data":"Underhanded Strike","floor":11,"key":"SMITH"},{"data":"hubris:Counter","floor":13,"key":"SMITH"},{"data":"Quick Slash","floor":15,"key":"SMITH"},{"data":"Bullet Time","floor":23,"key":"SMITH"},{"data":"Prepared","floor":30,"key":"SMITH"},{"data":"Slice","floor":32,"key":"SMITH"},{"floor":40,"key":"REST"},{"floor":45,"key":"REST"},{"floor":49,"key":"REST"}],"circlet_count":0,"master_deck":["Defend_G","Defend_G","Defend_G","Defend_G","Defend_G","Survivor+1","Neutralize+1","Prepared+1","All Out Attack","Underhanded Strike+1","hubris:Counter+1","Quick Slash+1","Bullet Time+1","Deflect","Writhe","Bite","Bite","Bite","Bite","Bite","Eviscerate+1","Prepared+1","Calculated Gamble","Dagger Throw+1","Slice+1","A Thousand Cuts","Expertise+1","hubris:Insight","Slice+1","Backflip+1","hubris:Counter+1","Quick Slash+1","Prepared+1","PiercingWail+1","Night Terror","CurseOfTheBell"],"relics":["Ring of the Serpent","NeowsBlessing","infinitespire:Lucky Rock","hubris:TenFootPole","hubris:DeckOfHolding","Toolbox","Ice Cream","hubris:Icosahedron","Eternal Feather","infinitespire:Bottled Soul","Bronze Scales","Fusion Hammer","hubris:Zylophone","infinitespire:Joker Card","Calling Bell","Vajra","hubris:MysteriousPyramids","hubris:Teleporter"],"acts_visited":["Exordium","TheCity","TheBeyond","Exordium"],"potions_floor_usage":[16,22,33,42,42,50,50],"damage_taken":[{"damage":0,"enemies":"Small Slimes","floor":1,"turns":1},{"damage":0,"enemies":"Jaw Worm","floor":4,"turns":1},{"damage":0,"enemies":"Gremlin Nob","floor":7,"turns":1},{"damage":0,"enemies":"Cultist","floor":12,"turns":3},{"damage":35,"enemies":"Slime Boss","floor":16,"turns":10},{"damage":9,"enemies":"Shell Parasite","floor":18,"turns":7},{"damage":3,"enemies":"Spheric Guardian","floor":22,"turns":4},{"damage":10,"enemies":"Cultist and Chosen","floor":24,"turns":4},{"damage":6,"enemies":"3 Cultists","floor":27,"turns":3},{"damage":5,"enemies":"Snake Plant","floor":28,"turns":4},{"damage":0,"enemies":"Nightmare","floor":29,"turns":1},{"damage":60,"enemies":"hubris:MusketHawk","floor":33,"turns":8},{"damage":6,"enemies":"Orb Walker","floor":35,"turns":3},{"damage":19,"enemies":"3 Shapes","floor":39,"turns":4},{"damage":1,"enemies":"Maw","floor":41,"turns":6},{"damage":0,"enemies":"Jaw Worm Horde","floor":42,"turns":3},{"damage":20,"enemies":"Spire Growth","floor":46,"turns":4},{"damage":2,"enemies":"Mind Bloom Boss Battle","floor":47,"turns":5},{"damage":17,"enemies":"4 Shapes","floor":48,"turns":2},{"damage":60,"enemies":"Awakened One","floor":50,"turns":11}],"seed_played":"-5349651563328987948","potions_obtained":[{"floor":12,"key":"SkillPotion"},{"floor":18,"key":"AttackPotion"},{"floor":27,"key":"GamblersBrew"},{"floor":28,"key":"Regen Potion"},{"floor":35,"key":"Block Potion"},{"floor":39,"key":"SpeedPotion"},{"floor":42,"key":"SneckoOil"},{"floor":47,"key":"SneckoOil"}],"is_trial":false,"path_per_floor":["M","?","?","M","?","R","E","R","T","T","R","M","R","$","R","B",null,"M","?","?","?","M","R","M","?","T","M","M","NM","R","$","R","B",null,"M","?","$","?","M","R","M","M","T","AVR","R","M","?","M","R","B",null],"character_chosen":"THE_SILENT","items_purchased":["Quick Slash","Toolbox","Bronze Scales","Slice"],"campfire_rested":3,"item_purchase_floors":[14,14,31,31],"current_hp_per_floor":[70,52,45,45,45,45,45,45,45,45,45,45,45,45,45,10,70,61,61,61,49,48,48,45,45,45,46,48,48,49,49,49,17,49,49,49,49,49,32,49,49,49,49,49,49,35,43,28,49,3,49,49],"gold":261,"neow_bonus":"THREE_ENEMY_KILL","is_daily":false,"chose_seed":false,"campfire_upgraded":8,"win_rate":0.0,"timestamp":1612221825,"path_taken":["M","?","?","?","?","R","E","R","T","?","R","M","R","$","R","BOSS","M","?","?","?","M","R","M","?","T","?","M","NM","R","$","R","BOSS","M","?","?","?","M","R","?","M","T","AVR","R","M","?","M","R","BOSS"],"items_purchased_type":["Card","Relic","Relic","Card"],"build_version":"2020-12-22","purchased_purges":1,"victory":false,"max_hp_per_floor":[70,70,70,70,70,70,70,70,70,70,70,70,70,70,70,70,70,70,70,70,49,49,49,49,49,49,49,49,49,49,49,49,49,49,49,49,49,49,49,49,49,49,49,49,49,49,49,49,49,49,49,49],"card_choices":[{"not_picked":["Poisoned Stab","Dodge and Roll"],"picked":"Prepared","floor":1},{"not_picked":["infinitespire:FutureSight","infinitespire:Fortify"],"picked":"infinitespire:SealOfDarkness+","floor":2},{"not_picked":["Sucker Punch","Blur"],"picked":"All Out Attack","floor":4},{"not_picked":["Malaise","Deadly Poison"],"picked":"Underhanded Strike","floor":7},{"not_picked":["Heel Hook","hubris:SlightOfHand"],"picked":"hubris:Counter","floor":12},{"not_picked":["Unload","Burst"],"picked":"Bullet Time","floor":16},{"not_picked":["Leg Sweep","Backflip"],"picked":"Deflect","floor":18},{"not_picked":["All Out Attack","Dodge and Roll"],"picked":"Eviscerate+1","floor":22},{"not_picked":["Backflip","All Out Attack"],"picked":"Prepared","floor":24},{"not_picked":["Poisoned Stab","Dodge and Roll"],"picked":"Flechettes","floor":27},{"not_picked":["Blade Dance","PiercingWail"],"picked":"Calculated Gamble","floor":28},{"not_picked":["Dagger Spray","Endless Agony"],"picked":"Dagger Throw+1","floor":29},{"not_picked":["Bullet Time","After Image"],"picked":"A Thousand Cuts","floor":33},{"not_picked":["Calculated Gamble","Leg Sweep+1"],"picked":"Expertise+1","floor":35},{"not_picked":["Impatience","Swift Strike"],"picked":"hubris:Insight","floor":36},{"not_picked":["hubris:SlightOfHand+1","Dagger Throw+1"],"picked":"Slice+1","floor":39},{"not_picked":["Poisoned Stab","Heel Hook+1"],"picked":"Backflip+1","floor":41},{"not_picked":["Terror","Deflect+1"],"picked":"hubris:Counter+1","floor":42},{"not_picked":["Tactician","Backflip"],"picked":"Quick Slash+1","floor":46},{"not_picked":["Backflip","Predator"],"picked":"Prepared+1","floor":47},{"not_picked":["Sucker Punch","Flying Knee"],"picked":"PiercingWail+1","floor":48},{"not_picked":["Burst","Glass Knife"],"picked":"Night Terror","floor":50}],"player_experience":3450,"relics_obtained":[{"floor":7,"key":"infinitespire:Lucky Rock"},{"floor":9,"key":"hubris:TenFootPole"},{"floor":10,"key":"hubris:DeckOfHolding"},{"floor":26,"key":"Eternal Feather"},{"floor":29,"key":"infinitespire:Bottled Soul"},{"floor":43,"key":"hubris:Zylophone"},{"floor":47,"key":"infinitespire:Joker Card"},{"floor":51,"key":"Vajra"},{"floor":51,"key":"hubris:MysteriousPyramids"},{"floor":51,"key":"hubris:Teleporter"}],"event_choices":[{"damage_healed":0,"gold_gain":0,"player_choice":"Damaged","damage_taken":7,"max_hp_gain":0,"max_hp_loss":0,"event_name":"Wheel of Change","floor":3,"gold_loss":0},{"damage_healed":0,"gold_gain":0,"player_choice":"Opened","damage_taken":0,"relics_obtained":["Ice Cream"],"max_hp_gain":0,"max_hp_loss":0,"event_name":"The Mausoleum","floor":19,"gold_loss":0,"cards_obtained":["Writhe"]},{"damage_healed":0,"gold_gain":0,"player_choice":"Became a vampire","damage_taken":0,"max_hp_gain":0,"max_hp_loss":21,"event_name":"Vampires","floor":21,"gold_loss":0,"cards_obtained":["Bite","Bite","Bite","Bite","Bite"]},{"damage_healed":0,"gold_gain":0,"player_choice":"Ignored","damage_taken":0,"max_hp_gain":0,"max_hp_loss":0,"event_name":"Ghosts","floor":25,"gold_loss":0},{"damage_healed":0,"gold_gain":0,"player_choice":"Memory 1","damage_taken":0,"max_hp_gain":0,"max_hp_loss":0,"event_name":"SensoryStone","floor":36,"gold_loss":0},{"damage_healed":0,"gold_gain":0,"player_choice":"Ignored","damage_taken":0,"max_hp_gain":0,"max_hp_loss":0,"event_name":"SecretPortal","floor":38,"gold_loss":0},{"damage_healed":0,"gold_gain":0,"player_choice":"Fight","damage_taken":0,"max_hp_gain":0,"max_hp_loss":0,"event_name":"MindBloom","floor":47,"gold_loss":0}],"is_beta":false,"boss_relics":[{"not_picked":["hubris:HollowSoul","HoveringKite"],"picked":"Ring of the Serpent"},{"not_picked":["Runic Dome","Black Star"],"picked":"Fusion Hammer"},{"not_picked":["Empty Cage","Busted Crown"],"picked":"Calling Bell"}],"items_purged_floors":[37],"is_endless":true,"potions_floor_spawned":[12,18,27,28,35,39,42,47],"ascension_level":0}}