{"host":"wuernuywc9gl215o","time":1612193310,"event":{"mods":["AchievementEnabler","BaseMod","Block Reminder","Key Reminder","Minty Spire (QoL Compilation)","Permanent Neow","Potion Indicator Mod","Quick Restart","Relic Stats"],"gold_per_floor":[113,127,146,159,172,172,172],"floor_reached":6,"language":"ENG","playtime":456,"items_purged":[],"score":60,"play_id":"42404b46-76f9-411f-b15e-129bb8616dc8","local_time":"20210201152830","is_ascension_mode":true,"campfire_choices":[],"circlet_count":0,"master_deck":["AscendersBane","Strike_G","Strike_G","Strike_G","Defend_G","Defend_G","Defend_G","Defend_G","Defend_G","Survivor","Neutralize","Shame","Adrenaline","Deflect","Cloak And Dagger","Underhanded Strike","Bouncing Flask","Blade Dance","Dagger Throw"],"relics":["Ring of the Snake"],"acts_visited":["Exordium"],"potions_floor_usage":[],"damage_taken":[{"damage":2.0,"enemies":"Cultist","floor":1.0,"turns":6.0},{"damage":6.0,"enemies":"Jaw Worm","floor":2.0,"turns":7.0},{"damage":0.0,"enemies":"2 Louse","floor":3.0,"turns":4.0},{"damage":0.0,"enemies":"2 Fungi Beasts","floor":4.0,"turns":4.0},{"damage":12.0,"enemies":"Exordium Wildlife","floor":5.0,"turns":7.0},{"damage":52,"enemies":"Gremlin Nob","floor":6,"turns":4}],"seed_played":"4495683143939827825","potions_obtained":[{"floor":1.0,"key":"Block Potion"}],"is_trial":false,"path_per_floor":["M","M","M","M","M","E"],"character_chosen":"THE_SILENT","items_purchased":[],"campfire_rested":0,"item_purchase_floors":[],"current_hp_per_floor":[61,55,55,55,43,0,0],"gold":172,"neow_bonus":"TRANSFORM_TWO_CARDS","is_daily":false,"chose_seed":false,"campfire_upgraded":0,"win_rate":0.0,"timestamp":1612193310,"path_taken":["M","M","?","?","M","E"],"items_purchased_type":[],"build_version":"2020-12-22","purchased_purges":0,"victory":false,"max_hp_per_floor":[70,70,70,70,70,70,70],"relic_stats":{"counters":[6,32],"obtain_stats":[{"Ring of the Snake":0},{"Ring of the Snake":0},{"Ring of the Snake":0}],"Ring of the Snake":[12]},"card_choices":[{"not_picked":["Reflex","Skewer"],"picked":"Cloak And Dagger","floor":1.0},{"not_picked":["Backflip","Prepared"],"picked":"Underhanded Strike","floor":2.0},{"not_picked":["PiercingWail","Underhanded Strike"],"picked":"Bouncing Flask","floor":3.0},{"not_picked":["Acrobatics","Deadly Poison"],"picked":"Blade Dance","floor":4.0},{"not_picked":["Cloak And Dagger","Backflip"],"picked":"Dagger Throw","floor":5.0}],"player_experience":750836,"relics_obtained":[],"event_choices":[],"is_beta":false,"boss_relics":[],"items_purged_floors":[],"is_endless":false,"potions_floor_spawned":[1],"killed_by":"Gremlin Nob","ascension_level":10}}