{"host":"lly094a91h6n5nv5","time":1612155470,"event":{"mods":["AchievementEnabler","BaseMod","Block Reminder","Colored Map","Minty Spire (QoL Compilation)"],"gold_per_floor":[117,117,133,152,172,172,190,217,217,21,21,32,32,32,32,136,136,152,171,61,77,93,93,103,103,103,103,133,149,149,178,178,275,275,286,1285,1302,1302,901,901,776,810,837,837,869,869,901,917,917,917,917,917,198,233,233],"floor_reached":56,"language":"ENG","playtime":6580,"items_purged":["Zap","Normality","Normality","Rip and Tear"],"score":1585,"play_id":"c279a288-08bc-4e2d-8ae3-a85fd82f4fec","local_time":"20210131225750","is_ascension_mode":true,"campfire_choices":[{"data":"Dualcast","floor":6.0,"key":"SMITH"},{"data":"Genetic Algorithm","floor":13.0,"key":"SMITH"},{"floor":15.0,"key":"REST"},{"data":"Defragment","floor":23.0,"key":"SMITH"},{"data":"Loop","floor":25.0,"key":"SMITH"},{"data":"Darkness","floor":27.0,"key":"SMITH"},{"data":"Redo","floor":32.0,"key":"SMITH"},{"data":"Redo","floor":40.0,"key":"SMITH"},{"floor":44.0,"key":"RECALL"},{"data":"Darkness","floor":49.0,"key":"SMITH"},{"data":"Buffer","floor":52.0,"key":"SMITH"}],"circlet_count":0,"master_deck":["Dualcast+1","BootSequence","All For One","Sweeping Beam","Redo+1","Redo+1","Coolheaded","Darkness+1","Stack","Hologram","Doom and Gloom","Genetic Algorithm+1","Self Repair","Reinforced Body","Buffer+1","Glacier","Defragment+1","Coolheaded+1","Genetic Algorithm","Loop+1","Loop+1","Core Surge","Darkness+1"],"relics":["Pandora\u0027s Box","Art of War","Velvet Choker","Singing Bowl","Dead Branch","Eternal Feather","Busted Crown","Oddly Smooth Stone","Potion Belt","Strawberry","Akabeko","Sundial","Bronze Scales","Cauldron","Blood Vial","Pear","Bag of Marbles"],"acts_visited":["Exordium","TheCity","TheBeyond","TheEnding"],"potions_floor_usage":[55,55,55,55,55],"damage_taken":[{"damage":0.0,"enemies":"2 Louse","floor":1.0,"turns":2.0},{"damage":2.0,"enemies":"Jaw Worm","floor":3.0,"turns":2.0},{"damage":3.0,"enemies":"Small Slimes","floor":4.0,"turns":4.0},{"damage":10.0,"enemies":"3 Louse","floor":5.0,"turns":2.0},{"damage":0.0,"enemies":"Exordium Wildlife","floor":7.0,"turns":3.0},{"damage":17.0,"enemies":"3 Sentries","floor":8.0,"turns":5.0},{"damage":11.0,"enemies":"Lots of Slimes","floor":12.0,"turns":3.0},{"damage":17.0,"enemies":"Hexaghost","floor":16.0,"turns":9.0},{"damage":2.0,"enemies":"Shell Parasite","floor":18.0,"turns":3.0},{"damage":8.0,"enemies":"3 Byrds","floor":19.0,"turns":5.0},{"damage":10.0,"enemies":"Snake Plant","floor":21.0,"turns":5.0},{"damage":2.0,"enemies":"3 Cultists","floor":22.0,"turns":6.0},{"damage":0.0,"enemies":"Centurion and Healer","floor":24.0,"turns":9.0},{"damage":0.0,"enemies":"Book of Stabbing","floor":28.0,"turns":7.0},{"damage":9.0,"enemies":"Snake Plant","floor":29.0,"turns":4.0},{"damage":0.0,"enemies":"Gremlin Leader","floor":31.0,"turns":7.0},{"damage":26.0,"enemies":"Collector","floor":33.0,"turns":12.0},{"damage":0.0,"enemies":"Orb Walker","floor":35.0,"turns":4.0},{"damage":8.0,"enemies":"3 Shapes","floor":37.0,"turns":6.0},{"damage":0.0,"enemies":"Nemesis","floor":42.0,"turns":5.0},{"damage":22.0,"enemies":"Reptomancer","floor":45.0,"turns":7.0},{"damage":19.0,"enemies":"Nemesis","floor":47.0,"turns":7.0},{"damage":0.0,"enemies":"Transient","floor":48.0,"turns":5.0},{"damage":19.0,"enemies":"Donu and Deca","floor":50.0,"turns":8.0},{"damage":9,"enemies":"Shield and Spear","floor":54,"turns":5},{"damage":1,"enemies":"The Heart","floor":55,"turns":8}],"seed_played":"-8534855584205712048","potions_obtained":[{"floor":5.0,"key":"LiquidMemories"},{"floor":7.0,"key":"LiquidMemories"},{"floor":8.0,"key":"LiquidBronze"},{"floor":18.0,"key":"DuplicationPotion"},{"floor":21.0,"key":"SneckoOil"},{"floor":29.0,"key":"Strength Potion"},{"floor":31.0,"key":"FocusPotion"},{"floor":45.0,"key":"ColorlessPotion"},{"floor":47.0,"key":"LiquidMemories"},{"floor":53.0,"key":"Weak Potion"},{"floor":53.0,"key":"Regen Potion"},{"floor":53.0,"key":"DistilledChaos"}],"is_trial":false,"path_per_floor":["M","?","M","M","M","R","M","E","T","$","?","M","R","$","R","B",null,"M","M","$","M","M","R","M","R","T","R","E","M","?","E","R","B",null,"M","?","M","?","$","R","$","E","T","R","E","?","E","M","R","B",null,"R","$","E","B",null],"character_chosen":"DEFECT","items_purchased":["Doom and Gloom","Genetic Algorithm","Self Repair","Defragment","Oddly Smooth Stone","Potion Belt","Cauldron","Blood Vial","Pear"],"campfire_rested":1,"item_purchase_floors":[10,10,10,20,39,39,53,53,53],"current_hp_per_floor":[75,68,66,63,53,53,53,36,36,36,36,32,32,32,54,44,75,75,74,74,71,75,75,75,75,75,75,77,77,77,79,79,60,79,81,81,82,82,82,83,83,92,92,92,79,79,67,76,88,76,96,96,106,106,107],"gold":233,"neow_bonus":"BOSS_RELIC","is_daily":false,"chose_seed":false,"campfire_upgraded":9,"win_rate":0.0,"timestamp":1612155470,"path_taken":["M","?","M","M","M","R","M","E","T","$","?","M","R","?","R","BOSS","M","M","$","M","M","R","M","R","T","R","E","M","?","E","R","BOSS","M","?","M","?","?","R","$","E","T","R","E","?","E","?","R","BOSS","R","$","E","BOSS"],"items_purchased_type":["Card","Card","Card","Card","Relic","Relic","Relic","Relic","Relic"],"build_version":"2020-12-22","purchased_purges":4,"victory":true,"max_hp_per_floor":[75,75,75,75,75,75,75,75,75,75,75,75,75,75,75,75,75,75,75,75,75,75,75,75,75,75,75,77,79,79,79,79,79,79,81,81,83,83,83,83,83,92,92,92,94,94,94,96,96,96,96,96,106,108,108],"card_choices":[{"not_picked":["Turbo","Rebound"],"picked":"Cold Snap","floor":1.0},{"not_picked":["Rebound","Chaos"],"picked":"Coolheaded","floor":3.0},{"not_picked":["Streamline","Coolheaded"],"picked":"Darkness","floor":4.0},{"not_picked":["Beam Cell","Ball Lightning","Force Field"],"picked":"SKIP","floor":5.0},{"not_picked":["Compile Driver","Ball Lightning"],"picked":"Stack","floor":7.0},{"not_picked":["Scrape","Gash"],"picked":"Hologram","floor":8.0},{"not_picked":["Consume","Barrage"],"picked":"Reinforced Body","floor":12.0},{"not_picked":["Meteor Strike","Biased Cognition"],"picked":"Buffer","floor":16.0},{"not_picked":["Chaos","Conserve Battery"],"picked":"Glacier","floor":18.0},{"not_picked":["Turbo","Skim","Ball Lightning+1"],"picked":"SKIP","floor":19.0},{"not_picked":["Rebound","Streamline"],"picked":"Coolheaded+1","floor":21.0},{"not_picked":["Hello World","Rebound+1"],"picked":"Genetic Algorithm","floor":22.0},{"not_picked":["Go for the Eyes","Rebound+1"],"picked":"Loop","floor":24.0},{"not_picked":["Thunder Strike","Glacier","Beam Cell+1"],"picked":"Singing Bowl","floor":28.0},{"not_picked":["Leap","Beam Cell","Rebound+1"],"picked":"Singing Bowl","floor":29.0},{"not_picked":["Beam Cell","BootSequence"],"picked":"Loop+1","floor":31.0},{"not_picked":["Rainbow","Machine Learning"],"picked":"Core Surge","floor":33.0},{"not_picked":["Sweeping Beam+1"],"picked":"Singing Bowl","floor":35.0},{"not_picked":["Cold Snap+1"],"picked":"Singing Bowl","floor":37.0},{"not_picked":["Aggregate"],"picked":"Singing Bowl","floor":42.0},{"not_picked":["Reprogram+1"],"picked":"Singing Bowl","floor":45.0},{"not_picked":[],"picked":"Darkness","floor":47.0},{"not_picked":["Beam Cell+1"],"picked":"Singing Bowl","floor":48.0},{"not_picked":["Beam Cell+1"],"picked":"Singing Bowl","floor":54}],"player_experience":105709,"relics_obtained":[{"floor":8.0,"key":"Art of War"},{"floor":26.0,"key":"Singing Bowl"},{"floor":28.0,"key":"Dead Branch"},{"floor":31.0,"key":"Eternal Feather"},{"floor":42.0,"key":"Strawberry"},{"floor":43.0,"key":"Akabeko"},{"floor":45.0,"key":"Sundial"},{"floor":47.0,"key":"Bronze Scales"},{"floor":54,"key":"Bag of Marbles"}],"event_choices":[{"cards_removed":["Barrage"],"damage_healed":0.0,"max_hp_gain":0.0,"max_hp_loss":0.0,"gold_gain":0.0,"event_name":"Golden Wing","player_choice":"Card Removal","floor":2.0,"gold_loss":0.0,"damage_taken":7.0},{"damage_healed":0.0,"max_hp_gain":0.0,"max_hp_loss":0.0,"gold_gain":0.0,"event_name":"Dead Adventurer","player_choice":"Searched \u00270\u0027 times","floor":11.0,"gold_loss":0.0,"damage_taken":0.0},{"cards_removed":["Cold Snap"],"damage_healed":0.0,"max_hp_gain":0.0,"max_hp_loss":0.0,"gold_gain":0.0,"event_name":"Back to Basics","player_choice":"Elegance","floor":30.0,"gold_loss":0.0,"damage_taken":0.0},{"damage_healed":0.0,"max_hp_gain":0.0,"max_hp_loss":0.0,"gold_gain":999.0,"event_name":"MindBloom","player_choice":"Gold","floor":36.0,"gold_loss":0.0,"damage_taken":0.0,"cards_obtained":["Normality","Normality"]},{"damage_healed":0.0,"max_hp_gain":0.0,"max_hp_loss":0.0,"gold_gain":0.0,"event_name":"Mysterious Sphere","player_choice":"Ignored","floor":38.0,"gold_loss":0.0,"damage_taken":0.0},{"cards_removed":["Lockon"],"damage_healed":0.0,"max_hp_gain":0.0,"max_hp_loss":0.0,"gold_gain":0.0,"event_name":"Falling","player_choice":"Removed Attack","floor":46.0,"gold_loss":0.0,"damage_taken":0.0}],"is_beta":false,"boss_relics":[{"not_picked":["Empty Cage","Black Star"],"picked":"Velvet Choker"},{"not_picked":["Astrolabe","Snecko Eye"],"picked":"Busted Crown"}],"items_purged_floors":[20,39,41,53],"is_endless":false,"potions_floor_spawned":[5,7,8,18,21,29,31,45,47],"ascension_level":4}}