{"host":"5jyeqch4fosnsiz2","time":1612189277,"event":{"mods":["BaseMod","Bestiary","Colored Map","Colored Powertips","Filter the Spire","Minty Spire (QoL Compilation)","Relic Stats","StSLib","Waifu the Spire","ojb\u0027s Better Paths Mod","ojb\u0027s Info Mod"],"gold_per_floor":[122,2,11,33,53,53,95,45,45,71,71,92,24,24,24,129,129,154,178,178,192,192,211,242,317,317,317,357,31,55,84,84,193,193,215,18,86,14,26,26,0,34,61,96,96,165,190,219,219,219,219,219,16,51,51,51],"floor_reached":55,"language":"ENG","playtime":6846,"items_purged":["Strike_G","Defend_G"],"score":903,"play_id":"6062a2ec-3796-4bcf-8bcc-83c70684735e","local_time":"20210201092117","is_ascension_mode":false,"campfire_choices":[{"data":"Prepared","floor":6,"key":"SMITH"},{"floor":15,"key":"REST"},{"data":"Phantasmal Killer","floor":27,"key":"SMITH"},{"floor":32,"key":"REST"},{"data":"Footwork","floor":40,"key":"SMITH"},{"data":"Leg Sweep","floor":45,"key":"SMITH"},{"floor":49,"key":"RECALL"},{"data":"Blade Dance","floor":52,"key":"SMITH"}],"circlet_count":0,"master_deck":["Strike_G+1","Defend_G","Defend_G+1","Defend_G+1","Survivor","Neutralize","Prepared+1","Leg Sweep+1","Glass Knife","Well Laid Plans+1","Underhanded Strike","Blade Dance+1","Acrobatics","Dash","PiercingWail","Phantasmal Killer+1","Acrobatics+1","Dagger Spray","Footwork+1","Heel Hook+1","Quick Slash+1","Flechettes+1","Grand Finale+1","Masterful Stab+1","Finesse","Dark Shackles","Escape Plan","Terror+1","Master of Strategy","Footwork+1"],"relics":["Ring of the Snake","CeramicFish","Incense Burner","Question Card","Ninja Scroll","SlaversCollar","War Paint","SsserpentHead","Omamori","Sundial","Molten Egg 2","Vajra","Coffee Dripper","Membership Card","Bronze Scales","Red Mask","Lantern","Bag of Marbles","Anchor","Toy Ornithopter","HornCleat"],"acts_visited":["Exordium","TheCity","TheBeyond","TheEnding"],"potions_floor_usage":[7,16,16,16,23,28,33,44,48,50,50,55,55],"damage_taken":[{"damage":0,"enemies":"Small Slimes","floor":1,"turns":4},{"damage":1,"enemies":"Cultist","floor":4,"turns":4},{"damage":0,"enemies":"Jaw Worm","floor":5,"turns":4},{"damage":24,"enemies":"3 Sentries","floor":7,"turns":13},{"damage":19,"enemies":"Gremlin Nob","floor":10,"turns":5},{"damage":0,"enemies":"Blue Slaver","floor":12,"turns":1},{"damage":14,"enemies":"The Guardian","floor":16,"turns":17},{"damage":1,"enemies":"Shell Parasite","floor":18,"turns":2},{"damage":17,"enemies":"Spheric Guardian","floor":21,"turns":6},{"damage":4,"enemies":"Snake Plant","floor":23,"turns":4},{"damage":13,"enemies":"Slavers","floor":24,"turns":6},{"damage":14,"enemies":"Cultist and Chosen","floor":25,"turns":6},{"damage":0,"enemies":"Book of Stabbing","floor":28,"turns":5},{"damage":3,"enemies":"Centurion and Healer","floor":30,"turns":5},{"damage":0,"enemies":"Snecko","floor":31,"turns":5},{"damage":14,"enemies":"Champ","floor":33,"turns":7},{"damage":2,"enemies":"3 Shapes","floor":35,"turns":4},{"damage":0,"enemies":"3 Darklings","floor":39,"turns":3},{"damage":0,"enemies":"Reptomancer","floor":42,"turns":3},{"damage":2,"enemies":"Nemesis","floor":44,"turns":5},{"damage":0,"enemies":"Spire Growth","floor":46,"turns":2},{"damage":0,"enemies":"Sphere and 2 Shapes","floor":47,"turns":2},{"damage":0,"enemies":"Reptomancer","floor":48,"turns":3},{"damage":0,"enemies":"Donu and Deca","floor":50,"turns":8},{"damage":5,"enemies":"Shield and Spear","floor":54,"turns":5},{"damage":75,"enemies":"The Heart","floor":55,"turns":8}],"seed_played":"1516485283018629007","potions_obtained":[{"floor":4,"key":"Energy Potion"},{"floor":10,"key":"SpeedPotion"},{"floor":12,"key":"Swift Potion"},{"floor":21,"key":"AttackPotion"},{"floor":24,"key":"Explosive Potion"},{"floor":25,"key":"Energy Potion"},{"floor":42,"key":"EssenceOfSteel"},{"floor":44,"key":"EssenceOfSteel"},{"floor":46,"key":"SteroidPotion"},{"floor":48,"key":"ColorlessPotion"}],"is_trial":false,"path_per_floor":["M","$","?","M","M","R","E","?","T","E","?","M","$","?","R","B",null,"M","T","?","M","?","M","E","M","T","R","E","$","M","M","R","B",null,"M","$","?","$","M","R","?","E","T","E","R","M","M","E","R","B",null,"R","$","E","B"],"character_chosen":"THE_SILENT","items_purchased":["Leg Sweep","ColorlessPotion","Dash","PiercingWail","Vajra","GhostInAJar","Membership Card","Bronze Scales","Toy Ornithopter","Ancient Potion","Master of Strategy"],"campfire_rested":2,"item_purchase_floors":[2,2,13,13,29,29,36,38,53,53,53],"current_hp_per_floor":[70,70,70,69,69,69,45,45,45,26,12,12,12,12,33,19,70,69,69,69,52,52,48,35,21,21,21,21,21,18,18,39,25,70,68,68,63,63,63,63,63,63,63,61,61,61,61,61,61,61,70,70,70,65,0,0],"gold":51,"neow_bonus":"RANDOM_COMMON_RELIC","is_daily":false,"chose_seed":false,"campfire_upgraded":5,"win_rate":0.0,"timestamp":1612189277,"path_taken":["M","$","?","M","?","R","E","?","T","E","?","M","?","?","R","BOSS","M","?","?","M","?","M","E","?","T","R","E","$","M","M","R","BOSS","M","$","?","$","M","R","?","E","T","E","R","?","M","E","R","BOSS","R","$","E","BOSS"],"items_purchased_type":["Card","Potion","Card","Card","Relic","Potion","Relic","Relic","Relic","Potion","Card"],"build_version":"2020-12-22","purchased_purges":2,"victory":false,"max_hp_per_floor":[70,70,70,70,70,70,70,70,70,70,70,70,70,70,70,70,70,70,70,70,70,70,70,70,70,70,70,70,70,70,70,70,70,70,70,70,70,70,70,70,70,70,70,70,70,70,70,70,70,70,70,70,70,70,70,70],"relic_stats":{"SsserpentHead":200,"counters":[26,137],"Sundial":[10],"CeramicFish":216,"Bronze Scales":[163],"War Paint":["Defend_G","Defend_G"],"Question Card":22,"obtain_stats":[{"Lantern":42,"CeramicFish":0,"Vajra":29,"Incense Burner":7,"Omamori":24,"War Paint":19,"Question Card":9,"SlaversCollar":17,"SsserpentHead":22,"Anchor":48,"HornCleat":54,"Ninja Scroll":10,"Sundial":26,"Bronze Scales":38,"Molten Egg 2":28,"Coffee Dripper":34,"Red Mask":41,"Bag of Marbles":44,"Membership Card":36,"Toy Ornithopter":53,"Ring of the Snake":0},{"Lantern":19,"CeramicFish":0,"Vajra":13,"Incense Burner":4,"Omamori":11,"War Paint":8,"Question Card":4,"SlaversCollar":7,"SsserpentHead":9,"Anchor":23,"HornCleat":25,"Ninja Scroll":5,"Sundial":12,"Bronze Scales":17,"Molten Egg 2":13,"Coffee Dripper":16,"Red Mask":18,"Bag of Marbles":20,"Membership Card":17,"Toy Ornithopter":24,"Ring of the Snake":0},{"Lantern":104,"CeramicFish":0,"Vajra":77,"Incense Burner":25,"Omamori":66,"War Paint":50,"Question Card":25,"SlaversCollar":48,"SsserpentHead":56,"Anchor":116,"HornCleat":129,"Ninja Scroll":30,"Sundial":72,"Bronze Scales":98,"Molten Egg 2":77,"Coffee Dripper":94,"Red Mask":101,"Bag of Marbles":109,"Membership Card":98,"Toy Ornithopter":124,"Ring of the Snake":0}],"Toy Ornithopter":5,"Ring of the Snake":[52]},"card_choices":[{"not_picked":["PiercingWail","Distraction"],"picked":"Prepared","floor":1},{"not_picked":["PiercingWail","Heel Hook"],"picked":"Well Laid Plans","floor":4},{"not_picked":["Backflip","Bane"],"picked":"Underhanded Strike","floor":5},{"not_picked":["Calculated Gamble","Dagger Spray"],"picked":"Blade Dance","floor":7},{"not_picked":["Choke","Distraction","Infinite Blades","Deflect"],"picked":"SKIP","floor":10},{"not_picked":["Tactician","Envenom","Underhanded Strike"],"picked":"Acrobatics","floor":12},{"not_picked":["Bullet Time","Doppelganger","Corpse Explosion"],"picked":"Phantasmal Killer","floor":16},{"not_picked":["Underhanded Strike","Cloak And Dagger","Crippling Poison+1"],"picked":"Acrobatics+1","floor":18},{"not_picked":["Acrobatics","Poisoned Stab","Underhanded Strike","Blade Dance"],"picked":"SKIP","floor":21},{"not_picked":["Outmaneuver","Deadly Poison+1","Prepared"],"picked":"Dagger Spray","floor":23},{"not_picked":["Deadly Poison","Masterful Stab","Endless Agony","Calculated Gamble"],"picked":"SKIP","floor":24},{"not_picked":["Finisher","Heel Hook","Prepared+1"],"picked":"Footwork","floor":25},{"not_picked":["Dagger Spray+1","Deadly Poison","Phantasmal Killer"],"picked":"Heel Hook+1","floor":28},{"not_picked":["Sucker Punch+1","Dagger Spray+1","Backflip"],"picked":"Quick Slash+1","floor":30},{"not_picked":["Dodge and Roll","Underhanded Strike+1","Catalyst"],"picked":"Flechettes+1","floor":31},{"not_picked":["Corpse Explosion","Bullet Time","Glass Knife+1"],"picked":"Grand Finale+1","floor":33},{"not_picked":["Cloak And Dagger","Accuracy+1","Setup"],"picked":"Masterful Stab+1","floor":35},{"not_picked":["Dramatic Entrance+1","PanicButton","Jack Of All Trades"],"picked":"Finesse","floor":37},{"not_picked":["Purity","Panacea","The Bomb"],"picked":"Dark Shackles","floor":37},{"not_picked":["Dagger Throw+1","Masterful Stab+1","Sucker Punch+1","Bane+1"],"picked":"SKIP","floor":39},{"not_picked":["Backflip","Footwork","Blade Dance+1","Burst"],"picked":"SKIP","floor":42},{"not_picked":["Dodge and Roll+1","Grand Finale+1","Storm of Steel"],"picked":"Escape Plan","floor":44},{"not_picked":["Well Laid Plans","Escape Plan+1","Heel Hook+1","Dagger Throw+1"],"picked":"SKIP","floor":46},{"not_picked":["Cloak And Dagger+1","Deadly Poison+1","Flechettes+1"],"picked":"Terror+1","floor":47},{"not_picked":["Acrobatics","Quick Slash+1","Bane+1","Dagger Throw+1"],"picked":"SKIP","floor":48},{"not_picked":["Well Laid Plans+1","Heel Hook+1","Blade Dance+1"],"picked":"Footwork+1","floor":54}],"player_experience":357478,"relics_obtained":[{"floor":7,"key":"Incense Burner"},{"floor":9,"key":"Question Card"},{"floor":10,"key":"Ninja Scroll"},{"floor":19,"key":"War Paint"},{"floor":24,"key":"Omamori"},{"floor":26,"key":"Sundial"},{"floor":28,"key":"Molten Egg 2"},{"floor":42,"key":"Lantern"},{"floor":44,"key":"Bag of Marbles"},{"floor":48,"key":"Anchor"},{"floor":54,"key":"HornCleat"}],"event_choices":[{"damage_healed":0,"gold_gain":0,"cards_transformed":["Strike_G"],"player_choice":"Transformed","damage_taken":0,"max_hp_gain":0,"max_hp_loss":0,"event_name":"Transmorgrifier","floor":3,"gold_loss":0,"cards_obtained":["Glass Knife"]},{"cards_removed":["Strike_G"],"damage_healed":0,"gold_gain":0,"player_choice":"Card Removal","damage_taken":0,"max_hp_gain":0,"max_hp_loss":0,"event_name":"The Cleric","floor":8,"gold_loss":50},{"damage_healed":0,"gold_gain":0,"player_choice":"Entered Light","damage_taken":14,"max_hp_gain":0,"max_hp_loss":0,"event_name":"Shining Light","floor":11,"gold_loss":0,"cards_upgraded":["Strike_G","Well Laid Plans"]},{"cards_removed":["Defend_G"],"damage_healed":0,"gold_gain":0,"player_choice":"Purged","damage_taken":0,"max_hp_gain":0,"max_hp_loss":0,"event_name":"Purifier","floor":14,"gold_loss":0},{"cards_removed":["Strike_G"],"damage_healed":0,"gold_gain":0,"player_choice":"Elegance","damage_taken":0,"max_hp_gain":0,"max_hp_loss":0,"event_name":"Back to Basics","floor":20,"gold_loss":0},{"damage_healed":0,"gold_gain":0,"player_choice":"Trade","damage_taken":0,"relics_obtained":["SsserpentHead"],"max_hp_gain":0,"max_hp_loss":0,"event_name":"FaceTrader","floor":22,"gold_loss":0},{"damage_healed":0,"gold_gain":0,"player_choice":"Memory 2","damage_taken":5,"max_hp_gain":0,"max_hp_loss":0,"event_name":"SensoryStone","floor":37,"gold_loss":0},{"damage_healed":0,"gold_gain":0,"player_choice":"Paid","damage_taken":0,"relics_obtained":["Red Mask"],"max_hp_gain":0,"max_hp_loss":0,"event_name":"Tomb of Lord Red Mask","floor":41,"gold_loss":76}],"is_beta":false,"boss_relics":[{"not_picked":["Philosopher\u0027s Stone","Busted Crown"],"picked":"SlaversCollar"},{"not_picked":["Empty Cage","WristBlade"],"picked":"Coffee Dripper"}],"items_purged_floors":[29,36],"is_endless":false,"potions_floor_spawned":[4,10,12,21,24,25,42,44,46,48],"killed_by":"The Heart","ascension_level":0}}