{"host":"pyelotildgrd5mks","time":1612171511,"event":{"mods":["BaseMod","Downfall","Minty Spire (QoL Compilation)","Quick Restart","StSLib"],"gold_per_floor":[99,114,131,149,59,92,119,119,139,39,68,88,88,73,88,185,185,185,196,196,196,215,215,293,178,205,205,234,234,134,144,157,255,255,255,355,367,386,386,415,415,128,28,40,250,285,285,285,303,303,303,330,10,10,10,10],"floor_reached":57,"language":"ZHS","playtime":3480,"items_purged":["Guardian:Strike_Guardian","Guardian:Strike_Guardian","Guardian:Strike_Guardian","Guardian:Defend_Guardian","Guardian:Defend_Guardian"],"score":1955,"play_id":"23651b2d-b326-4b2a-8878-150e1e2a1d36","local_time":"20210201172511","is_ascension_mode":true,"campfire_choices":[{"data":"Guardian:CurlUp","floor":1.0,"key":"SMITH"},{"data":"Guardian:CompilePackage","floor":10.0,"key":"SMITH"},{"data":"Guardian:Suspension","floor":13.0,"key":"SMITH"},{"data":"Guardian:TemporalShield","floor":18.0,"key":"SMITH"},{"data":"Guardian:ExploitGems","floor":27.0,"key":"SMITH"},{"data":"Guardian:SphericShield","floor":30.0,"key":"SMITH"},{"floor":35.0,"key":"RECALL"},{"data":"Guardian:FierceBash","floor":43.0,"key":"SMITH"},{"data":"Guardian:TwinSlam","floor":47.0,"key":"SMITH"},{"data":"Guardian:Clone","floor":54.0,"key":"SMITH"}],"circlet_count":0,"master_deck":["Guardian:Defend_Guardian","Guardian:CurlUp+1","Guardian:TwinSlam+1","Guardian:Incinerate","Guardian:SphericShield+1","Guardian:CompilePackage+1","Guardian:Suspension+1","Guardian:TemporalShield+1","Guardian:ExploitGems+1","Guardian:FloatingOrbs+1","Guardian:ConstructionForm","Guardian:TimeSifter","Guardian:ChargeCore+1","Guardian:FierceBash+1","Guardian:Clone+1"],"relics":["Guardian:ModeShifter","Oddly Smooth Stone","downfall:HeartBlessingBlue","Guardian:StasisCodex","sneckomod:SneckoTalon","sneckomod:BabySnecko","Nunchaku","Ornamental Fan","Toy Ornithopter","Meat on the Bone","downfall:HeartBlessingGreen","Black Star","Strawberry","Mercury Hourglass","Art of War","Akabeko","hexamod:BolsterEngine","downfall:HeartBlessingRed","Orichalcum","Torii","Vajra","Guardian:PocketSentry","ClockworkSouvenir"],"acts_visited":["Exordium","TheCity","TheBeyond","TheEnding"],"potions_floor_usage":[56,56],"damage_taken":[{"damage":1.0,"enemies":"Cultist","floor":2.0,"turns":4.0},{"damage":0.0,"enemies":"Small Slimes","floor":3.0,"turns":3.0},{"damage":7.0,"enemies":"Jaw Worm","floor":4.0,"turns":4.0},{"damage":0.0,"enemies":"downfall:FleeingMerchant","floor":5.0,"turns":4.0},{"damage":48.0,"enemies":"Gremlin Nob","floor":6.0,"turns":5.0},{"damage":0.0,"enemies":"Large Slime","floor":9.0,"turns":3.0},{"damage":9.0,"enemies":"3 Sentries","floor":11.0,"turns":12.0},{"damage":0.0,"enemies":"2 Fungi Beasts","floor":12.0,"turns":5.0},{"damage":0.0,"enemies":"downfall:FleeingMerchant","floor":14.0,"turns":4.0},{"damage":0.0,"enemies":"Lots of Slimes","floor":15.0,"turns":4.0},{"damage":32.0,"enemies":"DF_ARCHETYPE_STREAMLINE","floor":16.0,"turns":14.0},{"damage":0.0,"enemies":"Shell Parasite","floor":19.0,"turns":4.0},{"damage":0.0,"enemies":"3 Byrds","floor":22.0,"turns":3.0},{"damage":0.0,"enemies":"downfall:FleeingMerchant","floor":25.0,"turns":4.0},{"damage":6.0,"enemies":"Slavers","floor":26.0,"turns":5.0},{"damage":3.0,"enemies":"Gremlin Leader","floor":28.0,"turns":6.0},{"damage":0.0,"enemies":"Snecko","floor":31.0,"turns":4.0},{"damage":0.0,"enemies":"Centurion and Healer","floor":32.0,"turns":4.0},{"damage":0.0,"enemies":"WA_ARCHETYPE_CALM","floor":33.0,"turns":7.0},{"damage":0.0,"enemies":"3 Shapes","floor":37.0,"turns":3.0},{"damage":0.0,"enemies":"Orb Walker","floor":38.0,"turns":4.0},{"damage":2.0,"enemies":"Reptomancer","floor":40.0,"turns":10.0},{"damage":0.0,"enemies":"downfall:FleeingMerchant","floor":42.0,"turns":4.0},{"damage":0.0,"enemies":"4 Shapes","floor":44.0,"turns":3.0},{"damage":0.0,"enemies":"downfall:FleeingMerchant","floor":45.0,"turns":1.0},{"damage":0.0,"enemies":"Giant Head","floor":46.0,"turns":4.0},{"damage":0.0,"enemies":"Jaw Worm Horde","floor":49.0,"turns":3.0},{"damage":18.0,"enemies":"IC_BLOCK_ARCHETYPE","floor":50.0,"turns":4.0},{"damage":0.0,"enemies":"downfall:CharBossMerchant","floor":52.0,"turns":5.0},{"damage":0.0,"enemies":"downfall:NeowBoss","floor":55.0,"turns":8.0},{"damage":0,"enemies":"downfall:NeowBossFinal","floor":56,"turns":6}],"seed_played":"3239864782344450051","potions_obtained":[{"floor":3.0,"key":"LiquidMemories"},{"floor":12.0,"key":"FairyPotion"},{"floor":15.0,"key":"Energy Potion"},{"floor":16.0,"key":"SteroidPotion"},{"floor":19.0,"key":"SkillPotion"},{"floor":29.0,"key":"CultistPotion"},{"floor":37.0,"key":"Swift Potion"}],"is_trial":false,"path_per_floor":["R","M","M","M","$","E","T","?","M","R","E","M","R","$","M","B",null,"R","M","?","?","M","?","T","$","E","R","E","?","R","M","M","B",null,"R","?","M","M","T","E","T","?","R","M","$","E","R","?","M","B",null,"E","$","R","B","B",null],"character_chosen":"GUARDIAN","items_purchased":["hexamod:BolsterEngine","ClockworkSouvenir"],"campfire_rested":0,"item_purchase_floors":[42,53],"current_hp_per_floor":[72,71,71,64,64,16,16,16,16,26,17,17,17,17,17,19,72,72,72,72,72,72,72,72,72,66,66,63,63,63,63,63,63,83,83,83,83,83,90,88,88,88,88,88,88,88,88,88,88,70,90,90,90,90,90,97],"gold":10,"neow_bonus":"THREE_CARDS","is_daily":false,"chose_seed":false,"campfire_upgraded":9,"win_rate":0.0,"timestamp":1612171511,"path_taken":["R","?","M","M","$","E","T","?","?","R","E","M","R","$","M","BOSS","R","M","?","?","M","?","T","$","E","R","E","?","R","M","M","BOSS","R","?","M","?","?","E","T","?","R","M","$","E","R","?","M","BOSS","E","$","R","BOSS","BOSS"],"items_purchased_type":["Relic","Relic"],"build_version":"2020-12-22","purchased_purges":5,"victory":true,"max_hp_per_floor":[80,80,80,80,80,80,80,80,80,90,90,90,90,90,90,90,90,90,90,90,90,90,90,90,90,90,90,90,90,90,90,90,90,90,90,90,90,90,97,97,97,97,97,97,97,97,97,97,97,97,97,97,97,97,97,97],"card_choices":[{"not_picked":["Guardian:WalkerClaw","Guardian:GuardianWhirl"],"picked":"Guardian:Incinerate","floor":0.0},{"not_picked":["Guardian:Gem_Green","Guardian:RollAttack","Guardian:Gem_Lightblue"],"picked":"SKIP","floor":2.0},{"not_picked":["Guardian:Gem_Red","Guardian:CrystalBeam"],"picked":"Guardian:Gem_Crimson","floor":3.0},{"not_picked":["Guardian:Emergency","Guardian:PolyBeam"],"picked":"Guardian:SphericShield","floor":4.0},{"not_picked":["Guardian:GemFinder","Guardian:PiercingHide"],"picked":"Guardian:CompilePackage","floor":5.0},{"not_picked":["Guardian:CrystalBeam","Guardian:PrimingBeam"],"picked":"Guardian:Gem_White","floor":6.0},{"not_picked":["Guardian:PiercingHide","Guardian:Recover"],"picked":"Guardian:Gem_Cyan","floor":9.0},{"not_picked":["Guardian:RollAttack","Guardian:ShieldSpikes"],"picked":"Guardian:Gem_Orange","floor":11.0},{"not_picked":["Guardian:VentSteam","Guardian:Recover"],"picked":"Guardian:Suspension","floor":12.0},{"not_picked":["Guardian:Gem_Red","Guardian:EvasiveProtocol","Guardian:WalkerClaw"],"picked":"SKIP","floor":14.0},{"not_picked":["Guardian:VentSteam","Guardian:PrimingBeam"],"picked":"Guardian:TemporalShield","floor":15.0},{"not_picked":["Guardian:CompilePackage","Guardian:GemFire"],"picked":"Guardian:ExploitGems","floor":16.0},{"not_picked":["Guardian:Gem_Green","Guardian:Gem_Red"],"picked":"Guardian:FloatingOrbs+1","floor":19.0},{"not_picked":["Guardian:PrismaticBarrier+1","Guardian:TemporalShield"],"picked":"Guardian:Gem_White","floor":22.0},{"not_picked":["Guardian:Clone","Guardian:Preprogram+1"],"picked":"Guardian:Gem_Fragmented","floor":25.0},{"not_picked":["Guardian:PolyBeam+1","Guardian:PiercingHide","Guardian:Gem_Red"],"picked":"SKIP","floor":26.0},{"not_picked":["Guardian:PrismaticBeam","Guardian:TemporalStrike"],"picked":"Guardian:ConstructionForm","floor":28.0},{"not_picked":["Guardian:VentSteam+1","Guardian:PolyBeam","Guardian:ShieldCharger"],"picked":"SKIP","floor":31.0},{"not_picked":["Guardian:Incinerate","Guardian:Clone","Guardian:PiercingHide+1"],"picked":"SKIP","floor":32.0},{"not_picked":["Guardian:GemFinder","Guardian:GatlingBeam"],"picked":"Guardian:TimeSifter","floor":33.0},{"not_picked":["Guardian:Gem_Yellow","Guardian:TemporalStrike","Guardian:Gem_Green"],"picked":"SKIP","floor":37.0},{"not_picked":["Guardian:PrismaticBeam","Guardian:MultiBeam"],"picked":"Guardian:ChargeCore+1","floor":38.0},{"not_picked":["Guardian:Suspension","Guardian:PrimingBeam","Guardian:Incinerate+1"],"picked":"SKIP","floor":40.0},{"not_picked":["Guardian:PolyBeam+1","Guardian:CrystalBeam"],"picked":"Guardian:FierceBash","floor":42.0},{"not_picked":["Guardian:ShieldCharger+1","Guardian:Gem_Fragmented","Guardian:ArmoredProtocol+1"],"picked":"SKIP","floor":44.0},{"not_picked":["Guardian:PrimingBeam","Guardian:GuardianWhirl+1","Guardian:Gem_Yellow"],"picked":"SKIP","floor":45.0},{"not_picked":["Guardian:RollAttack","Guardian:DonusPower","Guardian:Gem_Lightblue"],"picked":"SKIP","floor":46.0},{"not_picked":["Guardian:EvasiveProtocol","Guardian:Gem_Crimson"],"picked":"Guardian:Clone","floor":49.0},{"not_picked":["Guardian:Emergency","Guardian:WalkerClaw","Guardian:Suspension"],"picked":"SKIP","floor":52.0}],"player_experience":681536,"relics_obtained":[{"floor":6.0,"key":"Oddly Smooth Stone"},{"floor":11.0,"key":"Guardian:StasisCodex"},{"floor":24.0,"key":"Ornamental Fan"},{"floor":26.0,"key":"Toy Ornithopter"},{"floor":28.0,"key":"Meat on the Bone"},{"floor":39.0,"key":"Strawberry"},{"floor":40.0,"key":"Mercury Hourglass"},{"floor":40.0,"key":"Art of War"},{"floor":41.0,"key":"Akabeko"},{"floor":46.0,"key":"Orichalcum"},{"floor":46.0,"key":"Torii"},{"floor":52.0,"key":"Vajra"},{"floor":52.0,"key":"Guardian:PocketSentry"}],"event_choices":[],"is_beta":false,"boss_relics":[{"not_picked":["Calling Bell","expansioncontent:StudyCardRelic"],"picked":"sneckomod:SneckoTalon"},{"not_picked":["Fusion Hammer","SacredBark"],"picked":"Black Star"}],"items_purged_floors":[5,25,42,45,53],"is_endless":false,"potions_floor_spawned":[3,12,15,16,19,22,31,32,37,40,46,52],"ascension_level":7}}