{"host":"3y2rtlgteqp2nuo3","time":1612172688,"event":{"mods":["2.2 Compatiblity","AchievementEnabler","BaseMod","Colored Map","DeckTracker","Highlight Path","Keyboard Shortcuts","Minty Spire (QoL Compilation)","Permanent Neow","Quick Restart","StSLib","SuperFastMode","everything is the same but u backflip on backflip"],"gold_per_floor":[15,30,50,64,83,83,83,83],"floor_reached":7,"language":"KOR","playtime":185,"items_purged":[],"score":81,"play_id":"2cbe40ab-e151-4b8f-9410-4e17db7a395c","local_time":"20210201184448","is_ascension_mode":true,"campfire_choices":[{"data":"Deadly Poison","floor":6.0,"key":"SMITH"}],"circlet_count":0,"master_deck":["AscendersBane","Strike_G","Strike_G","Strike_G","Strike_G","Strike_G","Defend_G","Defend_G","Defend_G","Defend_G","Defend_G","Survivor","Neutralize","Dagger Throw","Deadly Poison+1","Backflip","Deadly Poison"],"relics":["Ring of the Snake"],"acts_visited":["Exordium"],"potions_floor_usage":[],"damage_taken":[{"damage":14.0,"enemies":"Cultist","floor":1.0,"turns":6.0},{"damage":0.0,"enemies":"Jaw Worm","floor":2.0,"turns":5.0},{"damage":0.0,"enemies":"2 Louse","floor":3.0,"turns":3.0},{"damage":10.0,"enemies":"Exordium Thugs","floor":4.0,"turns":6.0},{"damage":22.0,"enemies":"Gremlin Gang","floor":5.0,"turns":6.0},{"damage":0,"enemies":"3 Sentries","floor":7,"turns":1}],"seed_played":"-3157548625794348422","potions_obtained":[{"floor":1.0,"key":"LiquidBronze"},{"floor":2.0,"key":"Ancient Potion"}],"is_trial":false,"path_per_floor":["M","M","M","M","M","R","E"],"character_chosen":"THE_SILENT","items_purchased":[],"campfire_rested":0,"item_purchase_floors":[],"current_hp_per_floor":[57,57,57,47,25,25,25,25],"gold":83,"neow_bonus":"TWENTY_PERCENT_HP_BONUS","is_daily":false,"chose_seed":false,"campfire_upgraded":1,"win_rate":0.0,"timestamp":1612172688,"path_taken":["M","M","M","M","M","R","E"],"items_purchased_type":[],"build_version":"2020-12-22","purchased_purges":0,"victory":false,"max_hp_per_floor":[78,78,78,78,78,78,78,78],"card_choices":[{"not_picked":["Flechettes","Backflip"],"picked":"Dagger Throw","floor":1.0},{"not_picked":["Poisoned Stab","Caltrops"],"picked":"Deadly Poison","floor":2.0},{"not_picked":["Choke","Dagger Throw"],"picked":"Backflip","floor":3.0},{"not_picked":["Infinite Blades","Acrobatics"],"picked":"Deadly Poison","floor":4.0},{"not_picked":["Dash","Endless Agony","Backflip"],"picked":"SKIP","floor":5.0}],"player_experience":737088,"relics_obtained":[],"event_choices":[],"is_beta":false,"boss_relics":[],"items_purged_floors":[],"is_endless":false,"potions_floor_spawned":[1,2,3],"killed_by":"3 Sentries","ascension_level":16}}