{"host":"6fkscwgr344hcmao","time":1612170827,"event":{"mods":["2.2 Compatiblity","AchievementEnabler","BaseMod","Colored Map","Highlight Path","Minty Spire (QoL Compilation)","Random Character Button","Rare Cards Sparkle"],"gold_per_floor":[119,137,147,147,161,161,179,179,179,203,38,61,100,123,123,123,123],"floor_reached":16,"language":"POL","playtime":1349,"items_purged":["Strike_R"],"score":106,"play_id":"23b79278-b2ef-4c23-b77d-d49b3b5f1c60","local_time":"20210201101347","is_ascension_mode":false,"campfire_choices":[{"data":"Armaments","floor":6,"key":"SMITH"},{"floor":15,"key":"REST"}],"circlet_count":0,"master_deck":["Strike_R","Strike_R","Strike_R","Strike_R","Defend_R","Defend_R","Defend_R","Defend_R","Bash","Entrench","Warcry","Armaments+1","Power Through","Deep Breath","Seeing Red"],"relics":["Burning Blood","Regal Pillow","Golden Idol","Boot","Lantern"],"acts_visited":[],"potions_floor_usage":[13,13,16,16],"damage_taken":[{"damage":2.0,"enemies":"Small Slimes","floor":1.0,"turns":4.0},{"damage":3.0,"enemies":"Jaw Worm","floor":2.0,"turns":5.0},{"damage":7,"enemies":"Cultist","floor":3,"turns":5},{"damage":17,"enemies":"Looter","floor":5,"turns":4},{"damage":3,"enemies":"3 Louse","floor":7,"turns":5},{"damage":14,"enemies":"Large Slime","floor":10,"turns":11},{"damage":7,"enemies":"Exordium Wildlife","floor":12,"turns":6},{"damage":41,"enemies":"3 Sentries","floor":13,"turns":18},{"damage":0,"enemies":"2 Fungi Beasts","floor":14,"turns":6},{"damage":58,"enemies":"Slime Boss","floor":16,"turns":17}],"seed_played":"-7142042628639035696","potions_obtained":[{"floor":3,"key":"Dexterity Potion"},{"floor":5,"key":"Explosive Potion"},{"floor":13,"key":"LiquidMemories"},{"floor":14,"key":"Block Potion"}],"is_trial":false,"path_per_floor":["M","M","M","?","M","R","M","?","T","M","$","M","E","M","R","B"],"character_chosen":"IRONCLAD","items_purchased":["Deep Breath"],"campfire_rested":1,"item_purchase_floors":[11],"current_hp_per_floor":[80,80,79,59,48,48,51,51,51,43,43,42,7,13,52,0,0],"gold":123,"neow_bonus":"RANDOM_COMMON_RELIC","is_daily":false,"chose_seed":false,"campfire_upgraded":1,"win_rate":0.0,"timestamp":1612170827,"path_taken":["M","M","M","?","M","R","M","?","T","M","?","?","E","M","R","BOSS"],"items_purchased_type":["Card"],"build_version":"2020-12-22","purchased_purges":1,"victory":false,"max_hp_per_floor":[80,80,80,80,80,80,80,80,80,80,80,80,80,80,80,80,80],"card_choices":[{"not_picked":["Twin Strike","Uppercut"],"picked":"Entrench","floor":1.0},{"not_picked":["Havoc","Rage"],"picked":"Warcry","floor":2},{"not_picked":["Sever Soul","Sword Boomerang","Perfected Strike"],"picked":"SKIP","floor":3},{"not_picked":["Pommel Strike","Havoc"],"picked":"Armaments","floor":5},{"not_picked":["Sword Boomerang","Flex","Brutality"],"picked":"SKIP","floor":7},{"not_picked":["Blood for Blood","Sword Boomerang"],"picked":"Power Through","floor":10},{"not_picked":["Thunderclap","Second Wind","Intimidate"],"picked":"SKIP","floor":12},{"not_picked":["Wild Strike","Burning Pact"],"picked":"Seeing Red","floor":13},{"not_picked":["Clothesline","Flex","Cleave"],"picked":"SKIP","floor":14}],"player_experience":211294,"relics_obtained":[{"floor":9,"key":"Boot"},{"floor":13,"key":"Lantern"}],"event_choices":[{"damage_healed":0,"gold_gain":0,"player_choice":"Take Damage","damage_taken":20,"relics_obtained":["Golden Idol"],"max_hp_gain":0,"max_hp_loss":0,"event_name":"Golden Idol","floor":4,"gold_loss":0},{"damage_healed":0,"gold_gain":0,"player_choice":"Ignored","damage_taken":0,"max_hp_gain":0,"max_hp_loss":0,"event_name":"Liars Game","floor":8,"gold_loss":0}],"is_beta":false,"boss_relics":[],"items_purged_floors":[11],"is_endless":false,"potions_floor_spawned":[3,5,13,14],"killed_by":"Slime Boss","ascension_level":0}}