{"host":"cq2iqt18u9swspes","time":1612218174,"event":{"mods":["AchievementEnabler","BaseMod","BetterRewards","Colored Map","Downfall","Minty Spire (QoL Compilation)","StSLib","The Cursed"],"gold_per_floor":[149,165,165,180,180,193,246,421,421,438,59,69,69,84,100,100,100,100],"floor_reached":16,"language":"ENG","playtime":1370,"items_purged":["downfall:Malfunctioning"],"score":94,"play_id":"c4eade1d-80b6-4c8f-bf73-147a225e3c87","local_time":"20210201232254","is_ascension_mode":false,"campfire_choices":[{"data":"hexamod:RadiantFlame","floor":1,"key":"SMITH"},{"data":"hexamod:Float","floor":9,"key":"SMITH"},{"data":"hexamod:Sear","floor":13,"key":"SMITH"}],"circlet_count":0,"master_deck":["hexamod:Strike+1","hexamod:Strike","hexamod:Strike","hexamod:Strike+1","hexamod:Defend+1","hexamod:Defend","hexamod:Defend","hexamod:Defend","hexamod:Sear+1","hexamod:Float+1","hexamod:RadiantFlame+1","hexamod:ThirdSeal","hexamod:FirstSeal","hexamod:Rewind+1","hexamod:AdvancingGuard","hexamod:SwordOfDarkness","hexamod:NecessarySacrifice","Doubt","hexamod:BurningTouch","hexamod:SearingWound","hexamod:SixthSeal","hexamod:SwordOfDarkness","hexamod:Firestarter","hexamod:RainOfEmbers","hexamod:NightmareStrike+1","hexamod:BurningTouch","hexamod:Incineration","hexamod:BurningTouch"],"relics":["Tiny House","Smiling Mask","Question Card"],"acts_visited":["Exordium"],"potions_floor_usage":[10,12,14,16,16],"damage_taken":[{"damage":11,"enemies":"Jaw Worm","floor":2,"turns":3},{"damage":2,"enemies":"Small Slimes","floor":4,"turns":4},{"damage":2,"enemies":"2 Louse","floor":6,"turns":4},{"damage":3,"enemies":"Exordium Wildlife","floor":10,"turns":6},{"damage":2,"enemies":"downfall:FleeingMerchant","floor":11,"turns":4},{"damage":7,"enemies":"Exordium Thugs","floor":12,"turns":4},{"damage":20,"enemies":"3 Louse","floor":14,"turns":4},{"damage":7,"enemies":"Exordium Wildlife","floor":15,"turns":3},{"damage":62,"enemies":"DF_ARCHETYPE_STREAMLINE","floor":16,"turns":6}],"seed_played":"2846933760217805053","potions_obtained":[{"floor":0,"key":"Swift Potion"},{"floor":4,"key":"SkillPotion"},{"floor":6,"key":"champ:CounterPotion"},{"floor":12,"key":"hexamod:InfernoChargePotion"},{"floor":14,"key":"LiquidMemories"}],"is_trial":false,"path_per_floor":["R","M","?","M","?","M","T","?","R","M","$","M","R","M","M","B"],"character_chosen":"THE_SPIRIT","items_purchased":["hexamod:Firestarter","Question Card"],"campfire_rested":0,"item_purchase_floors":[11,11],"current_hp_per_floor":[75,64,57,62,62,67,67,67,67,64,69,69,69,56,49,0,0,0],"gold":100,"neow_bonus":"BOSS_RELIC","is_daily":false,"chose_seed":false,"campfire_upgraded":3,"win_rate":0.0,"timestamp":1612218174,"path_taken":["R","M","?","M","?","M","T","?","R","M","$","?","R","M","M","BOSS"],"items_purchased_type":["Card","Relic"],"build_version":"2020-12-22","purchased_purges":1,"victory":false,"max_hp_per_floor":[75,75,75,75,75,75,75,75,75,75,75,75,75,75,75,75,75,75],"card_choices":[{"not_picked":["hexamod:SpectersWail","hexamod:BacktrackSmack"],"picked":"hexamod:RadiantFlame","floor":0},{"not_picked":["hexamod:Again","hexamod:HauntingEcho"],"picked":"hexamod:Firestarter","floor":2},{"not_picked":["hexamod:GhostShield","hexamod:ShieldOfDarkness"],"picked":"hexamod:Rewind","floor":4},{"not_picked":["hexamod:SpectersWail","hexamod:GhostOfSpireFuture"],"picked":"hexamod:AdvancingGuard","floor":4},{"not_picked":["hexamod:Hexaguard","hexamod:BacktrackSmack"],"picked":"hexamod:SwordOfDarkness","floor":6},{"not_picked":["hexamod:PhantomCloak","hexamod:SpectersWail"],"picked":"hexamod:NecessarySacrifice","floor":6},{"not_picked":["hexamod:GhostLash","hexamod:SoulSteal"],"picked":"hexamod:BurningTouch","floor":10},{"not_picked":["hexamod:AdvancingGuard","hexamod:HauntingEcho"],"picked":"hexamod:SearingWound","floor":10},{"not_picked":["hexamod:GhostLash","hexamod:ShieldOfDarkness"],"picked":"hexamod:SixthSeal","floor":11},{"not_picked":["hexamod:GhostShield","hexamod:FastForward"],"picked":"hexamod:SwordOfDarkness","floor":11},{"not_picked":["hexamod:SpectersWail","hexamod:SwordOfDarkness","hexamod:GhostShield"],"picked":"hexamod:RainOfEmbers","floor":12},{"not_picked":["hexamod:SwordOfDarkness","hexamod:AdvancingGuard","hexamod:Hexaguard"],"picked":"hexamod:NightmareStrike","floor":12},{"not_picked":["hexamod:PhantomCloak","hexamod:SecondSeal","hexamod:GhostOfSpireFuture"],"picked":"hexamod:BurningTouch","floor":14},{"not_picked":["hexamod:UnlimitedPower","hexamod:SwordOfDarkness","hexamod:ShieldOfDarkness"],"picked":"hexamod:Incineration","floor":15},{"not_picked":["hexamod:SpectersWail","hexamod:Hexaguard","hexamod:ThirdSeal"],"picked":"hexamod:BurningTouch","floor":15}],"player_experience":63406,"relics_obtained":[{"floor":7,"key":"Smiling Mask"}],"event_choices":[],"is_beta":false,"boss_relics":[],"items_purged_floors":[11],"is_endless":false,"potions_floor_spawned":[4,6,12,14],"killed_by":"DF_ARCHETYPE_STREAMLINE","ascension_level":0}}