{"host":"3498uni0c31c9bdm","time":1612170898,"event":{"mods":["BaseMod","Better Third Choice","Minty Spire (QoL Compilation)","Replay The Spire","StSLib"],"gold_per_floor":[116,116,130,55,68,93,93,105,105,133,145,145,208,222,222,327,327,347,202,218,218,234,234,262,282,282,297,297,297,329,329,359,359,359],"floor_reached":33,"language":"ENG","playtime":1726,"items_purged":["Regret"],"score":612,"play_id":"11cd59b8-fc67-4f4f-9123-b1dc9cfc51c6","local_time":"20210201201458","is_ascension_mode":true,"campfire_choices":[{"floor":7,"key":"RECALL"},{"floor":15,"key":"REST"},{"floor":23,"key":"REST"},{"floor":31,"key":"REST"}],"circlet_count":0,"master_deck":["AscendersBane","Strike_P","Strike_P","Strike_P","Strike_P","Defend_P","Defend_P","Defend_P","Eruption","Vigilance","ClearTheMind","EmptyMind","BowlingBash","WindmillStrike","MentalFortress","CrushJoints","Establishment","CutThroughFate","ReachHeaven","Swivel","DevaForm","Prostrate","Perseverance","Dramatic Entrance","WaveOfTheHand","SignatureMove","FollowUp","PathToVictory+1","Prostrate","Vault"],"relics":["PureWater","FossilizedHelix","Replay:Bottled Steam","Ice Cream","Gambling Chip","Akabeko","Replay:Grab Bag","Sozu","ChewingGum","VioletLotus","Omamori","Mango","Mummified Hand","Pocketwatch"],"acts_visited":["Exordium","TheCity"],"potions_floor_usage":[10,13,17],"damage_taken":[{"damage":0.0,"enemies":"Small Slimes","floor":1.0,"turns":3.0},{"damage":5.0,"enemies":"Cultist","floor":3.0,"turns":4.0},{"damage":0.0,"enemies":"Jaw Worm","floor":5.0,"turns":3.0},{"damage":12.0,"enemies":"Gremlin Nob","floor":6.0,"turns":5.0},{"damage":0,"enemies":"Large Slime","floor":8,"turns":4},{"damage":2,"enemies":"Replay:BlueRogue","floor":10,"turns":5},{"damage":9,"enemies":"Exordium Thugs","floor":11,"turns":5},{"damage":20,"enemies":"3 Sentries","floor":13,"turns":5},{"damage":0,"enemies":"2 Fungi Beasts","floor":14,"turns":3},{"damage":4,"enemies":"Fading Forest","floor":16,"turns":11},{"damage":13,"enemies":"3 Byrds","floor":18,"turns":5},{"damage":0,"enemies":"Chosen","floor":20,"turns":3},{"damage":12,"enemies":"3 Cultists","floor":22,"turns":3},{"damage":0,"enemies":"Gremlin Leader","floor":24,"turns":4},{"damage":9,"enemies":"Cultist and Chosen","floor":25,"turns":6},{"damage":35,"enemies":"Centurion and Healer","floor":27,"turns":4},{"damage":5,"enemies":"Slavers","floor":30,"turns":5},{"damage":34,"enemies":"Gremlin Leader","floor":32,"turns":8},{"damage":18,"enemies":"Shelled Parasite and Fungi","floor":33,"turns":3}],"seed_played":"4697764865745857262","potions_obtained":[{"floor":3.0,"key":"Fruit Juice"},{"floor":5.0,"key":"Reflective Coating"},{"floor":8,"key":"LiquidBronze"},{"floor":10,"key":"Regen Potion"}],"is_trial":false,"path_per_floor":["M","?","M","$","M","E","R","M","T","E","M","$","?","M","R","B",null,"M","$","M","?","M","R","E","M","T","M","PTL","PTL","E","R","E","M"],"character_chosen":"WATCHER","items_purchased":["Omamori"],"campfire_rested":3,"item_purchase_floors":[19],"current_hp_per_floor":[65,65,60,60,60,48,48,48,48,46,37,37,31,31,52,48,71,58,58,58,46,34,57,71,62,62,27,27,27,22,49,15,0,0],"gold":359,"neow_bonus":"RANDOM_EVENT","is_daily":false,"chose_seed":false,"campfire_upgraded":0,"win_rate":0.0,"timestamp":1612170898,"path_taken":["M","?","M","?","M","E","R","M","T","E","M","?","?","M","R","BOSS","M","$","M","?","M","R","E","M","T","M","PTL","PTL","E","R","E","?"],"items_purchased_type":["Relic"],"build_version":"2020-12-22","purchased_purges":1,"victory":false,"max_hp_per_floor":[72,72,72,72,72,72,72,72,72,72,72,72,72,72,72,72,77,77,77,77,77,77,77,91,91,91,91,91,91,91,91,91,91,91],"card_choices":[{"not_picked":["JustLucky","Replay:BluntJabs"],"picked":"ClearTheMind","floor":1.0},{"not_picked":["FollowUp","LikeWater"],"picked":"BowlingBash","floor":3.0},{"not_picked":["Replay:BluntJabs","Worship"],"picked":"WindmillStrike","floor":5.0},{"not_picked":["InnerPeace","Fasting2"],"picked":"MentalFortress","floor":6},{"not_picked":["Evaluate","BowlingBash"],"picked":"CrushJoints","floor":8},{"not_picked":["Protect","ThirdEye"],"picked":"Establishment","floor":10},{"not_picked":["Replay:Battleflow","WreathOfFlame"],"picked":"CutThroughFate","floor":11},{"not_picked":["EmptyBody","BattleHymn"],"picked":"ReachHeaven","floor":13},{"not_picked":["WindmillStrike","ReachHeaven"],"picked":"Swivel","floor":14},{"not_picked":["Alpha","Omniscience"],"picked":"DevaForm","floor":16},{"not_picked":["Protect","Fasting2"],"picked":"Prostrate","floor":18},{"not_picked":["FlyingSleeves","Evaluate"],"picked":"Perseverance","floor":20},{"not_picked":["Evaluate","Pray"],"picked":"WaveOfTheHand","floor":22},{"not_picked":["FlyingSleeves","Evaluate"],"picked":"SignatureMove","floor":24},{"not_picked":["Adaptation","CutThroughFate"],"picked":"FollowUp","floor":25},{"not_picked":["CutThroughFate","Conclude"],"picked":"PathToVictory+1","floor":27},{"not_picked":["WindmillStrike","Replay:Cycle"],"picked":"Prostrate","floor":30},{"not_picked":["Vengeance","JustLucky"],"picked":"Vault","floor":32}],"player_experience":788185,"relics_obtained":[{"floor":6,"key":"Replay:Bottled Steam"},{"floor":9,"key":"Ice Cream"},{"floor":10,"key":"Gambling Chip"},{"floor":13,"key":"Akabeko"},{"floor":24,"key":"Mango"},{"floor":30,"key":"Mummified Hand"},{"floor":32,"key":"Pocketwatch"}],"event_choices":[{"damage_healed":0.0,"max_hp_gain":0.0,"max_hp_loss":0.0,"gold_gain":0.0,"event_name":"Big Fish","player_choice":"Box","floor":0.0,"gold_loss":0.0,"damage_taken":0.0,"relics_obtained":["FossilizedHelix"],"cards_obtained":["Regret"]},{"damage_healed":0.0,"max_hp_gain":0.0,"max_hp_loss":0.0,"gold_gain":0.0,"cards_transformed":["Defend_P"],"event_name":"Transmorgrifier","player_choice":"Transformed","floor":2.0,"gold_loss":0.0,"damage_taken":0.0,"cards_obtained":["EmptyMind"]},{"damage_healed":0,"gold_gain":0,"player_choice":"Searched \u00272\u0027 times","damage_taken":0,"max_hp_gain":0,"max_hp_loss":0,"event_name":"Dead Adventurer","floor":13,"gold_loss":0},{"damage_healed":0,"gold_gain":0,"player_choice":"CARD ","damage_taken":12,"max_hp_gain":0,"max_hp_loss":0,"event_name":"Knowing Skull","floor":21,"potions_obtained":[],"gold_loss":0,"cards_obtained":["Dramatic Entrance"]}],"is_beta":false,"boss_relics":[{"not_picked":["Kintsugi","Ectoplasm"],"picked":"Replay:Grab Bag"},{"not_picked":["Runic Dome","Velvet Choker"],"picked":"Sozu"},{"not_picked":["Philosopher\u0027s Stone","Cursed Key"],"picked":"ChewingGum"},{"not_picked":["Runic Pyramid","SacredBark"],"picked":"VioletLotus"}],"items_purged_floors":[4],"is_endless":false,"potions_floor_spawned":[3,5,8,10,11,22,24,27],"killed_by":"Shelled Parasite and Fungi","ascension_level":12}}