{"host":"vyjryxuuuxkt43k4","time":1612179539,"event":{"mods":["AchievementEnabler","BaseMod","Colored Map","DeckTracker","Keyboard Shortcuts","Minty Spire (QoL Compilation)","Permanent Neow","Quick Restart","Rare Cards Sparkle","StSLib","SuperFastMode","everything is the same but u backflip on backflip"],"gold_per_floor":[13,26,42,61,77,77,77,57,57,84,84,99,113,38,38,117,117,130,130,30,80,80,80],"floor_reached":22,"language":"KOR","playtime":1007,"items_purged":["Strike_G","Strike_G"],"score":326,"play_id":"141f2cf6-5901-443b-b6b7-90d6d4fd30b3","local_time":"20210201203859","is_ascension_mode":true,"campfire_choices":[{"data":"Dash","floor":6.0,"key":"SMITH"},{"floor":11.0,"key":"REST"},{"floor":15.0,"key":"REST"}],"circlet_count":0,"master_deck":["AscendersBane","Strike_G","Defend_G","Defend_G","Defend_G","Defend_G","Defend_G","Survivor","Neutralize","Tactician","Endless Agony","Dagger Throw","Dash+1","Deadly Poison","Grand Finale","Prepared","Adrenaline","Corpse Explosion","PiercingWail","Ghostly","Ghostly","Ghostly"],"relics":["Ring of the Snake","Blood Vial","PreservedInsect","Singing Bowl","SlaversCollar"],"acts_visited":["Exordium","TheCity"],"potions_floor_usage":[],"damage_taken":[{"damage":11.0,"enemies":"Cultist","floor":1.0,"turns":7.0},{"damage":2.0,"enemies":"Small Slimes","floor":2.0,"turns":6.0},{"damage":2.0,"enemies":"Jaw Worm","floor":3.0,"turns":7.0},{"damage":5.0,"enemies":"2 Fungi Beasts","floor":4.0,"turns":4.0},{"damage":4.0,"enemies":"3 Louse","floor":5.0,"turns":6.0},{"damage":10.0,"enemies":"3 Sentries","floor":10.0,"turns":8.0},{"damage":4.0,"enemies":"Blue Slaver","floor":12.0,"turns":5.0},{"damage":6.0,"enemies":"Large Slime","floor":13.0,"turns":10.0},{"damage":33.0,"enemies":"The Guardian","floor":16.0,"turns":14.0},{"damage":34.0,"enemies":"Spheric Guardian","floor":18.0,"turns":7.0},{"damage":17,"enemies":"Shell Parasite","floor":22,"turns":7}],"seed_played":"-1642945618387256663","potions_obtained":[{"floor":1.0,"key":"SpeedPotion"},{"floor":4.0,"key":"Swift Potion"},{"floor":5.0,"key":"Energy Potion"},{"floor":8.0,"key":"CultistPotion"},{"floor":10.0,"key":"GamblersBrew"}],"is_trial":false,"path_per_floor":["M","M","M","M","M","R","?","?","T","E","R","M","M","$","R","B",null,"M","?","$","?","M"],"character_chosen":"THE_SILENT","items_purchased":[],"campfire_rested":2,"item_purchase_floors":[],"current_hp_per_floor":[48,46,44,39,35,35,9,9,9,1,20,18,14,14,33,2,50,18,18,18,15,0,0],"gold":80,"neow_bonus":"REMOVE_TWO","is_daily":false,"chose_seed":false,"campfire_upgraded":1,"win_rate":0.0,"timestamp":1612179539,"path_taken":["M","?","M","M","M","R","?","?","T","E","R","?","M","$","R","BOSS","M","?","$","?","M"],"items_purchased_type":[],"build_version":"2020-12-22","purchased_purges":2,"victory":false,"max_hp_per_floor":[66,66,66,66,66,66,66,66,66,66,66,66,66,66,66,66,66,66,33,33,33,33,33],"card_choices":[{"not_picked":["All Out Attack","Acrobatics"],"picked":"Tactician","floor":1.0},{"not_picked":["Slice","Choke"],"picked":"Endless Agony","floor":2.0},{"not_picked":["Concentrate","Poisoned Stab"],"picked":"Dagger Throw","floor":3.0},{"not_picked":["Outmaneuver","Underhanded Strike"],"picked":"Dash","floor":4.0},{"not_picked":["Blade Dance","Escape Plan"],"picked":"Deadly Poison","floor":5.0},{"not_picked":["Backflip","Prepared"],"picked":"Grand Finale","floor":10.0},{"not_picked":["Deadly Poison","Blade Dance"],"picked":"Prepared","floor":12.0},{"not_picked":["Bouncing Flask","Blade Dance"],"picked":"Adrenaline","floor":13.0},{"not_picked":["Wraith Form v2","Storm of Steel"],"picked":"Corpse Explosion","floor":16.0},{"not_picked":["Backstab","Dagger Spray"],"picked":"PiercingWail","floor":18.0}],"player_experience":580712,"relics_obtained":[{"floor":9.0,"key":"PreservedInsect"},{"floor":10.0,"key":"Singing Bowl"}],"event_choices":[{"damage_healed":0.0,"max_hp_gain":0.0,"max_hp_loss":0.0,"gold_gain":0.0,"event_name":"Scrap Ooze","player_choice":"Success","floor":7.0,"gold_loss":0.0,"damage_taken":26.0,"relics_obtained":["Blood Vial"]},{"damage_healed":0.0,"max_hp_gain":0.0,"max_hp_loss":0.0,"gold_gain":0.0,"event_name":"The Woman in Blue","player_choice":"Bought 1 Potion","floor":8.0,"gold_loss":0.0,"damage_taken":0.0},{"damage_healed":0.0,"max_hp_gain":0.0,"max_hp_loss":33.0,"gold_gain":0.0,"event_name":"Ghosts","player_choice":"Became a Ghost","floor":19.0,"gold_loss":0.0,"damage_taken":0.0,"cards_obtained":["Ghostly","Ghostly","Ghostly"]},{"damage_healed":0,"gold_gain":50,"player_choice":"Touch","damage_taken":3,"max_hp_gain":0,"max_hp_loss":0,"event_name":"FaceTrader","floor":21,"gold_loss":0}],"is_beta":false,"boss_relics":[{"not_picked":["Coffee Dripper","Ectoplasm"],"picked":"SlaversCollar"}],"items_purged_floors":[14,20],"is_endless":false,"potions_floor_spawned":[1,4,5,10],"killed_by":"Shell Parasite","ascension_level":15}}