{"host":"e52c7hvho6xny3hd","time":1612164950,"event":{"mods":["AchievementEnabler","BaseMod","Colored Map","DeckTracker","Minty Spire (QoL Compilation)","Permanent Neow","StSLib"],"gold_per_floor":[116,131,141,160,160,160,185,185,233,233,251,280,290,337,337,337,337],"floor_reached":16,"language":"KOR","playtime":499,"items_purged":[],"score":203,"play_id":"32c271da-2f67-4ff3-abe0-f2a40ae45260","local_time":"20210201163550","is_ascension_mode":true,"campfire_choices":[{"data":"Eruption","floor":6.0,"key":"SMITH"},{"data":"MentalFortress","floor":10.0,"key":"SMITH"},{"data":"Vigilance","floor":15,"key":"SMITH"}],"circlet_count":0,"master_deck":["AscendersBane","Strike_P","Strike_P","Strike_P","Defend_P","Defend_P","Defend_P","Defend_P","Eruption+1","Vigilance+1","FearNoEvil","Indignation","Consecrate","MentalFortress+1","Halt","EmptyFist"],"relics":["PureWater","NeowsBlessing","InkBottle","Boot","Odd Mushroom","Tiny Chest"],"acts_visited":["Exordium"],"potions_floor_usage":[],"damage_taken":[{"damage":0.0,"enemies":"Jaw Worm","floor":1.0,"turns":2.0},{"damage":0.0,"enemies":"Small Slimes","floor":2.0,"turns":1.0},{"damage":0.0,"enemies":"2 Louse","floor":3.0,"turns":2.0},{"damage":0.0,"enemies":"Large Slime","floor":4.0,"turns":2.0},{"damage":0.0,"enemies":"Gremlin Nob","floor":7.0,"turns":2.0},{"damage":3.0,"enemies":"Blue Slaver","floor":11.0,"turns":4.0},{"damage":0.0,"enemies":"The Mushroom Lair","floor":12.0,"turns":3.0},{"damage":6,"enemies":"Exordium Thugs","floor":13,"turns":4},{"damage":57,"enemies":"Hexaghost","floor":16,"turns":9}],"seed_played":"7716431516763616867","potions_obtained":[{"floor":4.0,"key":"FearPotion"},{"floor":7.0,"key":"BottledMiracle"}],"is_trial":false,"path_per_floor":["M","M","M","M","?","R","E","?","T","R","M","?","M","T","R","B"],"character_chosen":"WATCHER","items_purchased":[],"campfire_rested":0,"item_purchase_floors":[],"current_hp_per_floor":[65,65,65,65,70,70,70,63,63,63,60,60,54,54,54,0,0],"gold":337,"neow_bonus":"THREE_ENEMY_KILL","is_daily":false,"chose_seed":false,"campfire_upgraded":3,"win_rate":0.0,"timestamp":1612164950,"path_taken":["M","M","M","M","?","R","E","?","T","R","M","?","M","?","R","BOSS"],"items_purchased_type":[],"build_version":"2020-12-22","purchased_purges":0,"victory":false,"max_hp_per_floor":[72,72,72,72,77,77,77,77,77,77,77,77,77,77,77,77,77],"card_choices":[{"not_picked":["FlyingSleeves","JustLucky"],"picked":"FearNoEvil","floor":1.0},{"not_picked":["CutThroughFate","Sanctity"],"picked":"Indignation","floor":2.0},{"not_picked":["InnerPeace","ThirdEye"],"picked":"Consecrate","floor":3.0},{"not_picked":["Crescendo","BattleHymn"],"picked":"MentalFortress","floor":4.0},{"not_picked":["CarveReality","Consecrate","ClearTheMind"],"picked":"SKIP","floor":7.0},{"not_picked":["Fasting2","FlyingSleeves","Crescendo"],"picked":"SKIP","floor":11.0},{"not_picked":["SashWhip","WreathOfFlame"],"picked":"Halt","floor":12.0},{"not_picked":["ClearTheMind","Consecrate"],"picked":"EmptyFist","floor":13}],"player_experience":702510,"relics_obtained":[{"floor":7.0,"key":"InkBottle"},{"floor":9.0,"key":"Boot"},{"floor":12.0,"key":"Odd Mushroom"},{"floor":14,"key":"Tiny Chest"}],"event_choices":[{"damage_healed":0.0,"max_hp_gain":5.0,"max_hp_loss":0.0,"gold_gain":0.0,"event_name":"Big Fish","player_choice":"Donut","floor":5.0,"gold_loss":0.0,"damage_taken":0.0},{"cards_removed":["Strike_P"],"damage_healed":0.0,"max_hp_gain":0.0,"max_hp_loss":0.0,"gold_gain":0.0,"event_name":"Golden Wing","player_choice":"Card Removal","floor":8.0,"gold_loss":0.0,"damage_taken":7.0},{"damage_healed":0.0,"max_hp_gain":0.0,"max_hp_loss":0.0,"gold_gain":0.0,"event_name":"Mushrooms","player_choice":"Fought Mushrooms","floor":12.0,"gold_loss":0.0,"damage_taken":0.0}],"is_beta":false,"boss_relics":[],"items_purged_floors":[],"is_endless":false,"potions_floor_spawned":[4,7,12],"killed_by":"Hexaghost","ascension_level":12}}