{"host":"pmmuxs046gii331m","time":1612213327,"event":{"mods":["AchievementEnabler","BaseMod","Colored Powertips","Downfall","Gold Saver","Minty Spire (QoL Compilation)","Permanent Neow","Quick Restart","StSLib"],"gold_per_floor":[99,112,112,112,22,33,83,21,21,6,6,20,30,45,65,161,161,161,161,46,46,146,46,121,140,140,375,400,400,300,318,332,433,433,433,448,459,126,226,426,426,426,438,438,451,468,468,468,482,482,482,511,434,434,434,434,434,434],"floor_reached":56,"language":"ENG","playtime":7847,"items_purged":["Guardian:Defend_Guardian","Guardian:Strike_Guardian","Guardian:Defend_Guardian"],"score":755,"play_id":"afb8e258-2e61-4ac7-892f-f8910e08c3d0","local_time":"20210201160207","is_ascension_mode":false,"campfire_choices":[{"data":"Guardian:TwinSlam","floor":1.0,"key":"SMITH"},{"data":"Guardian:BronzeArmor","floor":9.0,"key":"SMITH"},{"data":"Guardian:DonusPower","floor":11.0,"key":"SMITH"},{"data":"Guardian:BaubleBeam","floor":18.0,"key":"SMITH"},{"data":"Guardian:SentryBeam","floor":23,"key":"SMITH"},{"data":"Guardian:PiercingHide","floor":26,"key":"SMITH"},{"data":"Guardian:PrimingBeam","floor":30,"key":"SMITH"},{"floor":35,"key":"RECALL"},{"data":"Guardian:ArmoredProtocol","floor":40,"key":"SMITH"},{"data":"Guardian:RevengeProtocol","floor":42,"key":"SMITH"},{"data":"Guardian:Strike_Guardian","floor":44,"key":"PURGE"},{"data":"Guardian:CurlUp","floor":47,"key":"SMITH"},{"data":"Guardian:FloatingOrbs","floor":54,"key":"SMITH"}],"circlet_count":0,"master_deck":["Guardian:Strike_Guardian+1","Guardian:Defend_Guardian","Guardian:CurlUp+1","Guardian:TwinSlam+1","Guardian:PiercingHide+1","Guardian:BronzeArmor+1","Guardian:DonusPower+1","Guardian:RevengeProtocol+1","Guardian:SentryBeam+1","Guardian:PrimingBeam+1","Guardian:BaubleBeam+1","Guardian:ArmoredProtocol+1","Guardian:DecasProtection+1","Guardian:ShieldCharger+1","Guardian:FloatingOrbs+1"],"relics":["Guardian:ModeShifter","Busted Crown","Peace Pipe","Bottled Flame","downfall:HeartBlessingBlue","Toxic Egg 2","Oddly Smooth Stone","FaceOfCleric","downfall:HeartBlessingGreen","Guardian:StasisSlotReductionRelic","downfall:GremlinWheel","downfall:HeartBlessingRed","Molten Egg 2","Bottled Lightning"],"acts_visited":["Exordium","TheCity","TheBeyond","TheEnding"],"potions_floor_usage":[28,33,33,33,39,50,50],"damage_taken":[{"damage":1.0,"enemies":"2 Louse","floor":2.0,"turns":4.0},{"damage":5.0,"enemies":"downfall:FleeingMerchant","floor":5.0,"turns":4.0},{"damage":2.0,"enemies":"Small Slimes","floor":6.0,"turns":4.0},{"damage":8.0,"enemies":"downfall:FleeingMerchant","floor":8.0,"turns":4.0},{"damage":3.0,"enemies":"downfall:FleeingMerchant","floor":10.0,"turns":4.0},{"damage":2.0,"enemies":"Cultist","floor":12.0,"turns":4.0},{"damage":2.0,"enemies":"Blue Slaver","floor":13.0,"turns":4.0},{"damage":7.0,"enemies":"2 Fungi Beasts","floor":14.0,"turns":4.0},{"damage":0.0,"enemies":"Large Slime","floor":15.0,"turns":5.0},{"damage":2.0,"enemies":"WA_ARCHETYPE_RETAIN","floor":16.0,"turns":7.0},{"damage":0,"enemies":"downfall:FleeingMerchant","floor":20,"turns":4},{"damage":6,"enemies":"SI_SHIV_ARCHETYPE","floor":22,"turns":4},{"damage":2,"enemies":"3 Byrds","floor":25,"turns":3},{"damage":18,"enemies":"downfall:FleeingMerchant","floor":27,"turns":3},{"damage":27,"enemies":"Slavers","floor":28,"turns":5},{"damage":0,"enemies":"Spheric Guardian","floor":31,"turns":1},{"damage":10,"enemies":"Snake Plant","floor":32,"turns":5},{"damage":23,"enemies":"DF_ARCHETYPE_CLAW","floor":33,"turns":7},{"damage":10,"enemies":"Orb Walker","floor":36,"turns":3},{"damage":7,"enemies":"3 Darklings","floor":37,"turns":4},{"damage":7,"enemies":"3 Darklings","floor":39,"turns":4},{"damage":5,"enemies":"Transient","floor":43,"turns":5},{"damage":0,"enemies":"Maw","floor":45,"turns":5},{"damage":6,"enemies":"3 Darklings","floor":46,"turns":4},{"damage":19,"enemies":"Sphere and 2 Shapes","floor":49,"turns":4},{"damage":17,"enemies":"SI_POISON_ARCHETYPE","floor":50,"turns":8},{"damage":50,"enemies":"downfall:CharBossMerchant","floor":52,"turns":7},{"damage":27,"enemies":"downfall:NeowBoss","floor":55,"turns":17},{"damage":59,"enemies":"downfall:NeowBossFinal","floor":56,"turns":9}],"seed_played":"-1308950549500117662","potions_obtained":[{"floor":4.0,"key":"CultistPotion"},{"floor":4.0,"key":"Guardian:BlockOnCardUsePotion"},{"floor":4.0,"key":"hexamod:SoulburnPotion"},{"floor":14.0,"key":"Dexterity Potion"},{"floor":22,"key":"SteroidPotion"},{"floor":25,"key":"LiquidMemories"},{"floor":28,"key":"EntropicBrew"},{"floor":37,"key":"Block Potion"},{"floor":43,"key":"EssenceOfSteel"},{"floor":46,"key":"bronze:BurnAndBuffPotion"}],"is_trial":false,"path_per_floor":["R","M","?","?","$","M","T","$","R","$","R","M","M","M","M","B",null,"R","?","$","?","?","R","T","M","R","$","E","?","R","M","M","B",null,"R","M","M","?","?","R","T","R","M","R","M","M","R","?","M","B",null,"E","$","R","B","B"],"character_chosen":"GUARDIAN","items_purchased":["Guardian:Gem_Red","Guardian:FloatingOrbs"],"campfire_rested":0,"item_purchase_floors":[8,53],"current_hp_per_floor":[72,71,76,76,71,69,69,61,61,58,58,56,54,47,47,45,77,77,77,77,77,71,81,81,79,79,61,34,34,34,35,26,19,90,90,81,75,104,98,98,98,98,94,94,95,90,90,90,72,56,110,61,61,61,35,0,0,0],"gold":434,"neow_bonus":"REMOVE_TWO","is_daily":false,"chose_seed":false,"campfire_upgraded":11,"win_rate":0.0,"timestamp":1612213327,"path_taken":["R","M","?","?","$","M","T","$","R","$","R","M","?","M","M","BOSS","R","?","$","?","?","R","T","M","R","$","E","?","R","?","M","BOSS","R","M","M","?","?","R","T","R","M","R","M","?","R","?","M","BOSS","E","$","R","BOSS","BOSS"],"items_purchased_type":["Card","Card"],"build_version":"2020-12-22","purchased_purges":3,"victory":false,"max_hp_per_floor":[72,72,77,77,77,77,77,77,77,77,77,77,77,77,77,77,77,77,77,77,77,77,87,87,87,87,87,87,87,87,88,89,90,90,90,91,92,104,105,105,105,105,106,106,107,108,108,108,109,110,110,111,111,111,112,112,112,112],"card_choices":[{"not_picked":["Guardian:ChargeCore","Guardian:Recover"],"picked":"Guardian:PiercingHide","floor":2.0},{"not_picked":["Guardian:TemporalShield","Guardian:Incinerate"],"picked":"Guardian:BronzeArmor","floor":5.0},{"not_picked":["Guardian:Planning","Guardian:ShieldCharger"],"picked":"Guardian:DonusPower","floor":6.0},{"not_picked":["Guardian:ShieldSpikes","Guardian:Gem_Fragmented"],"picked":"Guardian:RevengeProtocol","floor":8.0},{"not_picked":["Guardian:PiercingHide","Guardian:Incinerate"],"picked":"Guardian:Gem_Cyan","floor":10.0},{"not_picked":["Guardian:Gem_Green","Guardian:GuardianWhirl"],"picked":"Guardian:Gem_Red","floor":12.0},{"not_picked":["Guardian:VentSteam","Guardian:Gem_Green"],"picked":"Guardian:SentryBeam","floor":13.0},{"not_picked":["Guardian:Gem_Green","Guardian:DonusPower"],"picked":"Guardian:Gem_Fragmented","floor":14.0},{"not_picked":["Guardian:GatlingBeam","Guardian:PrismaticBeam"],"picked":"Guardian:PrimingBeam","floor":15.0},{"not_picked":["Guardian:GatlingBeam","Guardian:FierceBash"],"picked":"Guardian:BaubleBeam","floor":16.0},{"not_picked":["Guardian:TemporalShield"],"picked":"SKIP","floor":20},{"not_picked":[],"picked":"Guardian:ArmoredProtocol","floor":25},{"not_picked":["Guardian:Planning+1"],"picked":"SKIP","floor":27},{"not_picked":[],"picked":"Guardian:DecasProtection+1","floor":28},{"not_picked":[],"picked":"Guardian:ShieldCharger+1","floor":31},{"not_picked":[],"picked":"Guardian:Gem_White","floor":32},{"not_picked":["Guardian:TemporalShield+1"],"picked":"SKIP","floor":36},{"not_picked":["Guardian:VentSteam+1"],"picked":"SKIP","floor":37},{"not_picked":["Guardian:ChargeCore+1"],"picked":"SKIP","floor":43},{"not_picked":["Guardian:Planning+1"],"picked":"SKIP","floor":45},{"not_picked":["Guardian:PrismaticBeam+1"],"picked":"SKIP","floor":46},{"not_picked":["Guardian:PiercingHide+1"],"picked":"SKIP","floor":49},{"not_picked":["Guardian:Recover+1"],"picked":"SKIP","floor":52}],"player_experience":435042,"relics_obtained":[{"floor":22,"key":"Peace Pipe"},{"floor":22,"key":"Bottled Flame"},{"floor":24,"key":"Toxic Egg 2"},{"floor":28,"key":"Oddly Smooth Stone"},{"floor":39,"key":"downfall:GremlinWheel"},{"floor":41,"key":"Molten Egg 2"},{"floor":52,"key":"Bottled Lightning"}],"event_choices":[{"damage_healed":0.0,"max_hp_gain":5.0,"max_hp_loss":0.0,"gold_gain":0.0,"event_name":"Big Fish","player_choice":"Donut","floor":3.0,"gold_loss":0.0,"damage_taken":0.0},{"damage_healed":0.0,"max_hp_gain":0.0,"max_hp_loss":0.0,"gold_gain":0.0,"event_name":"Lab","player_choice":"Got Potions","floor":4.0,"gold_loss":0.0,"damage_taken":0.0},{"damage_healed":0.0,"max_hp_gain":0.0,"max_hp_loss":0.0,"gold_gain":0.0,"event_name":"The Library","player_choice":"Read","floor":19.0,"gold_loss":0.0,"damage_taken":0.0,"cards_obtained":["Guardian:Gem_Fragmented"]},{"damage_healed":0,"gold_gain":0,"player_choice":"Trade","damage_taken":0,"relics_obtained":["FaceOfCleric"],"max_hp_gain":0,"max_hp_loss":0,"event_name":"FaceTrader","floor":29,"gold_loss":0},{"damage_healed":0,"gold_gain":300,"player_choice":"Gold","damage_taken":0,"max_hp_gain":0,"max_hp_loss":0,"event_name":"Wheel of Change","floor":40,"gold_loss":0}],"is_beta":false,"boss_relics":[{"not_picked":["bronze:MakeshiftBattery","Black Star"],"picked":"Busted Crown"},{"not_picked":["SlaversCollar","Coffee Dripper"],"picked":"Guardian:StasisSlotReductionRelic"}],"items_purged_floors":[5,20,27],"is_endless":false,"potions_floor_spawned":[6,14,15,22,25,28,32,37,43,46],"killed_by":"downfall:NeowBossFinal","ascension_level":0}}