{"host":"v0xbo920qxoewo3e","time":1612177333,"event":{"mods":["Act Like it!","Aspiration","Astrologer","BaseMod","Conspire","Downfall","Friendly Minions","GifTheSpireLib","Halation","Hermit","Hubris","Infinite Spire","Jedi Mod","Jorbs\u0027s Wanderer Trilogy","Koishi","Marisa????????","Minty Spire (QoL Compilation)","Potionbrewer","Rare Cards Sparkle","Reimu??????","Remilia??????","Replay The Spire","StSLib","Stuff the Spire","The Animator","The Blackbeard","The Bladedancer","The Bug Knight","The Construct","The Cursed","The Disciple","The Gatherer","The Jungle","The Problem Sleuth","The Runesmith","The Servant 0.9.4","TheBandit","Unceasing Turn Reminder"],"gold_per_floor":[16,42,53,53,66,66,99,99,146,146,164,180,180,191,191,286,286,302,292,292,308,328,328,359,371,407,431,443,485,497,539,551,664,676,700,637,650,662,762,792,792,823,823,851,866,670,670,580,580,580],"floor_reached":51,"language":"ENG","playtime":4167,"items_purged":["Strike_B","Strike_B"],"score":1205,"play_id":"eb8e727a-dc85-406c-8fc0-4c8b3d79b18b","local_time":"20210201130213","is_ascension_mode":true,"campfire_choices":[{"data":"Conserve Battery","floor":6,"key":"SMITH"},{"data":"1","floor":8,"key":"LIFT"},{"data":"2","floor":10,"key":"LIFT"},{"data":"3","floor":13,"key":"LIFT"},{"data":"conspire:Rain","floor":15,"key":"SMITH"},{"data":"Hologram","floor":23,"key":"SMITH"},{"floor":25,"key":"REST"},{"data":"hubris:DoWhile","floor":30,"key":"SMITH"},{"floor":32,"key":"REST"},{"data":"Defend_B","floor":41,"key":"SMITH"},{"data":"Defend_B","floor":41,"key":"SMITH"},{"data":"Go for the Eyes","floor":49,"key":"SMITH"},{"data":"Beam Cell","floor":49,"key":"SMITH"}],"circlet_count":0,"master_deck":["AscendersBane","Strike_B","Defend_B","Defend_B+1","Defend_B+1","Defend_B","Zap","Dualcast","conspire:Rain+1","Gash+1","Conserve Battery+1","Gash","Self Repair","StuffTheSpire:Synthwave","hubris:DoWhile+1","Hologram+1","ReplayTheSpireMod:Haul","Beam Cell+1","Gash","Gash+1","Glacier","Gash+1","Beam Cell+1","Reboot","Coolheaded+1","Coolheaded","Go for the Eyes+1"],"relics":["Cracked Core","aspiration:HatOfInfinitePower","ScarletDevilRocket","Girya","Replay:Rubber Ducky","conspire:SpecialSausage","MawBank","RuthlessExorcism:ReiMu","ReplayTheSpireMod:Lightbulb","aspiration:FetidBarrel","Potion Belt","SlaversCollar","Prayer Wheel","Replay:Arrowhead","Pen Nib","aspiration:FrozenJewel","Anchor"],"acts_visited":["Exordium","TheCity","TheBeyond"],"potions_floor_usage":[12,12,16,16,24,27,29,31,35],"damage_taken":[{"damage":3,"enemies":"Small Slimes","floor":1,"turns":4},{"damage":24,"enemies":"conspire:MimicChest","floor":2,"turns":3},{"damage":0,"enemies":"conspire:RoseBush","floor":3,"turns":3},{"damage":5,"enemies":"Cultist","floor":5,"turns":4},{"damage":5,"enemies":"Lagavulin","floor":7,"turns":7},{"damage":1,"enemies":"conspire:2 RoseBushes","floor":11,"turns":6},{"damage":5,"enemies":"Red Slaver","floor":12,"turns":3},{"damage":0,"enemies":"Exordium Thugs","floor":14,"turns":3},{"damage":34,"enemies":"Slime Boss","floor":16,"turns":8},{"damage":0,"enemies":"Chosen","floor":18,"turns":5},{"damage":8,"enemies":"2 Thieves","floor":19,"turns":4},{"damage":27,"enemies":"Centurion and Healer","floor":21,"turns":8},{"damage":15,"enemies":"Snake Plant","floor":22,"turns":5},{"damage":39,"enemies":"conspire:SneckoGhost","floor":24,"turns":7},{"damage":21,"enemies":"Cultist and Chosen","floor":27,"turns":6},{"damage":10,"enemies":"Book of Stabbing","floor":29,"turns":4},{"damage":12,"enemies":"Gremlin Leader","floor":31,"turns":5},{"damage":16,"enemies":"Champ","floor":33,"turns":8},{"damage":1,"enemies":"Orb Walker","floor":35,"turns":3},{"damage":7,"enemies":"3 Shapes","floor":37,"turns":4},{"damage":11,"enemies":"Maw","floor":38,"turns":5},{"damage":1,"enemies":"Reptomancer","floor":40,"turns":6},{"damage":1,"enemies":"HollowMod:StalkingDevout","floor":42,"turns":5},{"damage":4,"enemies":"Nemesis","floor":44,"turns":3},{"damage":5,"enemies":"Sphere and 2 Shapes","floor":45,"turns":4},{"damage":1,"enemies":"Awakened One","floor":50,"turns":7}],"seed_played":"-3109604479174506790","potions_obtained":[{"floor":2,"key":"Weak Potion"},{"floor":3,"key":"potionbrewer:NoxiousPotion"},{"floor":5,"key":"Swift Potion"},{"floor":12,"key":"Toxic Potion"},{"floor":18,"key":"Regen Potion"},{"floor":19,"key":"Explosive Potion"},{"floor":24,"key":"SkillPotion"},{"floor":27,"key":"Reflective Coating"},{"floor":33,"key":"SkillPotion"},{"floor":40,"key":"Energy Potion"}],"is_trial":false,"path_per_floor":["M","?","M","?","M","R","E","R","T","R","M","M","R","M","R","B",null,"M","M","AVR","M","M","R","E","R","T","M","?","E","R","E","R","B",null,"M","$","M","M","?","E","R","E","T","E","M","$","?","?","R","B",null],"character_chosen":"DEFECT","items_purchased":["potionbrewer:ToxicPotion","Coolheaded"],"campfire_rested":2,"item_purchase_floors":[46,46],"current_hp_per_floor":[65,41,41,41,36,36,31,31,31,31,37,39,39,46,46,19,61,68,67,67,47,39,39,22,44,44,37,37,34,34,29,51,42,67,66,66,66,62,62,68,68,74,74,75,70,70,70,70,70,75],"gold":580,"neow_bonus":"ONE_RARE_RELIC","is_daily":false,"chose_seed":false,"campfire_upgraded":8,"win_rate":0.0,"timestamp":1612177333,"path_taken":["M","?","M","?","?","R","E","R","T","R","M","M","R","M","R","BOSS","M","M","AVR","M","M","R","E","R","T","M","?","E","R","E","R","BOSS","M","$","M","M","?","E","R","E","T","E","?","$","?","?","R","BOSS"],"items_purchased_type":["Potion","Card"],"build_version":"2020-12-22","purchased_purges":2,"victory":true,"max_hp_per_floor":[75,75,75,75,75,75,75,75,75,75,75,75,75,75,75,75,75,75,75,75,75,75,75,75,75,75,75,75,75,75,75,75,75,75,75,75,75,75,75,75,75,75,75,75,75,75,75,75,75,75],"card_choices":[{"not_picked":["Cold Snap","Stack"],"picked":"conspire:Rain","floor":1},{"not_picked":["Loop","Barrage"],"picked":"Gash","floor":2},{"not_picked":["Rebound","Chill"],"picked":"Conserve Battery","floor":3},{"not_picked":["ReplaySort","Barrage"],"picked":"Gash","floor":5},{"not_picked":["jedi:sharpshooter","Recycle"],"picked":"Self Repair","floor":7},{"not_picked":["Compile Driver","jedi:markofdeath","jedi:BurstLightning"],"picked":"SKIP","floor":11},{"not_picked":["Time Bomb","Double Energy","StuffTheSpire:NuclearReactor"],"picked":"SKIP","floor":12},{"not_picked":["Time Bomb","Cold Snap"],"picked":"StuffTheSpire:Synthwave","floor":14},{"not_picked":["Fission","Amplify"],"picked":"hubris:DoWhile","floor":16},{"not_picked":["Redo","Force Field","Blizzard"],"picked":"SKIP","floor":18},{"not_picked":["Ball Lightning","Stack"],"picked":"Hologram","floor":19},{"not_picked":["StuffTheSpire:LoadUp","Hologram"],"picked":"Beam Cell","floor":21},{"not_picked":["Leap","Rebound"],"picked":"Gash","floor":22},{"not_picked":["Cold Snap","Beam Cell","Rainbow"],"picked":"SKIP","floor":24},{"not_picked":["ReplayTheSpireMod:GoodbyeWorld+1","jedi:overflow"],"picked":"Gash+1","floor":27},{"not_picked":["jedi:BurstFrost","Sweeping Beam"],"picked":"Glacier","floor":29},{"not_picked":["Darkness","Hello World","Coolheaded"],"picked":"SKIP","floor":31},{"not_picked":["jedi:BurstDark","Amplify"],"picked":"ReplayTheSpireMod:Fabricate Wheel","floor":33},{"not_picked":["Go for the Eyes","Ball Lightning"],"picked":"Gash+1","floor":35},{"not_picked":["Compile Driver+1","Turbo+1","BootSequence"],"picked":"SKIP","floor":35},{"not_picked":["ReplayTheSpireMod:Calculation Training","Barrage","Cold Snap"],"picked":"SKIP","floor":37},{"not_picked":["Chill","Aggregate","Redo+1"],"picked":"SKIP","floor":37},{"not_picked":["jedi:BurstFrost","ReplayTheSpireMod:GoodbyeWorld","jedi:spotbugs+1"],"picked":"SKIP","floor":38},{"not_picked":["Panic Button","StuffTheSpire:LaunchingStrike","Rebound+1"],"picked":"SKIP","floor":38},{"not_picked":["jedi:BurstLightning+1","Turbo"],"picked":"Beam Cell+1","floor":40},{"not_picked":["Beam Cell","jedi:BurstLightning"],"picked":"Reboot","floor":42},{"not_picked":["Go for the Eyes+1","Stack+1","Turbo"],"picked":"SKIP","floor":44},{"not_picked":["Conserve Battery","StuffTheSpire:LoadUp+1"],"picked":"Coolheaded+1","floor":45},{"not_picked":["Conserve Battery","BasicCrystalCard","jedi:blockon+1"],"picked":"SKIP","floor":45}],"player_experience":1455046,"relics_obtained":[{"floor":2,"key":"ScarletDevilRocket"},{"floor":7,"key":"Girya"},{"floor":9,"key":"Replay:Rubber Ducky"},{"floor":24,"key":"MawBank"},{"floor":26,"key":"RuthlessExorcism:ReiMu"},{"floor":28,"key":"ReplayTheSpireMod:Lightbulb"},{"floor":29,"key":"aspiration:FetidBarrel"},{"floor":31,"key":"Potion Belt"},{"floor":40,"key":"Replay:Arrowhead"},{"floor":42,"key":"Pen Nib"},{"floor":43,"key":"aspiration:FrozenJewel"},{"floor":44,"key":"Anchor"}],"event_choices":[{"damage_healed":0,"gold_gain":0,"player_choice":"0 cards matched","damage_taken":0,"max_hp_gain":0,"max_hp_loss":0,"event_name":"Match and Keep!","floor":4,"gold_loss":0,"cards_obtained":[]},{"damage_healed":0,"gold_gain":0,"player_choice":"Relic","damage_taken":0,"max_hp_gain":0,"max_hp_loss":0,"event_name":"Wheel of Change","floor":28,"gold_loss":0},{"damage_healed":0,"gold_gain":100,"player_choice":"Pray","damage_taken":0,"max_hp_gain":0,"max_hp_loss":0,"event_name":"Golden Shrine","floor":39,"gold_loss":0},{"cards_removed":["Strike_B"],"damage_healed":0,"gold_gain":0,"player_choice":"Upgrade and Remove","damage_taken":0,"max_hp_gain":0,"max_hp_loss":0,"event_name":"Designer","floor":48,"gold_loss":90,"cards_upgraded":["Gash"]}],"is_beta":false,"boss_relics":[{"not_picked":["aspiration:Stellarator","Pandora\u0027s Box"],"picked":"conspire:SpecialSausage"},{"not_picked":["aspiration:SecretTechniqueScroll","conspire:SeveredTorchhead"],"picked":"SlaversCollar"}],"items_purged_floors":[36,46],"is_endless":false,"potions_floor_spawned":[2,3,5,7,12,18,19,24,27,33,40],"ascension_level":10}}