{"host":"eaiphzh066bwqdh7","time":1612149444,"event":{"mods":["BaseMod","Better Note","Halation","Hubris","Minty Spire (QoL Compilation)","Reliquary","Replay The Spire","StSLib"],"gold_per_floor":[17,17,32,32,32,32,66,66,66,94,94,113,113,113,113,208,208,224,224,224,73,93,93,93,103,128,128,128,128],"floor_reached":28,"language":"ENG","playtime":682,"items_purged":[],"score":255,"play_id":"17c1097e-ab4e-41fc-8171-9b9f6649a3b9","local_time":"20210131221724","is_ascension_mode":true,"campfire_choices":[{"data":"Metamorphosis","floor":6,"key":"SMITH"},{"floor":8,"key":"REST"},{"floor":11,"key":"REST"},{"floor":13,"key":"REST"},{"data":"Streamline","floor":15,"key":"SMITH"},{"floor":23,"key":"REST"},{"floor":27,"key":"REST"}],"circlet_count":0,"master_deck":["Strike_B+1","Strike_B","Strike_B","Defend_B","Defend_B","Defend_B","Defend_B","Zap","Dualcast+1","Metamorphosis+1","Heatsinks","Streamline+1","Creative AI","Loop","Mirror Shield","Streamline+1","Static Discharge","Steam"],"relics":["Cracked Core","HornCleat","Replay:Bottled Snecko","Bag of Marbles","halation:EternalFortune","Gremlin Food","halation:Pancakes"],"acts_visited":["Exordium","TheCity"],"potions_floor_usage":[7,7,16,16,22],"damage_taken":[{"damage":12,"enemies":"Small Slimes","floor":1,"turns":3},{"damage":1,"enemies":"Cultist","floor":3,"turns":3},{"damage":16,"enemies":"Gremlin Nob","floor":7,"turns":3},{"damage":26,"enemies":"3 Sentries","floor":10,"turns":4},{"damage":7,"enemies":"Jaw Worm","floor":12,"turns":3},{"damage":27,"enemies":"Hexaghost","floor":16,"turns":8},{"damage":43,"enemies":"Chosen","floor":18,"turns":6},{"damage":12,"enemies":"Shell Parasite","floor":22,"turns":4},{"damage":39,"enemies":"Centurion and Healer","floor":25,"turns":4},{"damage":79,"enemies":"Gremlin Leader","floor":28,"turns":4}],"seed_played":"3592530595990914260","potions_obtained":[{"floor":2,"key":"SpeedPotion"},{"floor":2,"key":"LiquidBronze"},{"floor":2,"key":"Explosive Potion"},{"floor":7,"key":"Swift Potion"},{"floor":16,"key":"FocusPotion"},{"floor":18,"key":"ColorlessPotion"}],"is_trial":false,"path_per_floor":["M","?","M","$","?","R","E","R","T","E","R","M","R","?","R","B",null,"M","?","?","$","M","R","?","M","T","R","E"],"character_chosen":"DEFECT","items_purchased":["Gremlin Food"],"campfire_rested":5,"item_purchase_floors":[21],"current_hp_per_floor":[63,63,62,62,62,62,46,68,68,42,64,57,75,75,75,48,75,32,35,35,35,23,46,46,7,60,78,0,0],"gold":128,"neow_bonus":"RANDOM_COLORLESS_2","is_daily":false,"chose_seed":false,"campfire_upgraded":2,"win_rate":0.0,"timestamp":1612149444,"path_taken":["M","?","?","$","?","R","E","R","T","E","R","M","R","?","R","BOSS","M","?","?","$","?","R","?","M","T","R","E"],"items_purchased_type":["Relic"],"build_version":"2020-12-22","purchased_purges":0,"victory":false,"max_hp_per_floor":[75,75,75,75,75,75,75,75,75,75,75,75,75,75,75,75,75,75,78,78,78,78,78,78,78,78,78,78,78],"card_choices":[{"not_picked":["Master of Strategy","Violence"],"picked":"Metamorphosis","floor":0},{"not_picked":["Auto Shields","Panic Button"],"picked":"Heatsinks","floor":1},{"not_picked":["Leap","Compile Driver"],"picked":"Streamline","floor":3},{"not_picked":["Stack","BasicCrystalCard"],"picked":"Creative AI","floor":7},{"not_picked":["ReplayTheSpireMod:System Scan","Rebound","Skim"],"picked":"SKIP","floor":10},{"not_picked":["Conserve Battery","Go for the Eyes"],"picked":"Loop","floor":12},{"not_picked":["ReplayTheSpireMod:Omega Cannon","Echo Form"],"picked":"Mirror Shield","floor":16},{"not_picked":["FTL","Loop"],"picked":"Streamline+1","floor":18},{"not_picked":["Redo","Panic Button+1"],"picked":"Static Discharge","floor":22},{"not_picked":["Hologram","Aggregate"],"picked":"Steam","floor":25}],"player_experience":221459,"relics_obtained":[{"floor":7,"key":"HornCleat"},{"floor":9,"key":"Replay:Bottled Snecko"},{"floor":10,"key":"Bag of Marbles"},{"floor":26,"key":"halation:Pancakes"}],"event_choices":[{"damage_healed":0,"gold_gain":0,"player_choice":"Got Potions","damage_taken":0,"max_hp_gain":0,"max_hp_loss":0,"event_name":"Lab","floor":2,"gold_loss":0},{"damage_healed":0,"gold_gain":0,"player_choice":"Ignored","damage_taken":0,"max_hp_gain":0,"max_hp_loss":0,"event_name":"Liars Game","floor":5,"gold_loss":0},{"cards_removed":["Strike_B"],"damage_healed":0,"gold_gain":0,"player_choice":"Forget","damage_taken":0,"max_hp_gain":0,"max_hp_loss":0,"event_name":"Living Wall","floor":14,"gold_loss":0},{"damage_healed":0,"gold_gain":0,"player_choice":"Ignored","damage_taken":0,"max_hp_gain":0,"max_hp_loss":0,"event_name":"Cursed Tome","floor":24,"gold_loss":0}],"is_beta":false,"boss_relics":[{"not_picked":["Runic Pyramid","halation:Yufonium","Ectoplasm"]}],"items_purged_floors":[],"is_endless":false,"potions_floor_spawned":[7,16,18],"killed_by":"Gremlin Leader","ascension_level":3}}