{"host":"f0gpob8hq9vgebej","time":1612158226,"event":{"mods":["AchievementEnabler","BaseMod","Minty Spire (QoL Compilation)","Quick Restart","SuperFastMode"],"gold_per_floor":[360,375,386,401,106,140,140,170,170,70,70,100,100,111,111,184,184,196,496,511,521,75,75,35,35,35,35,65,85,100,133,133,204,204,221,29,44,59,79,110,121,121,145,178,178,228,248,264,264,264],"floor_reached":51,"language":"KOR","playtime":1237,"items_purged":["Strike_R","Strike_R","Strike_R","Defend_R"],"score":1414,"play_id":"ebdbf019-a0b3-40e0-b85a-75e696cf6bbd","local_time":"20210201144346","is_ascension_mode":true,"campfire_choices":[{"floor":7.0,"key":"REST"},{"floor":11.0,"key":"REST"},{"data":"Spot Weakness","floor":15.0,"key":"SMITH"},{"data":"Limit Break","floor":23.0,"key":"SMITH"},{"data":"Flex","floor":25.0,"key":"SMITH"},{"data":"Pummel","floor":27.0,"key":"SMITH"},{"data":"Defend_R","floor":32.0,"key":"PURGE"},{"data":"Strike_R","floor":42.0,"key":"PURGE"},{"data":"Strike_R","floor":45,"key":"PURGE"},{"data":"Defend_R","floor":49,"key":"PURGE"}],"circlet_count":0,"master_deck":["AscendersBane","Defend_R+1","Bash","Heavy Blade","Sword Boomerang","Spot Weakness+1","Shrug It Off","Flex+1","Pummel+1","Whirlwind","Ghostly Armor+1","Limit Break+1","Bloodletting","Shame","Reaper","Pummel","Inflame+1","Dual Wield","Doubt","Offering","Seeing Red"],"relics":["Burning Blood","OrangePellets","Regal Pillow","Du-Vu Doll","Magic Flower","Thread and Needle","Happy Flower","Cursed Key","Old Coin","Prayer Wheel","War Paint","InkBottle","Peace Pipe","Runic Pyramid","HornCleat","Vajra","Nunchaku"],"acts_visited":["Exordium","TheCity","TheBeyond"],"potions_floor_usage":[44,50],"damage_taken":[{"damage":6.0,"enemies":"Cultist","floor":1.0,"turns":4.0},{"damage":4.0,"enemies":"Small Slimes","floor":2.0,"turns":4.0},{"damage":9.0,"enemies":"Jaw Worm","floor":3.0,"turns":5.0},{"damage":21.0,"enemies":"Exordium Thugs","floor":4.0,"turns":5.0},{"damage":28.0,"enemies":"Gremlin Nob","floor":6.0,"turns":4.0},{"damage":35.0,"enemies":"Lagavulin","floor":8.0,"turns":6.0},{"damage":8.0,"enemies":"Gremlin Nob","floor":12.0,"turns":3.0},{"damage":4.0,"enemies":"Large Slime","floor":14.0,"turns":5.0},{"damage":18.0,"enemies":"Hexaghost","floor":16.0,"turns":9.0},{"damage":0.0,"enemies":"Spheric Guardian","floor":18.0,"turns":2.0},{"damage":8.0,"enemies":"Shell Parasite","floor":20.0,"turns":4.0},{"damage":8.0,"enemies":"Cultist and Chosen","floor":21.0,"turns":3.0},{"damage":6.0,"enemies":"Gremlin Leader","floor":28.0,"turns":4.0},{"damage":0.0,"enemies":"3 Cultists","floor":29.0,"turns":4.0},{"damage":7.0,"enemies":"Centurion and Healer","floor":30.0,"turns":4.0},{"damage":0.0,"enemies":"Slavers","floor":31.0,"turns":1.0},{"damage":60.0,"enemies":"Automaton","floor":33.0,"turns":8.0},{"damage":5.0,"enemies":"3 Darklings","floor":35.0,"turns":2.0},{"damage":12.0,"enemies":"3 Shapes","floor":37.0,"turns":3.0},{"damage":0.0,"enemies":"3 Darklings","floor":38.0,"turns":2.0},{"damage":15.0,"enemies":"Sphere and 2 Shapes","floor":39.0,"turns":3.0},{"damage":18.0,"enemies":"Reptomancer","floor":40.0,"turns":4.0},{"damage":0.0,"enemies":"Transient","floor":41.0,"turns":5.0},{"damage":20,"enemies":"Nemesis","floor":44,"turns":3},{"damage":0,"enemies":"Jaw Worm Horde","floor":47,"turns":3},{"damage":15,"enemies":"Maw","floor":48,"turns":3},{"damage":29,"enemies":"Donu and Deca","floor":50,"turns":3}],"seed_played":"4917246099680886246","potions_obtained":[{"floor":6.0,"key":"Fire Potion"},{"floor":12.0,"key":"EssenceOfSteel"},{"floor":16.0,"key":"LiquidBronze"},{"floor":20.0,"key":"AttackPotion"},{"floor":28.0,"key":"Ancient Potion"},{"floor":30.0,"key":"SteroidPotion"},{"floor":31.0,"key":"Fruit Juice"},{"floor":39.0,"key":"GamblersBrew"},{"floor":47,"key":"SteroidPotion"}],"is_trial":false,"path_per_floor":["M","M","M","M","$","E","R","E","T","$","R","E","?","M","R","B",null,"M","?","M","M","$","R","$","R","T","R","E","M","M","E","R","B",null,"M","$","M","M","M","E","M","R","T","E","R","?","M","M","R","B",null],"character_chosen":"IRONCLAD","items_purchased":["Shrug It Off","OrangePellets","Prayer Wheel","Bloodletting","Pummel"],"campfire_rested":2,"item_purchase_floors":[5,5,22,24,36],"current_hp_per_floor":[50,52,49,34,34,12,49,20,20,20,57,58,32,37,37,28,63,72,72,73,74,74,74,74,74,74,74,75,75,75,80,80,29,67,80,80,80,80,79,80,80,80,80,80,80,80,80,80,80,80],"gold":264,"neow_bonus":"TWO_FIFTY_GOLD","is_daily":false,"chose_seed":false,"campfire_upgraded":4,"win_rate":0.0,"timestamp":1612158226,"path_taken":["M","?","M","M","$","E","R","E","T","?","R","E","?","M","R","BOSS","M","?","M","M","$","R","?","R","T","R","E","M","M","E","R","BOSS","M","$","M","M","M","E","M","R","T","E","R","?","?","?","R","BOSS"],"items_purchased_type":["Card","Relic","Relic","Card","Card"],"build_version":"2020-12-22","purchased_purges":4,"victory":true,"max_hp_per_floor":[75,75,75,75,75,75,75,75,75,75,75,75,75,75,75,75,75,75,75,75,75,75,75,75,75,75,75,75,75,75,80,80,80,80,80,80,80,80,80,80,80,80,80,80,80,80,80,80,80,80],"card_choices":[{"not_picked":["Clothesline","Headbutt","True Grit"],"picked":"SKIP","floor":1.0},{"not_picked":["True Grit","Fire Breathing"],"picked":"Heavy Blade","floor":2.0},{"not_picked":["Twin Strike","Warcry"],"picked":"Sword Boomerang","floor":3.0},{"not_picked":["Metallicize","Clothesline"],"picked":"Spot Weakness","floor":4.0},{"not_picked":["Ghostly Armor","Clash"],"picked":"Flex","floor":6.0},{"not_picked":["Dual Wield","Exhume"],"picked":"Pummel","floor":8.0},{"not_picked":["Dual Wield","Shrug It Off"],"picked":"Whirlwind","floor":12.0},{"not_picked":["Sever Soul","Warcry"],"picked":"Ghostly Armor","floor":14.0},{"not_picked":["Juggernaut","Offering"],"picked":"Limit Break","floor":16.0},{"not_picked":["Metallicize","Sever Soul","Thunderclap"],"picked":"SKIP","floor":18.0},{"not_picked":["Sever Soul","Clothesline","Body Slam"],"picked":"SKIP","floor":20.0},{"not_picked":["Armaments","Sever Soul","Clothesline"],"picked":"SKIP","floor":21.0},{"not_picked":["Dropkick","Havoc+1","Spot Weakness"],"picked":"SKIP","floor":28.0},{"not_picked":["Flame Barrier","Twin Strike","Rage"],"picked":"SKIP","floor":29.0},{"not_picked":["Reckless Charge","Pommel Strike","Iron Wave"],"picked":"SKIP","floor":29.0},{"not_picked":["Whirlwind","Pommel Strike","Heavy Blade"],"picked":"SKIP","floor":30.0},{"not_picked":["Disarm","Second Wind+1","Twin Strike"],"picked":"SKIP","floor":30.0},{"not_picked":["Limit Break","Second Wind","Uppercut"],"picked":"SKIP","floor":31.0},{"not_picked":["Exhume","Double Tap"],"picked":"Reaper","floor":33.0},{"not_picked":["Clothesline","Flex","Uppercut"],"picked":"SKIP","floor":35.0},{"not_picked":["Clash","Dark Embrace","Flex"],"picked":"SKIP","floor":35.0},{"not_picked":["Berserk","Wild Strike+1"],"picked":"Inflame+1","floor":37.0},{"not_picked":["Sword Boomerang+1","Anger+1","Clash"],"picked":"SKIP","floor":37.0},{"not_picked":["Wild Strike","Burning Pact"],"picked":"Dual Wield","floor":38.0},{"not_picked":["Infernal Blade","Heavy Blade","Cleave"],"picked":"SKIP","floor":38.0},{"not_picked":["Flex","Anger+1","Entrench"],"picked":"SKIP","floor":39.0},{"not_picked":["Entrench","Twin Strike","Body Slam"],"picked":"SKIP","floor":39.0},{"not_picked":["Twin Strike","Spot Weakness","Sword Boomerang"],"picked":"SKIP","floor":40.0},{"not_picked":["Inflame","Flex","Sever Soul"],"picked":"SKIP","floor":41.0},{"not_picked":["Rampage","True Grit","Armaments"],"picked":"SKIP","floor":41.0},{"not_picked":["Infernal Blade","Uppercut+1"],"picked":"Offering","floor":44},{"not_picked":["Warcry","Perfected Strike","Spot Weakness"],"picked":"SKIP","floor":47},{"not_picked":["Flex","Evolve","Ghostly Armor"],"picked":"SKIP","floor":47},{"not_picked":["Sword Boomerang","Havoc"],"picked":"Seeing Red","floor":48},{"not_picked":["Iron Wave","True Grit","Spot Weakness"],"picked":"SKIP","floor":48}],"player_experience":339495,"relics_obtained":[{"floor":6.0,"key":"Regal Pillow"},{"floor":8.0,"key":"Du-Vu Doll"},{"floor":9.0,"key":"Magic Flower"},{"floor":12.0,"key":"Thread and Needle"},{"floor":26.0,"key":"War Paint"},{"floor":28.0,"key":"InkBottle"},{"floor":31.0,"key":"Peace Pipe"},{"floor":40.0,"key":"HornCleat"},{"floor":43.0,"key":"Vajra"},{"floor":44,"key":"Nunchaku"}],"event_choices":[{"damage_healed":0.0,"max_hp_gain":0.0,"max_hp_loss":0.0,"gold_gain":0.0,"event_name":"Scrap Ooze","player_choice":"Success","floor":13.0,"gold_loss":0.0,"damage_taken":26.0,"relics_obtained":["Happy Flower"]},{"damage_healed":0.0,"max_hp_gain":0.0,"max_hp_loss":0.0,"gold_gain":0.0,"event_name":"WeMeetAgain","player_choice":"Gave Potion","floor":19.0,"gold_loss":0.0,"damage_taken":0.0,"relics_obtained":["Old Coin"]},{"damage_healed":0,"gold_gain":50,"player_choice":"Pray","damage_taken":0,"max_hp_gain":0,"max_hp_loss":0,"event_name":"Golden Shrine","floor":46,"gold_loss":0}],"is_beta":false,"boss_relics":[{"not_picked":["SacredBark","Tiny House"],"picked":"Cursed Key"},{"not_picked":["SlaversCollar","Black Blood"],"picked":"Runic Pyramid"}],"items_purged_floors":[5,10,22,36],"is_endless":false,"potions_floor_spawned":[6,12,16,20,28,30,31,39,47,48],"ascension_level":16}}