{"host":"lq2h7q9ca6uwu60x","time":1612169931,"event":{"mods":["Act Like it!","BaseMod","Gensokyo","Marisa£®ÏF”Í°°ƒß¿Ì…≥£©","Minty Spire (QoL Compilation)","Reimu£®≤©¿ˆ¡È√Œ£©","StSLib","Youmu£®ªÍ∆«—˝√Œ£©"],"gold_per_floor":[119,119,44,44,44,73,73,100,100,134,160,172,172],"floor_reached":12,"language":"ZHS","playtime":300,"items_purged":["Strike_B"],"score":164,"play_id":"78e96048-a192-4612-92b3-03a002cb1187","local_time":"20210201165851","is_ascension_mode":true,"campfire_choices":[{"floor":7,"key":"RECALL"}],"circlet_count":0,"master_deck":["Strike_B","Strike_B","Strike_B","Defend_B","Defend_B","Defend_B","Defend_B","Zap","Dualcast","Injury","Storm"],"relics":["Cracked Core","NeowsBlessing","Art of War","Gensokyo:PortableGap","Ancient Tea Set","Juzu Bracelet","HornCleat","Akabeko","MawBank"],"acts_visited":["Exordium"],"potions_floor_usage":[10],"damage_taken":[{"damage":0,"enemies":"Gensokyo:Python","floor":1,"turns":1},{"damage":0,"enemies":"Gensokyo:Cirno","floor":6,"turns":2},{"damage":0,"enemies":"Gensokyo:Mamizou","floor":8,"turns":2},{"damage":31,"enemies":"Gensokyo:Cirno","floor":10,"turns":7},{"damage":16,"enemies":"Gensokyo:Aya","floor":12,"turns":5}],"seed_played":"4068006873609919742","potions_obtained":[{"floor":8,"key":"Weak Potion"},{"floor":10,"key":"Dexterity Potion"}],"is_trial":false,"path_per_floor":["M","?","$","?","?","E","R","E","T","E","T","E"],"character_chosen":"DEFECT","items_purchased":[],"campfire_rested":0,"item_purchase_floors":[],"current_hp_per_floor":[75,75,75,68,55,55,55,55,55,24,24,8,8],"gold":172,"neow_bonus":"THREE_ENEMY_KILL","is_daily":false,"chose_seed":false,"campfire_upgraded":0,"win_rate":0.0,"timestamp":1612169931,"path_taken":["M","?","?","?","?","E","R","E","T","E","?","E"],"items_purchased_type":[],"build_version":"2020-12-22","purchased_purges":1,"victory":false,"max_hp_per_floor":[75,75,75,68,68,68,68,68,68,68,68,68,68],"card_choices":[{"not_picked":["Compile Driver","Leap","Ball Lightning"],"picked":"SKIP","floor":1},{"not_picked":["Stack","Steam"],"picked":"Storm","floor":6},{"not_picked":["Recycle","Rebound","Aggregate"],"picked":"SKIP","floor":8},{"not_picked":["Recycle","Rebound","Aggregate"],"picked":"SKIP","floor":8},{"not_picked":["Ball Lightning","Coolheaded","Leap"],"picked":"SKIP","floor":10}],"player_experience":1041030,"relics_obtained":[{"floor":6,"key":"Juzu Bracelet"},{"floor":8,"key":"HornCleat"},{"floor":10,"key":"Akabeko"},{"floor":11,"key":"MawBank"}],"event_choices":[],"is_beta":false,"boss_relics":[],"items_purged_floors":[3],"is_endless":false,"potions_floor_spawned":[8,10],"killed_by":"Gensokyo:Aya","ascension_level":4}}