{"host":"8p5c6x4qt9411139","time":1612141990,"event":{"mods":["Aspiration","BaseMod","BetterRewards","Friendly Minions","Hubris","Infinite Spire","Minty Spire (QoL Compilation)","Quick Restart","Relic Stats","Replay The Spire","Shop Mod","StSLib","The Jungle"],"gold_per_floor":[116,47,63,83,134,134,147,181,206,225,225,280,300,35,35,35,146,146,179,24,58,58,58,111,210,210,210,210,210,239,281,293,336,348,507,519,545,183,210,247,267,267,303,303,326,344,344,371,404,404,404,408],"floor_reached":53,"language":"ENG","playtime":1936,"items_purged":[],"score":729,"play_id":"bd9975eb-ca57-4133-9d0a-9786642d19cd","local_time":"20210131171310","daily_mods":["SealedDeck","Vintage","Heirloom"],"is_ascension_mode":false,"campfire_choices":[{"data":"Crippling Poison","floor":6.0,"key":"SMITH"},{"data":"Footwork","floor":11.0,"key":"SMITH"},{"data":"ReplayTheSpireMod:Scrap Shanks","floor":15.0,"key":"SMITH"},{"data":"Storm of Steel","floor":16.0,"key":"SMITH"},{"data":"Bouncing Flask","floor":26.0,"key":"SMITH"},{"data":"Footwork","floor":32.0,"key":"SMITH"},{"data":"Footwork","floor":34.0,"key":"SMITH"},{"data":"infinitespire:Neurotoxin","floor":42.0,"key":"SMITH"}],"circlet_count":0,"master_deck":["Bane+1","Dodge and Roll","Acrobatics","Flying Knee","Footwork+1","Footwork+1","Blade Dance","Poisoned Stab+1","Deadly Poison+1","Deadly Poison+1","Crippling Poison+1","Cloak And Dagger","Replay:Poison Smokescreen+1","Bouncing Flask+1","Accuracy","Backflip","Footwork+1","infinitespire:Neurotoxin+1","infinitespire:Gouge"],"relics":["Ring of the Snake","replay:Trail_Library","aspiration:DSix","hubris:OldNail","Whetstone","Replay:Accelerometer","infinitespire:FocusingShard","Gremlin Food","Mango","Snake Skull","Happy Flower","Replay:Bandana","Painkiller Herb","hubris:PeanutButter","Replay:Wax Seal","Pen Nib","hubris:DisguiseKit","Pet Ghost","Meat on the Bone","hubris:ToyBattleship","WristBlade","Lantern","hubris:TinFlute","MerchantsRug","Question Card","Anchor","Replay:Bottled Eggs","Tingsha","ReplayTheSpireMod:Lightbulb","hubris:Spice","aspiration:VileToxins","Black Star","Pantograph","hubris:CrystalStatue","aspiration:HiddenCompartment"],"acts_visited":["Exordium","TheCity","TheBeyond"],"potions_floor_usage":[52],"damage_taken":[{"damage":11.0,"enemies":"Jaw Worm","floor":1.0,"turns":2.0},{"damage":0.0,"enemies":"2 Louse","floor":3.0,"turns":2.0},{"damage":0.0,"enemies":"Small Slimes","floor":4.0,"turns":2.0},{"damage":8.0,"enemies":"2 Fungi Beasts","floor":7.0,"turns":2.0},{"damage":13.0,"enemies":"Lagavulin","floor":8.0,"turns":4.0},{"damage":9.0,"enemies":"Red Slaver","floor":10.0,"turns":3.0},{"damage":12.0,"enemies":"Blue Slaver","floor":13.0,"turns":2.0},{"damage":0.0,"enemies":"Fading Forest","floor":17.0,"turns":12.0},{"damage":1.0,"enemies":"Chosen","floor":19.0,"turns":3.0},{"damage":0.0,"enemies":"Shell Parasite","floor":21.0,"turns":2.0},{"damage":21.0,"enemies":"Slavers","floor":24.0,"turns":4.0},{"damage":0.0,"enemies":"Snecko","floor":30.0,"turns":3.0},{"damage":17.0,"enemies":"Gremlin Leader","floor":31.0,"turns":4.0},{"damage":2.0,"enemies":"Cultist and Chosen","floor":33.0,"turns":4.0},{"damage":24.0,"enemies":"hubris:MusketHawk","floor":35.0,"turns":5.0},{"damage":12.0,"enemies":"3 Shapes","floor":37.0,"turns":4.0},{"damage":5.0,"enemies":"3 Darklings","floor":39.0,"turns":4.0},{"damage":0.0,"enemies":"Transient","floor":40.0,"turns":5.0},{"damage":27.0,"enemies":"Writhing Mass","floor":41.0,"turns":5.0},{"damage":2.0,"enemies":"4 Shapes","floor":43.0,"turns":3.0},{"damage":0.0,"enemies":"3 Darklings","floor":46.0,"turns":3.0},{"damage":16.0,"enemies":"Maw","floor":48.0,"turns":4.0},{"damage":21.0,"enemies":"Nemesis","floor":49.0,"turns":5.0},{"damage":0,"enemies":"Replay:Hell Engine","floor":52,"turns":5}],"seed_played":"-6555075869568998617","potions_obtained":[{"floor":1.0,"key":"EntropicBrew"},{"floor":8.0,"key":"Energy Potion"},{"floor":10.0,"key":"Energy Potion"},{"floor":21.0,"key":"ColorlessPotion"},{"floor":24.0,"key":"Energy Potion"},{"floor":35.0,"key":"EssenceOfSteel"},{"floor":39.0,"key":"EssenceOfSteel"},{"floor":43.0,"key":"Elixir"}],"is_trial":true,"path_per_floor":["M","$","M","M","?","R","M","E","T","M","R","?","M","$","R","R","B",null,"?","T","?","T","?","E","?","T","T","T","?","?","E","T","?","T","B",null,"?","T","?","?","?","T","?","?","T","?","AVR","?","E","?","T","B",null],"character_chosen":"THE_SILENT","items_purchased":["Crippling Poison","Bouncing Flask","ReplayTheSpireMod:Scrap Shanks","Storm of Steel","Accuracy","Replay:Wax Seal","Lantern","hubris:TinFlute","MerchantsRug"],"campfire_rested":0,"item_purchase_floors":[2,14,14,14,20,20,38,38,38],"current_hp_per_floor":[59,59,59,59,59,59,51,52,52,43,43,43,31,31,31,31,51,84,83,83,83,83,83,62,62,62,62,62,62,62,45,45,43,43,31,84,72,72,67,67,52,52,50,50,50,58,58,54,45,45,45,70],"gold":408,"neow_bonus":"","is_daily":false,"chose_seed":false,"campfire_upgraded":8,"win_rate":0.0,"timestamp":1612141990,"path_taken":["M","$","M","M","?","R","M","E","T","M","R","?","M","$","R","R","BOSS","?","T","?","T","?","E","?","T","T","T","?","?","E","T","?","T","BOSS","?","T","?","?","?","T","?","?","T","?","AVR","?","E","?","T","BOSS"],"items_purchased_type":["Card","Card","Card","Card","Card","Relic","Relic","Relic","Relic"],"build_version":"2020-12-22","purchased_purges":0,"victory":true,"max_hp_per_floor":[70,70,70,70,70,70,70,84,84,84,84,84,84,84,84,84,84,84,84,84,84,84,84,84,84,84,84,84,84,84,84,84,84,84,84,84,84,84,84,84,84,84,84,80,80,88,88,88,88,88,88,88],"relic_stats":{"Happy Flower":[25],"counters":[24,92],"Pantograph":25,"Tingsha":[1],"Snake Skull":[194],"Pen Nib":[12],"Black Star":1,"Whetstone":["Poisoned Stab","Bane"],"Question Card":2,"obtain_stats":[{"Replay:Accelerometer":4,"Lantern":38,"hubris:CrystalStatue":49,"Mango":8,"Painkiller Herb":18,"Snake Skull":9,"Whetstone":3,"Pet Ghost":28,"Replay:Bandana":13,"WristBlade":36,"Pantograph":48,"Replay:Wax Seal":20,"Replay:Bottled Eggs":41,"aspiration:DSix":0,"hubris:TinFlute":38,"Ring of the Snake":0,"replay:Trail_Library":0,"Gremlin Food":7,"aspiration:VileToxins":47,"hubris:DisguiseKit":27,"MerchantsRug":38,"Happy Flower":10,"hubris:DuctTape":37,"Tingsha":43,"infinitespire:FocusingShard":5,"Pen Nib":21,"MawBank":31,"Question Card":39,"aspiration:HiddenCompartment":49,"Anchor":40,"hubris:Spice":46,"hubris:PeanutButter":19,"hubris:ToyBattleship":33,"Black Star":47,"StrikeDummy":24,"ReplayTheSpireMod:Lightbulb":45,"hubris:OldNail":1,"Meat on the Bone":30},{"Replay:Accelerometer":3,"Lantern":16,"hubris:CrystalStatue":23,"Mango":5,"Painkiller Herb":8,"Snake Skull":5,"Whetstone":2,"Pet Ghost":11,"Replay:Bandana":7,"WristBlade":15,"Pantograph":22,"Replay:Wax Seal":9,"Replay:Bottled Eggs":19,"aspiration:DSix":0,"hubris:TinFlute":16,"Ring of the Snake":0,"replay:Trail_Library":0,"Gremlin Food":4,"aspiration:VileToxins":21,"hubris:DisguiseKit":11,"MerchantsRug":16,"Happy Flower":6,"hubris:DuctTape":16,"Tingsha":20,"infinitespire:FocusingShard":3,"Pen Nib":10,"MawBank":13,"Question Card":17,"aspiration:HiddenCompartment":23,"Anchor":18,"hubris:Spice":21,"hubris:PeanutButter":9,"hubris:ToyBattleship":14,"Black Star":21,"StrikeDummy":11,"ReplayTheSpireMod:Lightbulb":20,"hubris:OldNail":1,"Meat on the Bone":12},{"Replay:Accelerometer":6,"Lantern":58,"hubris:CrystalStatue":87,"Mango":12,"Painkiller Herb":29,"Snake Skull":12,"Whetstone":4,"Pet Ghost":38,"Replay:Bandana":17,"WristBlade":54,"Pantograph":82,"Replay:Wax Seal":32,"Replay:Bottled Eggs":72,"aspiration:DSix":0,"hubris:TinFlute":58,"Ring of the Snake":0,"replay:Trail_Library":0,"Gremlin Food":8,"aspiration:VileToxins":78,"hubris:DisguiseKit":38,"MerchantsRug":58,"Happy Flower":15,"hubris:DuctTape":58,"Tingsha":75,"infinitespire:FocusingShard":6,"Pen Nib":34,"MawBank":45,"Question Card":62,"aspiration:HiddenCompartment":87,"Anchor":67,"hubris:Spice":78,"hubris:PeanutButter":32,"hubris:ToyBattleship":49,"Black Star":78,"StrikeDummy":38,"ReplayTheSpireMod:Lightbulb":75,"hubris:OldNail":2,"Meat on the Bone":41}],"Ring of the Snake":[48],"Meat on the Bone":48},"card_choices":[{"not_picked":["hubris:SlightOfHand","Flying Knee"],"picked":"Cloak And Dagger","floor":5.0},{"not_picked":["Hidden Blade","Outmaneuver","Infinite Blades"],"picked":"SKIP","floor":8.0},{"not_picked":["Cloak And Dagger+1","PiercingWail"],"picked":"Backflip","floor":24.0},{"not_picked":["Backflip+1","Deflect","Infinite Blades+1","Uppercut"],"picked":"SKIP","floor":31.0},{"not_picked":["Wraith Form v2","Venomology","Exhume"],"picked":"infinitespire:Neurotoxin","floor":35.0},{"not_picked":["Underhanded Strike","Bane+1","A Thousand Cuts","Acrobatics+1","ReplayTheSpireMod:Strike From Hell"],"picked":"SKIP","floor":49.0}],"player_experience":411908,"relics_obtained":[{"floor":1.0,"key":"hubris:OldNail"},{"floor":3.0,"key":"Whetstone"},{"floor":4.0,"key":"Replay:Accelerometer"},{"floor":5.0,"key":"infinitespire:FocusingShard"},{"floor":7.0,"key":"Gremlin Food"},{"floor":8.0,"key":"Mango"},{"floor":9.0,"key":"Snake Skull"},{"floor":10.0,"key":"Happy Flower"},{"floor":13.0,"key":"Replay:Bandana"},{"floor":19.0,"key":"hubris:PeanutButter"},{"floor":21.0,"key":"Pen Nib"},{"floor":24.0,"key":"StrikeDummy"},{"floor":27.0,"key":"hubris:DisguiseKit"},{"floor":28.0,"key":"Pet Ghost"},{"floor":30.0,"key":"Meat on the Bone"},{"floor":31.0,"key":"MawBank"},{"floor":33.0,"key":"hubris:ToyBattleship"},{"floor":37.0,"key":"hubris:DuctTape"},{"floor":39.0,"key":"Question Card"},{"floor":40.0,"key":"Anchor"},{"floor":41.0,"key":"Replay:Bottled Eggs"},{"floor":43.0,"key":"Tingsha"},{"floor":45.0,"key":"ReplayTheSpireMod:Lightbulb"},{"floor":46.0,"key":"hubris:Spice"},{"floor":48.0,"key":"Pantograph"},{"floor":49.0,"key":"hubris:CrystalStatue"},{"floor":49.0,"key":"aspiration:HiddenCompartment"}],"event_choices":[{"damage_healed":0.0,"max_hp_gain":0.0,"max_hp_loss":0.0,"gold_gain":55.0,"event_name":"Golden Wing","player_choice":"Gained Gold","floor":12.0,"gold_loss":0.0,"damage_taken":0.0},{"damage_healed":0.0,"max_hp_gain":0.0,"max_hp_loss":0.0,"gold_gain":0.0,"event_name":"Vampires","player_choice":"Ignored","floor":23.0,"gold_loss":0.0,"damage_taken":0.0},{"damage_healed":0.0,"max_hp_gain":0.0,"max_hp_loss":0.0,"gold_gain":99.0,"event_name":"Nest","player_choice":"Stole From Cult","floor":25.0,"gold_loss":0.0,"damage_taken":0.0},{"damage_healed":0.0,"max_hp_gain":0.0,"max_hp_loss":0.0,"gold_gain":0.0,"event_name":"Upgrade Shrine","player_choice":"Upgraded","floor":29.0,"gold_loss":0.0,"damage_taken":0.0,"cards_upgraded":["Deadly Poison"]},{"damage_healed":0.0,"max_hp_gain":0.0,"max_hp_loss":4.0,"gold_gain":0.0,"event_name":"Winding Halls","player_choice":"Max HP","floor":44.0,"gold_loss":0.0,"damage_taken":0.0},{"damage_healed":0.0,"max_hp_gain":0.0,"max_hp_loss":0.0,"gold_gain":0.0,"event_name":"Accursed Blacksmith","player_choice":"Forge","floor":50.0,"gold_loss":0.0,"damage_taken":0.0,"cards_upgraded":["Replay:Poison Smokescreen"]},{"damage_healed":0.0,"max_hp_gain":0.0,"max_hp_loss":0.0,"gold_gain":0.0,"event_name":"The Woman in Blue","player_choice":"Bought 0 Potions","floor":51.0,"gold_loss":0.0,"damage_taken":0.0}],"is_beta":false,"boss_relics":[{"not_picked":["Velvet Choker","SacredBark"],"picked":"Painkiller Herb"},{"not_picked":["Empty Cage","hubris:BlackHole"],"picked":"WristBlade"}],"items_purged_floors":[],"is_endless":false,"potions_floor_spawned":[1,8,10,13,21,24,35,39,43,46,48],"ascension_level":0}}