{"host":"if46sxignvy4ka0k","time":1612154235,"event":{"mods":["BaseMod","Minty Spire (QoL Compilation)","StSLib","The Cursed"],"gold_per_floor":[110,121,121,121,121,151,166,166,166,178,190,0,0,14,14,114,114,128,141,155,68,68,68,94,94,120,120,130,146,165,175,175,278,278,293,303,351,351,401,401,417,427,427,427,446,141,151,151,151,151,151],"floor_reached":50,"language":"ENG","playtime":2539,"items_purged":["Regret","Coolheaded"],"score":545,"play_id":"410a1bc9-67f5-42fc-a545-008249dff77b","local_time":"20210131223715","is_ascension_mode":false,"campfire_choices":[{"floor":8,"key":"REST"},{"data":"Redo","floor":13,"key":"SMITH"},{"floor":15,"key":"REST"},{"data":"Static Discharge","floor":23,"key":"SMITH"},{"data":"Rainbow","floor":27,"key":"SMITH"},{"floor":32,"key":"REST"},{"floor":40,"key":"REST"},{"floor":49,"key":"REST"}],"circlet_count":0,"master_deck":["Zap+1","Dualcast","Rebound","Rebound","Doom and Gloom","Gash","Cold Snap","Redo+1","Capacitor","Rainbow+1","CurseOfTheBell","Glacier","Static Discharge+1","Gash","Barrage","Defragment","Self Repair","Glacier","Storm+1","Defragment","Storm+1","Bandage Up"],"relics":["Cracked Core","Lantern","Singing Bowl","Membership Card","Calling Bell","Ancient Tea Set","Mercury Hourglass","TungstenRod","Enchiridion","Pear","Nloth\u0027s Gift","Potion Belt","Pandora\u0027s Box","Shovel","StoneCalendar","DollysMirror","Blood Vial"],"acts_visited":["Exordium","TheCity","TheBeyond"],"potions_floor_usage":[16,28,28,31,33,37,37,37,37,37,37,37,37,45,47,48],"damage_taken":[{"damage":3,"enemies":"Small Slimes","floor":1,"turns":3},{"damage":4,"enemies":"2 Louse","floor":2,"turns":2},{"damage":39,"enemies":"Lagavulin","floor":6,"turns":4},{"damage":0,"enemies":"Cultist","floor":7,"turns":2},{"damage":4,"enemies":"2 Fungi Beasts","floor":10,"turns":2},{"damage":11,"enemies":"Blue Slaver","floor":11,"turns":3},{"damage":21,"enemies":"Exordium Thugs","floor":14,"turns":3},{"damage":19,"enemies":"Hexaghost","floor":16,"turns":7},{"damage":2,"enemies":"Chosen","floor":18,"turns":4},{"damage":15,"enemies":"Shell Parasite","floor":19,"turns":4},{"damage":7,"enemies":"Snake Plant","floor":20,"turns":4},{"damage":0,"enemies":"Gremlin Leader","floor":24,"turns":5},{"damage":0,"enemies":"Chosen and Byrds","floor":28,"turns":4},{"damage":16,"enemies":"3 Cultists","floor":29,"turns":4},{"damage":0,"enemies":"Cultist and Chosen","floor":30,"turns":6},{"damage":19,"enemies":"Shelled Parasite and Fungi","floor":31,"turns":5},{"damage":57,"enemies":"Automaton","floor":33,"turns":11},{"damage":44,"enemies":"3 Darklings","floor":35,"turns":4},{"damage":27,"enemies":"Orb Walker","floor":36,"turns":4},{"damage":48,"enemies":"2 Orb Walkers","floor":37,"turns":4},{"damage":0,"enemies":"Mind Bloom Boss Battle","floor":39,"turns":4},{"damage":14,"enemies":"Transient","floor":41,"turns":5},{"damage":24,"enemies":"4 Shapes","floor":42,"turns":3},{"damage":28,"enemies":"Maw","floor":45,"turns":7},{"damage":10,"enemies":"Spire Growth","floor":47,"turns":3},{"damage":0,"enemies":"4 Shapes","floor":48,"turns":1},{"damage":65,"enemies":"Time Eater","floor":50,"turns":5}],"seed_played":"7655143667841473767","potions_obtained":[{"floor":2,"key":"DuplicationPotion"},{"floor":5,"key":"PowerPotion"},{"floor":5,"key":"ColorlessPotion"},{"floor":16,"key":"SpeedPotion"},{"floor":28,"key":"SpeedPotion"},{"floor":29,"key":"FearPotion"},{"floor":33,"key":"ColorlessPotion"},{"floor":35,"key":"Dexterity Potion"},{"floor":36,"key":"EntropicBrew"},{"floor":41,"key":"DistilledChaos"}],"is_trial":false,"path_per_floor":["M","M","?","?","?","E","M","R","T","M","M","$","R","M","R","B",null,"M","M","M","$","?","R","E","?","T","R","M","M","M","M","R","B",null,"M","M","?","?","?","R","M","M","T","?","M","$","M","M","R","B"],"character_chosen":"DEFECT","items_purchased":["Membership Card","Capacitor","Static Discharge","Gash","Defragment","DollysMirror","Bandage Up","Blood Vial","ColorlessPotion"],"campfire_rested":5,"item_purchase_floors":[12,12,21,21,46,46,46,46,46],"current_hp_per_floor":[72,68,68,68,68,29,29,51,51,47,38,38,38,19,42,23,79,77,64,57,57,45,45,55,55,55,55,55,39,41,38,66,18,97,62,44,17,19,28,60,55,38,38,38,17,17,15,17,50,0,0],"gold":151,"neow_bonus":"THREE_CARDS","is_daily":false,"chose_seed":false,"campfire_upgraded":3,"win_rate":0.0,"timestamp":1612154235,"path_taken":["M","M","?","?","?","E","M","R","T","M","?","$","R","M","R","BOSS","M","M","M","$","?","R","E","?","T","R","?","?","M","M","R","BOSS","M","M","?","?","?","R","M","M","T","?","?","$","M","M","R","BOSS"],"items_purchased_type":["Relic","Card","Card","Card","Card","Relic","Card","Relic","Potion"],"build_version":"2020-12-22","purchased_purges":2,"victory":false,"max_hp_per_floor":[75,75,75,75,75,75,75,75,75,75,77,77,77,79,79,79,79,79,81,81,81,81,81,91,91,91,91,91,91,93,95,95,97,97,99,101,103,105,107,107,109,109,109,109,109,109,111,111,111,111,111],"card_choices":[{"not_picked":["Heatsinks","Go for the Eyes"],"picked":"Rebound","floor":0},{"not_picked":["Beam Cell","Hologram"],"picked":"Rebound","floor":1},{"not_picked":["Conserve Battery","Consume"],"picked":"Doom and Gloom","floor":2},{"not_picked":["Sweeping Beam","Streamline"],"picked":"Gash","floor":6},{"not_picked":["Ball Lightning","Turbo"],"picked":"Cold Snap","floor":7},{"not_picked":["Steam","FTL"],"picked":"Redo","floor":10},{"not_picked":["Reprogram","Lockon","Beam Cell"],"picked":"Singing Bowl","floor":11},{"not_picked":["Doom and Gloom","Compile Driver","Stack"],"picked":"Singing Bowl","floor":14},{"not_picked":["Buffer","Biased Cognition"],"picked":"Rainbow","floor":16},{"not_picked":["Darkness","Stack+1"],"picked":"Coolheaded","floor":18},{"not_picked":["Coolheaded","Beam Cell","Auto Shields"],"picked":"Singing Bowl","floor":19},{"not_picked":["Ball Lightning+1","Chaos"],"picked":"Glacier","floor":20},{"not_picked":["Machine Learning","Heatsinks"],"picked":"Barrage","floor":24},{"not_picked":["Rainbow","Coolheaded"],"picked":"Defragment","floor":28},{"not_picked":["Gash","Streamline"],"picked":"Self Repair","floor":29},{"not_picked":["Rebound","Streamline","Redo"],"picked":"Singing Bowl","floor":30},{"not_picked":["Recycle+1","Go for the Eyes","Leap"],"picked":"Singing Bowl","floor":31},{"not_picked":["Fission","Hyperbeam","Rainbow"],"picked":"Singing Bowl","floor":33},{"not_picked":["Recycle","Blizzard+1","Reprogram+1"],"picked":"Singing Bowl","floor":35},{"not_picked":["Beam Cell","Hologram","Recycle"],"picked":"Singing Bowl","floor":36},{"not_picked":["Rebound","Sweeping Beam","Leap+1"],"picked":"Singing Bowl","floor":37},{"not_picked":["Secret Weapon","PanicButton","Dramatic Entrance"],"picked":"Singing Bowl","floor":38},{"not_picked":["Recycle+1","Gash+1","Skim+1"],"picked":"Singing Bowl","floor":39},{"not_picked":["Go for the Eyes+1","Beam Cell+1","Barrage"],"picked":"Singing Bowl","floor":41},{"not_picked":["Streamline+1","Beam Cell+1"],"picked":"Glacier","floor":42},{"not_picked":["Cold Snap","Coolheaded+1"],"picked":"Storm+1","floor":45},{"not_picked":["Leap+1","Rebound+1","Glacier+1"],"picked":"Singing Bowl","floor":47}],"player_experience":2123377,"relics_obtained":[{"floor":6,"key":"Singing Bowl"},{"floor":9,"key":"Shuriken"},{"floor":17,"key":"Ancient Tea Set"},{"floor":17,"key":"Mercury Hourglass"},{"floor":17,"key":"TungstenRod"},{"floor":22,"key":"Enchiridion"},{"floor":24,"key":"Pear"},{"floor":26,"key":"Potion Belt"},{"floor":37,"key":"Shovel"},{"floor":39,"key":"StoneCalendar"}],"event_choices":[{"damage_healed":0,"gold_gain":0,"player_choice":"Grow","damage_taken":0,"max_hp_gain":0,"max_hp_loss":0,"event_name":"Living Wall","floor":3,"gold_loss":0,"cards_upgraded":["Zap"]},{"damage_healed":0,"gold_gain":0,"player_choice":"Box","damage_taken":0,"relics_obtained":["Lantern"],"max_hp_gain":0,"max_hp_loss":0,"event_name":"Big Fish","floor":4,"gold_loss":0,"cards_obtained":["Regret"]},{"damage_healed":0,"gold_gain":0,"player_choice":"Got Potions","damage_taken":0,"max_hp_gain":0,"max_hp_loss":0,"event_name":"Lab","floor":5,"gold_loss":0},{"damage_healed":0,"gold_gain":0,"player_choice":"Obtained Book","damage_taken":16,"max_hp_gain":0,"max_hp_loss":0,"event_name":"Cursed Tome","floor":22,"gold_loss":0},{"damage_healed":0,"gold_gain":0,"player_choice":"Traded Relic","damage_taken":0,"relics_obtained":["Nloth\u0027s Gift"],"max_hp_gain":0,"max_hp_loss":0,"event_name":"N\u0027loth","floor":25,"relics_lost":["Shuriken"],"gold_loss":0},{"damage_healed":0,"gold_gain":0,"player_choice":"Fight","damage_taken":0,"max_hp_gain":0,"max_hp_loss":0,"event_name":"Mysterious Sphere","floor":37,"gold_loss":0},{"damage_healed":0,"gold_gain":0,"player_choice":"Memory 1","damage_taken":0,"max_hp_gain":0,"max_hp_loss":0,"event_name":"SensoryStone","floor":38,"gold_loss":0},{"damage_healed":0,"gold_gain":0,"player_choice":"Fight","damage_taken":0,"max_hp_gain":0,"max_hp_loss":0,"event_name":"MindBloom","floor":39,"gold_loss":0},{"damage_healed":0,"gold_gain":0,"player_choice":"Ignored","damage_taken":0,"max_hp_gain":0,"max_hp_loss":0,"event_name":"Tomb of Lord Red Mask","floor":44,"gold_loss":0}],"is_beta":false,"boss_relics":[{"not_picked":["Busted Crown","Runic Dome"],"picked":"Calling Bell"},{"not_picked":["SacredBark","Runic Pyramid"],"picked":"Pandora\u0027s Box"}],"items_purged_floors":[21,46],"is_endless":false,"potions_floor_spawned":[2,10,16,20,28,29,33,35,36,41,48],"killed_by":"Time Eater","ascension_level":0}}