{"host":"o3b7ow6d1xe49css","time":1612140080,"event":{"mods":["Act Like it!","Aspiration","BaseMod","Bestiary","Better Altar","Better Match","Better Note","Better Sensory Stone","Better Skull","Better Third Choice","Colored Powertips","Conspire","Energized Spire","Force Act Four","GifTheSpireLib","Halation","Hermit","Hubris","Infinite Spire","Lobotomy","Minty Spire (QoL Compilation)","Quick Restart","Rare Cards Sparkle","Relic Filter Mod","Reliquary","Replay The Spire","Spicy Shops","Spikes Relics","Spire Arcade","StSLib","Stuff the Spire","The Blue Laboratory","Wandering Minibosses"],"gold_per_floor":[109,128,147,147,158,184,195,195,195,222,238,254,273,1,1,106,106,106,106],"floor_reached":18,"language":"ENG","playtime":701,"items_purged":["hermit:Strike_Hermit"],"score":226,"play_id":"be5c2e76-983f-45fb-b4c6-130244890fb6","local_time":"20210131154120","daily_mods":["Heirloom","Flight"],"is_ascension_mode":false,"campfire_choices":[{"data":"hermit:TakeAim","floor":8,"key":"SMITH"},{"floor":15,"key":"REST"}],"circlet_count":0,"master_deck":["hermit:Strike_Hermit","hermit:Strike_Hermit","hermit:Strike_Hermit","hermit:Defend_Hermit","hermit:Defend_Hermit","hermit:Defend_Hermit","hermit:Defend_Hermit","hermit:Snapshot","hermit:Covet","UniverseFragment","hermit:CursedWeapon","OldLady","hermit:TakeAim+1","hermit:Glare","Scorched","hermit:Horror","OSAHOGD","hermit:Snipe","hermit:WideOpen","hermit:Snipe","hermit:Headshot","hermit:Dive","hermit:RoundhouseKick"],"relics":["hermit:Momento","Ring of Chaos","CogitoBucket","hubris:Spice","SkinProphecy","reliquary:PartyBalloon","StuffTheSpire:Wildfire","Orrery","aspiration:IroncladSkillbook"],"acts_visited":["Exordium","TheCity"],"potions_floor_usage":[10,16,18],"damage_taken":[{"damage":1,"enemies":"Cultist","floor":1,"turns":3},{"damage":2,"enemies":"Small Slimes","floor":2,"turns":2},{"damage":3,"enemies":"Jaw Worm","floor":3,"turns":2},{"damage":2,"enemies":"Lots of Slimes","floor":5,"turns":3},{"damage":15,"enemies":"3 Sentries","floor":6,"turns":8},{"damage":0,"enemies":"2 Fungi Beasts","floor":7,"turns":2},{"damage":15,"enemies":"Gremlin Nob","floor":10,"turns":3},{"damage":0,"enemies":"3 Louse","floor":11,"turns":2},{"damage":2,"enemies":"Exordium Thugs","floor":12,"turns":2},{"damage":5,"enemies":"Lots of Slimes","floor":13,"turns":2},{"damage":40,"enemies":"The Guardian","floor":16,"turns":7},{"damage":94,"enemies":"Chosen","floor":18,"turns":6}],"seed_played":"-5224872880517020915","potions_obtained":[{"floor":5,"key":"conspire:TimeTravelPotion"},{"floor":6,"key":"Ancient Potion"},{"floor":7,"key":"BlessingOfTheForge"},{"floor":12,"key":"Swift Potion"}],"is_trial":true,"path_per_floor":["M","M","M","?","M","E","M","R","T","E","M","M","M","$","R","B",null,"M"],"character_chosen":"HERMIT","items_purchased":["hermit:WideOpen","Orrery"],"campfire_rested":1,"item_purchase_floors":[14,14],"current_hp_per_floor":[82,80,77,77,75,76,76,76,76,57,53,47,38,38,70,42,109,7,7],"gold":106,"neow_bonus":"","is_daily":false,"chose_seed":false,"campfire_upgraded":1,"win_rate":0.0,"timestamp":1612140080,"path_taken":["M","M","M","?","M","E","M","R","T","E","M","M","M","$","R","BOSS","M"],"items_purchased_type":["Card","Relic"],"build_version":"2020-12-22","purchased_purges":1,"victory":false,"max_hp_per_floor":[83,83,83,83,83,99,99,99,99,101,103,105,107,107,107,109,109,113,113],"card_choices":[{"not_picked":["CrumblingArmor","MHz"],"picked":"UniverseFragment","floor":1},{"not_picked":["hermit:ItchyTrigger","hermit:Combo"],"picked":"hermit:CursedWeapon","floor":1},{"not_picked":["Woodsman","DreamingCurrent"],"picked":"OldLady","floor":2},{"not_picked":["hermit:Manifest","hermit:Adapt","hermit:ItchyTrigger"],"picked":"SKIP","floor":2},{"not_picked":["RedShoes","OSAHOGD","Bloodbath"],"picked":"Singing Bowl","floor":3},{"not_picked":["hermit:ShadowCloak","hermit:Cheat"],"picked":"hermit:TakeAim","floor":3},{"not_picked":["CrumblingArmor","Yin","HeroicMonk"],"picked":"Singing Bowl","floor":5},{"not_picked":["hermit:LowProfile","hermit:Midnight"],"picked":"hermit:Glare","floor":5},{"not_picked":["Freischutz","HeroicMonk"],"picked":"Scorched","floor":6},{"not_picked":["hermit:Scavenge","hermit:LoneWolf"],"picked":"hermit:Horror","floor":6},{"not_picked":["SpiderBud","FairyFestival","ShyLook"],"picked":"Singing Bowl","floor":7},{"not_picked":["hermit:HoleUp","hermit:SprayPray","hermit:TrackingShot"],"picked":"SKIP","floor":7},{"not_picked":["PunishingBird","SpiderBud"],"picked":"OSAHOGD","floor":10},{"not_picked":["hermit:Glare","hermit:PistolWhip"],"picked":"hermit:Snipe","floor":10},{"not_picked":["BeautyBeast","PunishingBird","FairyFestival"],"picked":"Singing Bowl","floor":11},{"not_picked":["hermit:EyeOfTheStorm","hermit:Glare","hermit:Headshot"],"picked":"SKIP","floor":11},{"not_picked":["Alriune","HappyTeddy","VoidDream"],"picked":"Singing Bowl","floor":12},{"not_picked":["hermit:Roulette","hermit:Malice","hermit:ShadowCloak"],"picked":"SKIP","floor":12},{"not_picked":["VoidDream","CherryBlossoms","MHz"],"picked":"Singing Bowl","floor":13},{"not_picked":["hermit:Roulette","hermit:Dive","hermit:ShadowCloak"],"picked":"SKIP","floor":13},{"not_picked":["hermit:Glare","hermit:Malice"],"picked":"hermit:Snipe","floor":14},{"not_picked":["hermit:Glare","hermit:Showdown"],"picked":"hermit:Headshot","floor":14},{"not_picked":["hermit:WideOpen","hermit:Ricochet"],"picked":"hermit:Dive","floor":14},{"not_picked":["BeautyBeast","WhitesApple","BigBird"],"picked":"Singing Bowl","floor":16},{"not_picked":["hermit:FromBeyond","hermit:Gambit"],"picked":"hermit:RoundhouseKick","floor":16}],"player_experience":1238099,"relics_obtained":[{"floor":6,"key":"hubris:Spice"},{"floor":9,"key":"reliquary:PartyBalloon"},{"floor":10,"key":"StuffTheSpire:Wildfire"}],"event_choices":[],"is_beta":false,"boss_relics":[{"not_picked":["Sozu","Runic Dome"],"picked":"aspiration:IroncladSkillbook"}],"items_purged_floors":[14],"is_endless":false,"potions_floor_spawned":[5,6,7,12],"killed_by":"Chosen","ascension_level":0}}