{"host":"c6u7e77myxvw4d0m","time":1612155790,"event":{"mods":["AchievementEnabler","BaseMod","Bestiary","Colored Map","Colored Powertips","Minty Spire (QoL Compilation)","Rare Cards Sparkle","Relic Stats","everything is the same but u backflip on backflip"],"gold_per_floor":[367,58,76,95,107,136,136,154,154,194,194,268,61,87,87,168,168,188,23,51,51,62,62,401,401,401,401,401],"floor_reached":27,"language":"ENG","playtime":2209,"items_purged":["Strike_R"],"score":521,"play_id":"d96e550c-411c-45d2-bbdd-56403f087b1b","local_time":"20210201070310","is_ascension_mode":true,"campfire_choices":[{"data":"Inflame","floor":7,"key":"SMITH"},{"data":"Demon Form","floor":11,"key":"SMITH"},{"data":"Inflame","floor":15,"key":"SMITH"},{"floor":23,"key":"REST"},{"data":"Rage","floor":25,"key":"SMITH"}],"circlet_count":0,"master_deck":["AscendersBane","Strike_R","Strike_R","Strike_R","Strike_R","Defend_R","Defend_R","Defend_R","Defend_R","Bash","Twin Strike","Inflame+1","Cleave","Iron Wave","Rampage","Disarm","Carnage","Rage+1","Rupture","Demon Form+1","Clothesline","Inflame+1","Shockwave","Impervious","Cleave","Barricade+1","Fire Breathing+1"],"relics":["Burning Blood","Bag of Preparation","HornCleat","White Beast Statue","CeramicFish","Peace Pipe","Sozu","Vajra","Old Coin","Toxic Egg 2"],"acts_visited":["Exordium","TheCity"],"potions_floor_usage":[6,6,12,16,16,24],"damage_taken":[{"damage":1,"enemies":"Cultist","floor":1,"turns":3},{"damage":12,"enemies":"Jaw Worm","floor":3,"turns":4},{"damage":0,"enemies":"2 Louse","floor":4,"turns":2},{"damage":14,"enemies":"Red Slaver","floor":5,"turns":4},{"damage":15,"enemies":"3 Sentries","floor":6,"turns":3},{"damage":0,"enemies":"Exordium Wildlife","floor":8,"turns":3},{"damage":16,"enemies":"Gremlin Nob","floor":10,"turns":4},{"damage":6,"enemies":"3 Sentries","floor":12,"turns":4},{"damage":5,"enemies":"Blue Slaver","floor":14,"turns":4},{"damage":29,"enemies":"The Guardian","floor":16,"turns":8},{"damage":18,"enemies":"3 Byrds","floor":18,"turns":5},{"damage":6,"enemies":"2 Thieves","floor":20,"turns":4},{"damage":34,"enemies":"Cultist and Chosen","floor":22,"turns":7},{"damage":0,"enemies":"Book of Stabbing","floor":24,"turns":7},{"damage":48,"enemies":"Gremlin Leader","floor":27,"turns":6}],"seed_played":"-7710613717174603856","potions_obtained":[{"floor":4,"key":"Strength Potion"},{"floor":5,"key":"DistilledChaos"},{"floor":6,"key":"SpeedPotion"},{"floor":10,"key":"Fire Potion"},{"floor":12,"key":"SneckoOil"},{"floor":16,"key":"HeartOfIron"}],"is_trial":false,"path_per_floor":["M","$","M","M","M","E","R","M","T","E","R","?","$","M","R","B",null,"M","$","M","?","M","R","E","R","T","E"],"character_chosen":"IRONCLAD","items_purchased":["Inflame","Bag of Preparation","Cleave","Iron Wave","Inflame","PowerPotion","Vajra"],"campfire_rested":1,"item_purchase_floors":[2,2,2,2,13,13,19],"current_hp_per_floor":[68,68,62,68,60,51,51,57,57,47,47,47,47,48,48,25,57,45,45,45,45,17,37,43,43,43,0,0],"gold":401,"neow_bonus":"TWO_FIFTY_GOLD","is_daily":false,"chose_seed":false,"campfire_upgraded":4,"win_rate":0.0,"timestamp":1612155790,"path_taken":["M","$","M","M","?","E","R","M","T","E","R","?","$","M","R","BOSS","M","$","M","?","?","R","E","R","T","E"],"items_purchased_type":["Card","Relic","Card","Card","Card","Potion","Relic"],"build_version":"2020-12-22","purchased_purges":1,"victory":false,"max_hp_per_floor":[68,68,68,68,68,68,68,68,68,68,68,68,68,68,68,68,68,68,68,68,68,68,68,68,68,68,68,68],"relic_stats":{"Peace Pipe":0,"Sozu":4,"counters":[15,68],"CeramicFish":72,"Bag of Preparation":[28],"obtain_stats":[{"Peace Pipe":12,"Sozu":17,"HornCleat":6,"CeramicFish":10,"Vajra":19,"Bag of Preparation":2,"Toxic Egg 2":26,"Burning Blood":0,"White Beast Statue":9,"Old Coin":24},{"Peace Pipe":7,"Sozu":10,"HornCleat":5,"CeramicFish":7,"Vajra":11,"Bag of Preparation":1,"Toxic Egg 2":14,"Burning Blood":0,"White Beast Statue":6,"Old Coin":14},{"Peace Pipe":23,"Sozu":39,"HornCleat":16,"CeramicFish":23,"Vajra":44,"Bag of Preparation":3,"Toxic Egg 2":62,"Burning Blood":0,"White Beast Statue":19,"Old Coin":62}],"Burning Blood":79},"card_choices":[{"not_picked":["Shrug It Off","Rupture"],"picked":"Twin Strike","floor":1},{"not_picked":["Cleave","True Grit"],"picked":"Rampage","floor":3},{"not_picked":["Sentinel","Evolve"],"picked":"Disarm","floor":4},{"not_picked":["Rage","Thunderclap"],"picked":"Carnage","floor":5},{"not_picked":["Thunderclap","Sever Soul"],"picked":"Rage","floor":6},{"not_picked":["Rage","Body Slam"],"picked":"Rupture","floor":8},{"not_picked":["Clash","Iron Wave"],"picked":"Demon Form","floor":10},{"not_picked":["Pommel Strike","Twin Strike"],"picked":"Clothesline","floor":12},{"not_picked":["Warcry","Rampage"],"picked":"Shockwave","floor":14},{"not_picked":["Juggernaut","Berserk"],"picked":"Impervious","floor":16},{"not_picked":["Armaments","Pommel Strike"],"picked":"Cleave","floor":18},{"not_picked":["True Grit","Perfected Strike"],"picked":"Barricade","floor":20},{"not_picked":["Wild Strike","Sword Boomerang","Uppercut"],"picked":"SKIP","floor":22},{"not_picked":["Bludgeon","Power Through"],"picked":"Fire Breathing+1","floor":24}],"player_experience":583943,"relics_obtained":[{"floor":6,"key":"HornCleat"},{"floor":9,"key":"White Beast Statue"},{"floor":10,"key":"CeramicFish"},{"floor":24,"key":"Old Coin"},{"floor":26,"key":"Toxic Egg 2"}],"event_choices":[{"damage_healed":0,"gold_gain":30,"player_choice":"Searched \u00273\u0027 times","damage_taken":0,"relics_obtained":["Peace Pipe"],"max_hp_gain":0,"max_hp_loss":0,"event_name":"Dead Adventurer","floor":12,"gold_loss":0},{"damage_healed":0,"gold_gain":0,"player_choice":"Upgraded","damage_taken":0,"max_hp_gain":0,"max_hp_loss":0,"event_name":"Upgrade Shrine","floor":21,"gold_loss":0,"cards_upgraded":["Barricade"]}],"is_beta":false,"boss_relics":[{"not_picked":["Runic Cube","Philosopher\u0027s Stone"],"picked":"Sozu"}],"items_purged_floors":[13],"is_endless":false,"potions_floor_spawned":[4,5,6,10,12,14,16,18,20,22,24],"killed_by":"Gremlin Leader","ascension_level":17}}