{"host":"5jyeqch4fosnsiz2","time":1612191850,"event":{"mods":["BaseMod","Bestiary","Colored Map","Colored Powertips","Filter the Spire","Minty Spire (QoL Compilation)","Relic Stats","StSLib","Waifu the Spire","ojb\u0027s Better Paths Mod","ojb\u0027s Info Mod"],"gold_per_floor":[15,28,28,41,116,143,143,157,181,181,195,215,215,228,228,228,228],"floor_reached":16,"language":"ENG","playtime":555,"items_purged":[],"score":104,"play_id":"1334df61-069d-4769-962a-b2f92fdd87e5","local_time":"20210201100410","is_ascension_mode":false,"campfire_choices":[{"data":"Prepared","floor":10,"key":"SMITH"},{"floor":15,"key":"REST"}],"circlet_count":0,"master_deck":["Strike_G","Strike_G","Strike_G","Strike_G","Defend_G","Defend_G","Defend_G","Defend_G","Defend_G","Survivor","Neutralize","Dagger Spray","Flechettes","Escape Plan","Cloak And Dagger","Flying Knee","Prepared+1","Night Terror","Outmaneuver","Tools of the Trade","Acrobatics"],"relics":["Ring of the Snake","Turnip","Bag of Marbles","Ancient Tea Set"],"acts_visited":["Exordium"],"potions_floor_usage":[6,14,16,16],"damage_taken":[{"damage":5,"enemies":"2 Louse","floor":1,"turns":3},{"damage":0,"enemies":"Small Slimes","floor":2,"turns":2},{"damage":0,"enemies":"Jaw Worm","floor":4,"turns":3},{"damage":44,"enemies":"Gremlin Nob","floor":6,"turns":6},{"damage":0,"enemies":"Looter","floor":8,"turns":2},{"damage":0,"enemies":"Red Slaver","floor":11,"turns":4},{"damage":0,"enemies":"3 Louse","floor":12,"turns":2},{"damage":0,"enemies":"Exordium Thugs","floor":14,"turns":5},{"damage":38,"enemies":"Slime Boss","floor":16,"turns":8}],"seed_played":"-6393066285242387627","potions_obtained":[{"floor":4,"key":"Block Potion"},{"floor":6,"key":"Dexterity Potion"},{"floor":12,"key":"Strength Potion"},{"floor":14,"key":"EssenceOfSteel"}],"is_trial":false,"path_per_floor":["M","M","?","M","?","E","?","M","T","R","M","M","?","M","R","B"],"character_chosen":"THE_SILENT","items_purchased":[],"campfire_rested":1,"item_purchase_floors":[],"current_hp_per_floor":[65,65,65,65,54,10,10,10,10,10,10,10,10,10,31,0,0],"gold":228,"neow_bonus":"ONE_RARE_RELIC","is_daily":false,"chose_seed":false,"campfire_upgraded":1,"win_rate":0.0,"timestamp":1612191850,"path_taken":["M","M","?","M","?","E","?","M","T","R","?","M","?","M","R","BOSS"],"items_purchased_type":[],"build_version":"2020-12-22","purchased_purges":0,"victory":false,"max_hp_per_floor":[70,70,70,70,70,70,70,70,70,70,70,70,70,70,70,70,70],"relic_stats":{"counters":[9,35],"Turnip":[6],"obtain_stats":[{"Turnip":0,"Bag of Marbles":6,"Ancient Tea Set":9,"Ring of the Snake":0},{"Turnip":0,"Bag of Marbles":4,"Ancient Tea Set":5,"Ring of the Snake":0},{"Turnip":0,"Bag of Marbles":14,"Ancient Tea Set":16,"Ring of the Snake":0}],"Ring of the Snake":[18]},"card_choices":[{"not_picked":["Acrobatics","Catalyst"],"picked":"Dagger Spray","floor":1},{"not_picked":["Outmaneuver","Deflect"],"picked":"Flechettes","floor":2},{"not_picked":["Backstab","Prepared"],"picked":"Cloak And Dagger","floor":4},{"not_picked":["Riddle With Holes","Storm of Steel"],"picked":"Flying Knee","floor":6},{"not_picked":["PiercingWail","Cloak And Dagger"],"picked":"Prepared","floor":8},{"not_picked":["Tactician","Concentrate"],"picked":"Night Terror","floor":11},{"not_picked":["Cloak And Dagger","Bouncing Flask"],"picked":"Outmaneuver","floor":12},{"not_picked":["Reflex","Backflip"],"picked":"Acrobatics","floor":14}],"player_experience":366281,"relics_obtained":[{"floor":6,"key":"Bag of Marbles"},{"floor":9,"key":"Ancient Tea Set"}],"event_choices":[{"damage_healed":0,"gold_gain":0,"cards_transformed":["Strike_G"],"player_choice":"Change","damage_taken":0,"max_hp_gain":0,"max_hp_loss":0,"event_name":"Living Wall","floor":3,"gold_loss":0,"cards_obtained":["Escape Plan"]},{"damage_healed":0,"gold_gain":75,"player_choice":"Gather Gold","damage_taken":11,"max_hp_gain":0,"max_hp_loss":0,"event_name":"World of Goop","floor":5,"gold_loss":0},{"damage_healed":0,"gold_gain":0,"player_choice":"Ignored","damage_taken":0,"max_hp_gain":0,"max_hp_loss":0,"event_name":"Shining Light","floor":7,"gold_loss":0},{"damage_healed":0,"gold_gain":0,"player_choice":"1 cards matched","damage_taken":0,"max_hp_gain":0,"max_hp_loss":0,"event_name":"Match and Keep!","floor":13,"gold_loss":0,"cards_obtained":["Tools of the Trade"]}],"is_beta":false,"boss_relics":[],"items_purged_floors":[],"is_endless":false,"potions_floor_spawned":[4,6,12,14],"killed_by":"Slime Boss","ascension_level":0}}