{"host":"zw3x6hwkln2702ol","time":1612152195,"event":{"mods":["AchievementEnabler","BaseMod","Card Forge","Colored Map","Default Mod","Minty Spire (QoL Compilation)","StSLib","TestMod"],"gold_per_floor":[164,256,307,953,1003,1123,701,701,723,723,890,975,1046,1166,1166,1513,1513,1549,1549,1659,926,1082,1082,1285,1450,1450,1668,1668,1877,1981,1039,1039,1568,1568,1907,1395,1502,2512,1850,2086,2086,2210,2210,2210,2210,2771,2771,3046,3046,3525,3525,3525,3193,3534,4333],"floor_reached":56,"language":"ZHS","playtime":2168,"items_purged":["Strike_B"],"score":3279,"play_id":"3bca47db-c716-4cd0-8489-ebb7bcc42fe4","local_time":"20210201120315","is_ascension_mode":true,"campfire_choices":[{"floor":10,"key":"RECALL"},{"data":"Defend_B","floor":15,"key":"SMITH"},{"data":"Storm","floor":23,"key":"SMITH"},{"data":"Coolheaded","floor":32,"key":"SMITH"},{"floor":41,"key":"REST"},{"floor":47,"key":"REST"},{"floor":49,"key":"REST"},{"floor":52,"key":"REST"}],"circlet_count":0,"master_deck":["AscendersBane","Defend_B+1","Zap+1","Dualcast+1","Dramatic Entrance+1","testmod-SelfRegulatingSystem+1","Capacitor+1","testmod-Recap+1","Recycle+1","Heatsinks+1","Fusion+1","Fission+1","Redo+1","Chaos+1","Storm+1","Coolheaded+1","Storm+1","Capacitor+1","Consume+1","testmod-Recap+1","Core Surge+1","Biased Cognition+1","Skim+1","Electrodynamics+1"],"relics":["Cracked Core","Hammer of Thor","Seething Fire","Anvil of the Gods","zzy:PlaceholderRelic","testmod-TestBox","testmod-Temperance","Gremlin Horn","Mummified Hand","Akabeko","testmod-Charity","Lantern","testmod-Register","Pen Nib","Golden Idol","Oddly Smooth Stone","Whetstone","Philosopher\u0027s Stone","testmod-Hope","Medical Kit","Juzu Bracelet","White Beast Statue","testmod-TurbochargingSystem","Boot","Pantograph","Cables","Blue Candle","DollysMirror","SacredBark","testmod-Nyarlathotep","Happy Flower","TungstenRod","Toolbox","PreservedInsect","Akabeko","Pear","Ginger","HornCleat","testmod-IntensifyImprint","testmod-OneHitWonder"],"acts_visited":["Exordium","TheCity","TheBeyond","TheEnding"],"potions_floor_usage":[29,55],"damage_taken":[{"damage":0.0,"enemies":"Cultist","floor":1.0,"turns":3.0},{"damage":0.0,"enemies":"Small Slimes","floor":3.0,"turns":1.0},{"damage":0.0,"enemies":"Jaw Worm","floor":5.0,"turns":1.0},{"damage":20.0,"enemies":"Gremlin Nob","floor":6.0,"turns":3.0},{"damage":0,"enemies":"3 Sentries","floor":11,"turns":2},{"damage":0,"enemies":"Lots of Slimes","floor":12,"turns":1},{"damage":0,"enemies":"Looter","floor":13,"turns":1},{"damage":0,"enemies":"Gremlin Nob","floor":14,"turns":2},{"damage":0,"enemies":"The Guardian","floor":16,"turns":5},{"damage":0,"enemies":"Spheric Guardian","floor":18,"turns":2},{"damage":0,"enemies":"Chosen","floor":20,"turns":2},{"damage":0,"enemies":"Centurion and Healer","floor":22,"turns":1},{"damage":0,"enemies":"Book of Stabbing","floor":24,"turns":2},{"damage":0,"enemies":"Cultist and Chosen","floor":25,"turns":1},{"damage":0,"enemies":"Gremlin Leader","floor":27,"turns":1},{"damage":0,"enemies":"Book of Stabbing","floor":29,"turns":2},{"damage":0,"enemies":"Snake Plant","floor":30,"turns":1},{"damage":0,"enemies":"Champ","floor":33,"turns":2},{"damage":0,"enemies":"3 Darklings","floor":35,"turns":1},{"damage":0,"enemies":"Orb Walker","floor":37,"turns":1},{"damage":0,"enemies":"Transient","floor":38,"turns":3},{"damage":0,"enemies":"Nemesis","floor":40,"turns":1},{"damage":0,"enemies":"Sphere and 2 Shapes","floor":42,"turns":1},{"damage":0,"enemies":"Giant Head","floor":46,"turns":1},{"damage":0,"enemies":"Reptomancer","floor":48,"turns":1},{"damage":0,"enemies":"Time Eater","floor":50,"turns":1},{"damage":0,"enemies":"Shield and Spear","floor":54,"turns":1},{"damage":0,"enemies":"The Heart","floor":55,"turns":2}],"seed_played":"9108544336720255397","potions_obtained":[{"floor":6.0,"key":"FearPotion"},{"floor":11,"key":"Block Potion"},{"floor":16,"key":"DuplicationPotion"},{"floor":29,"key":"testmod-SpacePotion"},{"floor":30,"key":"LiquidMemories"},{"floor":35,"key":"DistilledChaos"},{"floor":46,"key":"EntropicBrew"}],"is_trial":false,"path_per_floor":["M","$","M","$","M","E","$","?","T","R","E","M","M","E","R","B",null,"M","?","M","$","M","R","E","M","T","E","?","E","M","$","R","B",null,"M","$","M","M","$","E","R","M","T","?","?","E","R","E","R","B",null,"R","$","E","B",null],"character_chosen":"DEFECT","items_purchased":["Gremlin Horn","Mummified Hand","Dramatic Entrance","testmod-SelfRegulatingSystem","testmod-Recap","testmod-Charity","testmod-Register","Pen Nib","Heatsinks","testmod-Hope","Medical Kit","Juzu Bracelet","Storm","Coolheaded","Cables","Blue Candle","DollysMirror","Core Surge","testmod-TestPotion","testmod-Nyarlathotep","Happy Flower","TungstenRod","Toolbox","PreservedInsect","testmod-IntensifyImprint"],"campfire_rested":4,"item_purchase_floors":[2,2,2,2,4,4,7,7,7,21,21,21,21,21,31,31,31,31,31,36,36,39,39,39,53],"current_hp_per_floor":[71,71,71,71,73,63,63,49,50,50,54,60,62,64,64,66,92,95,95,97,97,100,100,102,105,105,109,109,111,113,113,113,124,124,131,131,133,135,135,137,137,142,152,152,152,154,154,158,158,159,159,159,159,162,163],"gold":4333,"neow_bonus":"TEN_PERCENT_HP_BONUS","is_daily":false,"chose_seed":false,"campfire_upgraded":3,"win_rate":0.0,"timestamp":1612152195,"path_taken":["M","?","M","$","M","E","$","?","T","R","E","M","M","E","R","BOSS","M","?","?","$","M","R","E","M","T","E","?","E","M","$","R","BOSS","M","$","M","M","$","E","R","M","T","?","?","E","R","E","R","BOSS","R","$","E","BOSS"],"items_purchased_type":["Relic","Relic","Card","Card","Card","Relic","Relic","Relic","Card","Relic","Relic","Relic","Card","Card","Relic","Relic","Relic","Card","Potion","Relic","Relic","Relic","Relic","Relic","Relic"],"build_version":"2020-12-22","purchased_purges":1,"victory":true,"max_hp_per_floor":[78,78,78,78,80,83,83,84,85,85,89,95,97,99,99,101,101,104,104,106,106,109,109,111,114,114,118,118,120,122,122,122,124,124,131,131,133,135,135,137,137,142,152,152,152,154,154,158,158,159,159,159,159,162,163],"card_choices":[{"not_picked":["Hologram","Steam","Skim"],"picked":"SKIP","floor":1.0},{"not_picked":["Cold Snap","Reprogram"],"picked":"Capacitor","floor":3.0},{"not_picked":["Steam","Force Field","Cold Snap"],"picked":"SKIP","floor":5.0},{"not_picked":["Sweeping Beam","Barrage"],"picked":"Recycle","floor":6.0},{"not_picked":["Darkness","Barrage","Stack"],"picked":"SKIP","floor":11},{"not_picked":["Stack","Go for the Eyes","Darkness"],"picked":"SKIP","floor":12},{"not_picked":["Tempest","Leap","Turbo"],"picked":"SKIP","floor":13},{"not_picked":["Reprogram","Hologram"],"picked":"Fusion","floor":14},{"not_picked":["Hyperbeam","Seek"],"picked":"Fission","floor":16},{"not_picked":["Steam Power","Conserve Battery","Compile Driver"],"picked":"SKIP","floor":18},{"not_picked":["Stack","Steam+1"],"picked":"Chaos","floor":20},{"not_picked":["Ball Lightning","Turbo","Coolheaded"],"picked":"SKIP","floor":22},{"not_picked":["Gash+1","Coolheaded"],"picked":"Storm","floor":24},{"not_picked":["Force Field+1","Beam Cell"],"picked":"Capacitor+1","floor":25},{"not_picked":["Fusion","Compile Driver","Gash"],"picked":"SKIP","floor":27},{"not_picked":["Capacitor","Scrape","Redo"],"picked":"SKIP","floor":29},{"not_picked":["Streamline","Cold Snap+1","Consume"],"picked":"SKIP","floor":30},{"not_picked":["Buffer","Rainbow"],"picked":"Biased Cognition","floor":33},{"not_picked":["Beam Cell","Ball Lightning"],"picked":"Skim+1","floor":35},{"not_picked":["Cold Snap","Stack","Chaos"],"picked":"SKIP","floor":37},{"not_picked":["Barrage","Rip and Tear+1","Hologram+1"],"picked":"SKIP","floor":38},{"not_picked":["Coolheaded+1","Double Energy"],"picked":"Electrodynamics","floor":40},{"not_picked":["Fusion","Chaos","Sweeping Beam+1"],"picked":"SKIP","floor":42},{"not_picked":["Steam","Barrage","Go for the Eyes"],"picked":"SKIP","floor":46},{"not_picked":["Fusion","Static Discharge","Buffer"],"picked":"SKIP","floor":48},{"not_picked":["Hologram","Scrape","Conserve Battery+1"],"picked":"SKIP","floor":54}],"player_experience":379598,"relics_obtained":[{"floor":6.0,"key":"Lantern"},{"floor":11,"key":"Oddly Smooth Stone"},{"floor":14,"key":"Whetstone"},{"floor":24,"key":"White Beast Statue"},{"floor":26,"key":"testmod-TurbochargingSystem"},{"floor":27,"key":"Boot"},{"floor":29,"key":"Pantograph"},{"floor":40,"key":"Akabeko"},{"floor":43,"key":"Pear"},{"floor":46,"key":"Ginger"},{"floor":48,"key":"HornCleat"},{"floor":54,"key":"testmod-OneHitWonder"}],"event_choices":[{"damage_healed":0,"gold_gain":0,"player_choice":"Take Damage","damage_taken":29,"relics_obtained":["Golden Idol"],"max_hp_gain":0,"max_hp_loss":0,"event_name":"Golden Idol","floor":8,"gold_loss":0},{"damage_healed":0,"gold_gain":0,"cards_transformed":["Defend_B"],"player_choice":"Transformed","damage_taken":0,"max_hp_gain":0,"max_hp_loss":0,"event_name":"Transmorgrifier","floor":19,"gold_loss":0,"cards_obtained":["Redo"]},{"damage_healed":0,"gold_gain":0,"player_choice":"Read","damage_taken":0,"max_hp_gain":0,"max_hp_loss":0,"event_name":"The Library","floor":28,"gold_loss":0,"cards_obtained":["Consume"]},{"cards_removed":["Strike_B"],"damage_healed":0,"gold_gain":0,"player_choice":"Purged","damage_taken":0,"max_hp_gain":0,"max_hp_loss":0,"event_name":"Purifier","floor":44,"gold_loss":0},{"damage_healed":0,"gold_gain":0,"player_choice":"Ignored","damage_taken":0,"max_hp_gain":0,"max_hp_loss":0,"event_name":"给自己的盒子","floor":45,"gold_loss":0}],"is_beta":false,"boss_relics":[{"not_picked":["FrozenCore","testmod-SaigiyounoYou"],"picked":"Philosopher\u0027s Stone"},{"not_picked":["Calling Bell","Sozu"],"picked":"SacredBark"}],"items_purged_floors":[2],"is_endless":false,"potions_floor_spawned":[6,11,12,16,22,25,27,29,30,33,35,37,38,40,42,46,48,54],"ascension_level":19}}