{"host":"qmnyg5dk1o6rw6mz","time":1612165179,"event":{"mods":["2.2 Compatiblity","AchievementEnabler","Act Like it!","Aspiration","Astrologer","BaseMod","Beaked The Cultist","Better Altar","Better Match","Better Note","Better Sensory Stone","Better Skull","Better Third Choice","Better Vampires","Block Reminder","CapriCore","Challenge The Spire","ChefMod","Colored Map","Colored Powertips","Conspire","Defuse TimeMaze Blight","Disable Question Mark Monsters","Displayed Cursed Tome","Downfall","Energized Spire","Fox Events","Gensokyo","GifTheSpireLib","Hermit","Highlight Path","Hubris","Infinite Spire","Jedi Mod","Koishi","KomeijiMod","Marisa¡]Ãú«B¡@Å]²z¨F¡^","Marked Mod","Minty Spire (QoL Compilation)","Monster B Gone","Pale of the Ancients","Permanent Neow","Quick Restart","Reimu¡]³Õ???¡^","Relic Filter","Reliquary","Replay The Spire","StSLib","Synergy Search","The Bug Knight","The Construct","The Cursed","The Dragon Tamer","The Gatherer","The Hayseed","The Poker Player","The Runesmith","The Showman","Unceasing Turn Reminder","Wide Potions","Yuri Mod","thorton"],"gold_per_floor":[116,133,48,58,58,58,88,88,88,117,134,169,169,194,194,290,290,300,300,310,310,326,355,355,388,413,424,53,85,85,104,104,207,207,223,234,234,254,268,300,300,327,327,356,376,136,166,181,181,181],"floor_reached":51,"language":"ENG","playtime":16523,"items_purged":["PokerPlayerMod:Diamond1","downfall:Bewildered"],"score":1002,"play_id":"cf2abfe6-13e4-4a5c-b809-5c3acf329c78","local_time":"20210201153939","is_ascension_mode":true,"metric_token":3986,"campfire_choices":[{"data":"PokerPlayerMod:Diamond6","floor":6,"key":"SMITH"},{"data":"PokerPlayerMod:TrumpStrike","floor":8,"key":"SMITH"},{"data":"PokerPlayerMod:BadJoker","floor":13,"key":"SMITH"},{"data":"PokerPlayerMod:Mulligan","floor":24,"key":"SMITH"},{"data":"PokerPlayerMod:Club6","floor":41,"key":"SMITH"},{"data":"PokerPlayerMod:GamblerForm","floor":49,"key":"SMITH"}],"circlet_count":0,"master_deck":["PokerPlayerMod:Diamond2","PokerPlayerMod:Diamond3","PokerPlayerMod:Diamond4","PokerPlayerMod:Diamond7","PokerPlayerMod:Spade1","PokerPlayerMod:Spade2","PokerPlayerMod:Spade3","PokerPlayerMod:Spade4","PokerPlayerMod:Club2","PokerPlayerMod:Heart2","PokerPlayerMod:TrumpStrike+1","PokerPlayerMod:BadJoker+1","PokerPlayerMod:Mulligan+1","PokerPlayerMod:Club5","PokerPlayerMod:Diamond7","PokerPlayerMod:Spade7","PokerPlayerMod:Diamond7","PokerPlayerMod:Diamond10+","PokerPlayerMod:HiddenCard","PokerPlayerMod:Heart7","PokerPlayerMod:ClubStrike+1","PokerPlayerMod:Spade7","PokerPlayerMod:Club7","PokerPlayerMod:ClubStrike+1","PokerPlayerMod:Raise+1","PokerPlayerMod:Heart10+","PokerPlayerMod:GamblerForm+1","PokerPlayerMod:FillThePot","PokerPlayerMod:HotShotCut+1","PokerPlayerMod:Club7","PokerPlayerMod:Diamond10+","PokerPlayerMod:HiddenCard","PokerPlayerMod:Diamond7","PokerPlayerMod:Club7","PokerPlayerMod:Spade8"],"relics":["PokerPlayerMod:DeckCase","Chameleon Ring","conspire:Flyswatter","HollowMod:StagPassRelic","Lizard Tail","reliquary:BoilingFlask","Nloth\u0027s Gift","ShirouKen","Replay:Ringing Soul","Regal Pillow","Art of War","infinitespire:CursedDice","sneckomod:BabySnecko","ChewingGum","hubris:BottledRain","HoshigumaDish","jedi:crownofsimplicity","Mercury Hourglass"],"acts_visited":["Exordium","TheCity","TheBeyond"],"potions_floor_usage":[10,14,16,23,27,28,38,44,50,50],"damage_taken":[{"damage":5,"enemies":"2 Louse","floor":1,"turns":2},{"damage":0,"enemies":"Small Slimes","floor":2,"turns":3},{"damage":0,"enemies":"Cultist","floor":4,"turns":2},{"damage":6,"enemies":"Gremlin Nob","floor":7,"turns":4},{"damage":12,"enemies":"Lagavulin","floor":10,"turns":4},{"damage":0,"enemies":"Large Slime","floor":11,"turns":3},{"damage":0,"enemies":"3 Sentries","floor":12,"turns":1},{"damage":0,"enemies":"conspire:MimicChest","floor":14,"turns":2},{"damage":16,"enemies":"The Guardian","floor":16,"turns":6},{"damage":0,"enemies":"Shell Parasite","floor":18,"turns":2},{"damage":9,"enemies":"Chosen","floor":20,"turns":3},{"damage":0,"enemies":"Shelled Parasite and Fungi","floor":22,"turns":2},{"damage":35,"enemies":"Book of Stabbing","floor":23,"turns":5},{"damage":7,"enemies":"Slavers","floor":25,"turns":3},{"damage":0,"enemies":"Snecko","floor":27,"turns":2},{"damage":8,"enemies":"Book of Stabbing","floor":29,"turns":4},{"damage":5,"enemies":"Cultist and Chosen","floor":31,"turns":3},{"damage":31,"enemies":"hubris:MusketHawk","floor":33,"turns":6},{"damage":8,"enemies":"3 Shapes","floor":35,"turns":3},{"damage":0,"enemies":"3 Darklings","floor":36,"turns":1},{"damage":0,"enemies":"Spire Growth","floor":38,"turns":3},{"damage":0,"enemies":"Jaw Worm Horde","floor":39,"turns":2},{"damage":10,"enemies":"Reptomancer","floor":40,"turns":3},{"damage":14,"enemies":"R_Hoarder","floor":42,"turns":7},{"damage":35,"enemies":"Nightmare","floor":44,"turns":5},{"damage":16,"enemies":"Writhing Mass","floor":45,"turns":2},{"damage":9,"enemies":"Giant Head","floor":47,"turns":5},{"damage":0,"enemies":"Sphere and 2 Shapes","floor":48,"turns":1},{"damage":59,"enemies":"Donu and Deca","floor":50,"turns":4}],"seed_played":"-2523824177596437037","potions_obtained":[{"floor":0,"key":"EntropicBrew"},{"floor":0,"key":"LiquidBronze"},{"floor":0,"key":"FairyPotion"},{"floor":2,"key":"Block Potion"},{"floor":10,"key":"Fire Potion"},{"floor":14,"key":"AttackPotion"},{"floor":16,"key":"Elixir"},{"floor":18,"key":"RedTea"},{"floor":23,"key":"CalmPotion"},{"floor":36,"key":"Energy Potion"},{"floor":38,"key":"LifebloodPotion"}],"is_trial":false,"path_per_floor":["M","M","$","M","?","R","E","R","T","E","M","E","R","?","R_BF","B",null,"M","?","M","?","M","E","R","E","T","M","$","E","$","M","R_BF","B",null,"M","M","?","M","M","E","R","E","T","NM","M","$","E","M","R","B",null],"character_chosen":"THE_POKER_PLAYER","items_purchased":["PokerPlayerMod:Diamond7","Art of War","PokerPlayerMod:Heart8","PokerPlayerMod:Club6","Energy Potion"],"campfire_rested":0,"item_purchase_floors":[3,28,28,46,46],"current_hp_per_floor":[47,51,51,52,52,52,46,46,46,34,36,36,36,36,36,20,52,52,52,50,50,52,23,23,34,34,59,62,55,55,62,65,55,68,63,66,66,66,74,67,67,66,66,68,86,89,92,92,92,68],"gold":181,"neow_bonus":"THREE_SMALL_POTIONS","is_daily":false,"chose_seed":false,"campfire_upgraded":6,"win_rate":0.0,"timestamp":1612165179,"path_taken":["M","M","$","M","?","R","E","R","T","E","M","E","R","?","R_BF","BOSS","M","?","?","?","M","E","R","E","T","M","$","E","?","?","R_BF","BOSS","M","M","?","M","M","E","R","E","T","NM","?","$","E","M","R","BOSS"],"items_purchased_type":["Card","Relic","Card","Card","Potion"],"build_version":"2020-12-22","purchased_purges":2,"victory":true,"max_hp_per_floor":[52,52,52,52,52,52,52,52,52,52,52,52,52,52,52,52,52,52,52,52,52,52,52,52,56,56,59,62,62,62,62,65,68,68,71,74,74,74,74,77,77,80,80,83,86,89,92,92,92,92],"card_choices":[{"not_picked":["PokerPlayerMod:Club4","PokerPlayerMod:DartThrow","PokerPlayerMod:Configure"],"picked":"SKIP","floor":1},{"not_picked":["PokerPlayerMod:Diamond2","PokerPlayerMod:Club3"],"picked":"PokerPlayerMod:Club5","floor":2},{"not_picked":["PokerPlayerMod:HiddenCard","PokerPlayerMod:Club1"],"picked":"PokerPlayerMod:Spade7","floor":4},{"not_picked":["PokerPlayerMod:Duplicate","PokerPlayerMod:Club5"],"picked":"PokerPlayerMod:Diamond7","floor":7},{"not_picked":["PokerPlayerMod:Manipulation","PokerPlayerMod:Diamond3"],"picked":"PokerPlayerMod:Diamond10+","floor":10},{"not_picked":["PokerPlayerMod:Spade3","PokerPlayerMod:ClubDance","PokerPlayerMod:Fold"],"picked":"SKIP","floor":11},{"not_picked":["PokerPlayerMod:DartThrow","PokerPlayerMod:Spade1"],"picked":"PokerPlayerMod:HiddenCard","floor":12},{"not_picked":["PokerPlayerMod:TheDieIsCast","PokerPlayerMod:SecretDealer"],"picked":"PokerPlayerMod:Heart7","floor":16},{"not_picked":["PokerPlayerMod:Heart1","PokerPlayerMod:Trickery+1","PokerPlayerMod:DiamondStrike"],"picked":"SKIP","floor":18},{"not_picked":["PokerPlayerMod:Heart6","PokerPlayerMod:JackOfSpades"],"picked":"PokerPlayerMod:ClubStrike+1","floor":20},{"not_picked":["PokerPlayerMod:JackOfSpades","PokerPlayerMod:HiddenCard+1"],"picked":"PokerPlayerMod:Spade7","floor":22},{"not_picked":["PokerPlayerMod:Overdeal","PokerPlayerMod:Diamond4"],"picked":"PokerPlayerMod:Club7","floor":23},{"not_picked":["PokerPlayerMod:HiddenCard","PokerPlayerMod:Spade9"],"picked":"PokerPlayerMod:ClubStrike+1","floor":25},{"not_picked":["PokerPlayerMod:Spade2","PokerPlayerMod:Diamond5"],"picked":"PokerPlayerMod:Raise+1","floor":27},{"not_picked":["PokerPlayerMod:MagicTrick+1","PokerPlayerMod:SecondChance","PokerPlayerMod:HeartStrike"],"picked":"SKIP","floor":29},{"not_picked":["PokerPlayerMod:DartThrow","PokerPlayerMod:SecondChance","PokerPlayerMod:Club1"],"picked":"SKIP","floor":31},{"not_picked":["PokerPlayerMod:Diamond9","PokerPlayerMod:Duplicate"],"picked":"PokerPlayerMod:GamblerForm","floor":33},{"not_picked":["PokerPlayerMod:Spade3","PokerPlayerMod:Extraction"],"picked":"PokerPlayerMod:FillThePot","floor":35},{"not_picked":["PokerPlayerMod:Diamond1","PokerPlayerMod:MagicTrick"],"picked":"PokerPlayerMod:HotShotCut+1","floor":36},{"not_picked":["PokerPlayerMod:ClubDance","PokerPlayerMod:Spade2","PokerPlayerMod:Diamond4"],"picked":"SKIP","floor":38},{"not_picked":["PokerPlayerMod:DiamondStrike","PokerPlayerMod:Spade3","PokerPlayerMod:Spade4"],"picked":"SKIP","floor":39},{"not_picked":["PokerPlayerMod:Club1","PokerPlayerMod:Diamond4"],"picked":"PokerPlayerMod:Club6","floor":40},{"not_picked":["PokerPlayerMod:Spade2","PokerPlayerMod:VarietyAttack"],"picked":"PokerPlayerMod:Diamond10+","floor":42},{"not_picked":["PokerPlayerMod:CardPrinter","PokerPlayerMod:Diamond8"],"picked":"PokerPlayerMod:HiddenCard","floor":44},{"not_picked":["PokerPlayerMod:Diamond1","PokerPlayerMod:Heart2"],"picked":"PokerPlayerMod:Diamond7","floor":45},{"not_picked":["PokerPlayerMod:FlyingCard+1","PokerPlayerMod:WildCard"],"picked":"PokerPlayerMod:Spade8","floor":47},{"not_picked":["PokerPlayerMod:Diamond3","PokerPlayerMod:CloakAndDiamond+1","PokerPlayerMod:HeartStrike"],"picked":"SKIP","floor":48}],"player_experience":206927,"relics_obtained":[{"floor":7,"key":"Chameleon Ring"},{"floor":9,"key":"conspire:Flyswatter"},{"floor":10,"key":"HollowMod:StagPassRelic"},{"floor":12,"key":"Lizard Tail"},{"floor":14,"key":"reliquary:BoilingFlask"},{"floor":23,"key":"ShirouKen"},{"floor":25,"key":"Replay:Ringing Soul"},{"floor":26,"key":"Regal Pillow"},{"floor":29,"key":"infinitespire:CursedDice"},{"floor":40,"key":"hubris:BottledRain"},{"floor":42,"key":"HoshigumaDish"},{"floor":44,"key":"jedi:crownofsimplicity"},{"floor":47,"key":"Mercury Hourglass"}],"event_choices":[{"damage_healed":0,"gold_gain":0,"player_choice":"Grow","damage_taken":0,"max_hp_gain":0,"max_hp_loss":0,"event_name":"Living Wall","floor":5,"gold_loss":0,"cards_upgraded":["PokerPlayerMod:Diamond6"]},{"damage_healed":0,"gold_gain":0,"player_choice":"Traded Relic","damage_taken":0,"relics_obtained":["Nloth\u0027s Gift"],"max_hp_gain":0,"max_hp_loss":0,"event_name":"N\u0027loth","floor":19,"relics_lost":["Runesmith:UraniumAnvil"],"gold_loss":0},{"damage_healed":0,"gold_gain":0,"player_choice":"Upgraded","damage_taken":0,"max_hp_gain":0,"max_hp_loss":0,"event_name":"Upgrade Shrine","floor":37,"gold_loss":0,"cards_upgraded":["PokerPlayerMod:Heart10"]}],"is_beta":false,"boss_relics":[{"not_picked":["aspiration:PoetsPen_weak","hubris:Stopwatch"],"picked":"Runesmith:UraniumAnvil"},{"not_picked":["reliquary:Craggleroot","Sozu"],"picked":"ChewingGum"}],"items_purged_floors":[28,46],"is_endless":false,"potions_floor_spawned":[2,4,10,14,16,18,23,29,36,38,42],"ascension_level":2}}