{"host":"4rvakrj1idbgia3f","time":1612171927,"event":{"mods":["BaseMod","Colored Map","Colored Powertips","DeckTracker","Highlight Path","Minty Spire (QoL Compilation)","Random Character Button","StSLib"],"gold_per_floor":[109,124,124,124,140,140,156,156,156,156,189,264,264,264,264],"floor_reached":14,"language":"JPN","playtime":283,"items_purged":[],"score":176,"play_id":"64079567-7b7e-4f87-ba5c-fcf13236c5bb","local_time":"20210201183207","is_ascension_mode":true,"campfire_choices":[{"data":"Dagger Spray","floor":6,"key":"SMITH"},{"data":"Cloak And Dagger","floor":8,"key":"SMITH"},{"data":"Sucker Punch","floor":13,"key":"SMITH"}],"circlet_count":0,"master_deck":["AscendersBane","Strike_G","Strike_G","Strike_G","Strike_G","Strike_G","Defend_G","Defend_G","Defend_G","Defend_G","Survivor","Neutralize","PiercingWail","Sucker Punch+1","Dagger Spray+1","Cloak And Dagger+1"],"relics":["Ring of the Snake","NeowsBlessing","Ornamental Fan","Kunai","Pear"],"acts_visited":["Exordium"],"potions_floor_usage":[11],"damage_taken":[{"damage":0,"enemies":"Small Slimes","floor":1,"turns":1},{"damage":0,"enemies":"Jaw Worm","floor":2,"turns":1},{"damage":0,"enemies":"2 Louse","floor":5,"turns":1},{"damage":13,"enemies":"Large Slime","floor":7,"turns":7},{"damage":15,"enemies":"3 Sentries","floor":11,"turns":5},{"damage":5,"enemies":"Lagavulin","floor":14,"turns":2}],"seed_played":"2783178743894595423","potions_obtained":[{"floor":1,"key":"Explosive Potion"}],"is_trial":false,"path_per_floor":["M","M","?","?","M","R","M","R","T","?","E","?","R","E"],"character_chosen":"THE_SILENT","items_purchased":[],"campfire_rested":0,"item_purchase_floors":[],"current_hp_per_floor":[59,59,52,34,34,34,21,21,21,21,16,5,5,0,0],"gold":264,"neow_bonus":"THREE_ENEMY_KILL","is_daily":false,"chose_seed":false,"campfire_upgraded":3,"win_rate":0.0,"timestamp":1612171927,"path_taken":["M","M","?","?","M","R","M","R","T","?","E","?","R","E"],"items_purchased_type":[],"build_version":"2020-12-22","purchased_purges":0,"victory":false,"max_hp_per_floor":[66,66,66,66,66,66,66,66,66,66,76,76,76,76,76],"card_choices":[{"not_picked":["Choke","Caltrops"],"picked":"PiercingWail","floor":1},{"not_picked":["Deflect","Cloak And Dagger"],"picked":"Sucker Punch","floor":2},{"not_picked":["Crippling Poison","Leg Sweep"],"picked":"Dagger Spray","floor":5},{"not_picked":["Accuracy","Dagger Throw"],"picked":"Cloak And Dagger","floor":7},{"not_picked":["Choke","Deflect","Dagger Spray"],"picked":"SKIP","floor":11}],"player_experience":2179837,"relics_obtained":[{"floor":9,"key":"Kunai"},{"floor":11,"key":"Pear"}],"event_choices":[{"cards_removed":["Defend_G"],"damage_healed":0,"gold_gain":0,"player_choice":"Card Removal","damage_taken":7,"max_hp_gain":0,"max_hp_loss":0,"event_name":"Golden Wing","floor":3,"gold_loss":0},{"damage_healed":0,"gold_gain":0,"player_choice":"Success","damage_taken":18,"relics_obtained":["Ornamental Fan"],"max_hp_gain":0,"max_hp_loss":0,"event_name":"Scrap Ooze","floor":4,"gold_loss":0},{"damage_healed":0,"gold_gain":0,"player_choice":"Ignored","damage_taken":0,"max_hp_gain":0,"max_hp_loss":0,"event_name":"Shining Light","floor":10,"gold_loss":0},{"damage_healed":0,"gold_gain":75,"player_choice":"Gather Gold","damage_taken":11,"max_hp_gain":0,"max_hp_loss":0,"event_name":"World of Goop","floor":12,"gold_loss":0}],"is_beta":false,"boss_relics":[],"items_purged_floors":[],"is_endless":false,"potions_floor_spawned":[1],"killed_by":"Lagavulin","ascension_level":20}}