{"host":"mw3dmj42qtkbha4b","time":1612188382,"event":{"mods":["BaseMod","Colored Map","Colored Powertips","DeckTracker","Minty Spire (QoL Compilation)","StSLib","SuperFastMode"],"gold_per_floor":[119,394,159,177,177,206,223,242,242,254,286,286,321,339,339,339,339],"floor_reached":16,"language":"KOR","playtime":408,"items_purged":["Regret"],"score":344,"play_id":"e3c71023-da86-41d4-8230-0ca2802b90d9","local_time":"20210201230622","is_ascension_mode":true,"campfire_choices":[{"data":"Eruption","floor":12,"key":"SMITH"},{"floor":15,"key":"REST"}],"circlet_count":0,"master_deck":["AscendersBane","Strike_P","Strike_P","Strike_P","Strike_P","Defend_P","Defend_P","Defend_P","Defend_P","Eruption+1","Vigilance"],"relics":["PureWater","NeowsBlessing","Anchor","Pen Nib","Incense Burner","Mercury Hourglass","Ancient Tea Set","Oddly Smooth Stone"],"acts_visited":["Exordium"],"potions_floor_usage":[11,13,14,16],"damage_taken":[{"damage":0.0,"enemies":"2 Louse","floor":1.0,"turns":2.0},{"damage":0.0,"enemies":"Cultist","floor":4.0,"turns":1.0},{"damage":0.0,"enemies":"Gremlin Nob","floor":6.0,"turns":1.0},{"damage":0.0,"enemies":"Jaw Worm","floor":7.0,"turns":3.0},{"damage":0.0,"enemies":"Red Slaver","floor":8.0,"turns":4.0},{"damage":10.0,"enemies":"Lots of Slimes","floor":10.0,"turns":3.0},{"damage":0,"enemies":"3 Sentries","floor":11,"turns":3},{"damage":50,"enemies":"Lagavulin","floor":13,"turns":5},{"damage":0,"enemies":"Looter","floor":14,"turns":3},{"damage":22,"enemies":"Hexaghost","floor":16,"turns":7}],"seed_played":"-7657371250465516585","potions_obtained":[{"floor":4.0,"key":"Explosive Potion"},{"floor":6.0,"key":"Fire Potion"},{"floor":10.0,"key":"ColorlessPotion"},{"floor":13,"key":"Dexterity Potion"},{"floor":14,"key":"DuplicationPotion"}],"is_trial":false,"path_per_floor":["M","?","$","M","?","E","M","M","T","M","E","R","E","M","R","B"],"character_chosen":"WATCHER","items_purchased":["Anchor"],"campfire_rested":1,"item_purchase_floors":[3],"current_hp_per_floor":[61,61,61,61,61,61,61,61,61,51,51,51,1,1,21,0,0],"gold":339,"neow_bonus":"THREE_ENEMY_KILL","is_daily":false,"chose_seed":false,"campfire_upgraded":1,"win_rate":0.0,"timestamp":1612188382,"path_taken":["M","?","$","?","?","E","M","M","T","M","E","R","E","M","R","BOSS"],"items_purchased_type":["Relic"],"build_version":"2020-12-22","purchased_purges":1,"victory":false,"max_hp_per_floor":[68,68,68,68,68,68,68,68,68,68,68,68,68,68,68,68,68],"card_choices":[{"not_picked":["Crescendo","CrushJoints","MentalFortress"],"picked":"SKIP","floor":1.0},{"not_picked":["Adaptation","ThirdEye","Study"],"picked":"SKIP","floor":4.0},{"not_picked":["WreathOfFlame","Wish","EmptyFist"],"picked":"SKIP","floor":6.0},{"not_picked":["Meditate","JustLucky","ForeignInfluence"],"picked":"SKIP","floor":7.0},{"not_picked":["CarveReality","Conclude","LikeWater"],"picked":"SKIP","floor":8.0},{"not_picked":["Halt","FlyingSleeves","CutThroughFate"],"picked":"SKIP","floor":10.0},{"not_picked":["BowlingBash","Evaluate","Prostrate"],"picked":"SKIP","floor":11},{"not_picked":["SashWhip","Tantrum","WaveOfTheHand"],"picked":"SKIP","floor":13},{"not_picked":["ReachHeaven","Perseverance","FlyingSleeves"],"picked":"SKIP","floor":14}],"player_experience":1776984,"relics_obtained":[{"floor":6.0,"key":"Incense Burner"},{"floor":9.0,"key":"Mercury Hourglass"},{"floor":11,"key":"Ancient Tea Set"},{"floor":13,"key":"Oddly Smooth Stone"}],"event_choices":[{"damage_healed":0.0,"max_hp_gain":0.0,"max_hp_loss":0.0,"gold_gain":275.0,"event_name":"Golden Shrine","player_choice":"Desecrate","floor":2.0,"gold_loss":0.0,"damage_taken":0.0,"cards_obtained":["Regret"]},{"damage_healed":0.0,"max_hp_gain":0.0,"max_hp_loss":0.0,"gold_gain":0.0,"event_name":"WeMeetAgain","player_choice":"Gave Potion","floor":5.0,"gold_loss":0.0,"damage_taken":0.0,"relics_obtained":["Pen Nib"]}],"is_beta":false,"boss_relics":[],"items_purged_floors":[3],"is_endless":false,"potions_floor_spawned":[4,6,10,13,14],"killed_by":"Hexaghost","ascension_level":20}}