{"host":"Kdaddybrian","time":1612208821,"event":{"mods":["AchievementEnabler","BaseMod","Bestiary","Colored Powertips","Minty Spire (QoL Compilation)","Potion Indicator Mod","Quick Restart","Rare Cards Sparkle","Relic Stats","StSLib","Uncapped"],"gold_per_floor":[364,215,390,408,426,426,459,459,484,509,532,57,57,73,73,168,168,184,184,204,223,31,59,59,84,136,151,151,176,101,200,200,298,298,313,328,328,54,54,54,86,86,112,144,144,64,89,139,139,139,139,139,55,81,81,81],"floor_reached":55,"language":"ENG","playtime":3518,"items_purged":["Decay","Doubt","Strike_P+1"],"score":1038,"play_id":"f520a3ec-3291-4316-8dfd-abe79ca20f71","local_time":"20210201144701","is_ascension_mode":true,"campfire_choices":[{"data":"LessonLearned","floor":6.0,"key":"SMITH"},{"floor":8.0,"key":"REST"},{"data":"Adaptation","floor":13.0,"key":"SMITH"},{"data":"Vigilance","floor":15.0,"key":"SMITH"},{"floor":24.0,"key":"REST"},{"floor":28.0,"key":"REST"},{"floor":32.0,"key":"REST"},{"floor":40.0,"key":"RECALL"},{"floor":45.0,"key":"REST"},{"data":"DeusExMachina","floor":49.0,"key":"SMITH"},{"floor":52.0,"key":"REST"}],"circlet_count":0,"master_deck":["Defend_P+1","Defend_P+1","Defend_P","Eruption+1","Vigilance+1","Wallop+1","LessonLearned+1","EmptyFist+1","EmptyMind+1","WheelKick+1","EmptyBody+1","Adaptation+1","TalkToTheHand+1","LessonLearned+1","EmptyMind+1","EmptyBody+1","Conclude","FlurryOfBlows+1","JustLucky+1","MentalFortress+1","DeusExMachina+1","Tantrum+1","Adaptation+1","ConjureBlade+1","Vault+1","CarveReality+1","DevaForm+1","Halt+1","InnerPeace+1","SpiritShield+1","Conclude","Study","Fasting2+1","ClearTheMind+1","Pray+1","FlurryOfBlows+1"],"relics":["PureWater","MealTicket","Whetstone","Matryoshka","Odd Mushroom","TeardropLocket","Cursed Key","Art of War","Tiny Chest","Meat on the Bone","Regal Pillow","Omamori","Toxic Egg 2","Astrolabe","Kunai","Bird Faced Urn","Nunchaku","Bag of Marbles","Ornamental Fan","Torii","Blood Vial"],"acts_visited":["Exordium","TheCity","TheBeyond","TheEnding"],"potions_floor_usage":[55,55,55],"damage_taken":[{"damage":0.0,"enemies":"Jaw Worm","floor":1.0,"turns":5.0},{"damage":0.0,"enemies":"2 Louse","floor":4.0,"turns":3.0},{"damage":0.0,"enemies":"Small Slimes","floor":5.0,"turns":2.0},{"damage":31.0,"enemies":"3 Sentries","floor":7.0,"turns":8.0},{"damage":4.0,"enemies":"Gremlin Nob","floor":10.0,"turns":3.0},{"damage":0.0,"enemies":"The Mushroom Lair","floor":11.0,"turns":2.0},{"damage":0.0,"enemies":"Gremlin Gang","floor":14.0,"turns":3.0},{"damage":51.0,"enemies":"Hexaghost","floor":16.0,"turns":14.0},{"damage":0.0,"enemies":"Chosen","floor":18.0,"turns":3.0},{"damage":8.0,"enemies":"3 Byrds","floor":20.0,"turns":7.0},{"damage":0.0,"enemies":"Snecko","floor":21.0,"turns":5.0},{"damage":29.0,"enemies":"Slavers","floor":23.0,"turns":9.0},{"damage":48.0,"enemies":"Book of Stabbing","floor":25.0,"turns":6.0},{"damage":0.0,"enemies":"Snake Plant","floor":27.0,"turns":3.0},{"damage":16.0,"enemies":"Gremlin Leader","floor":29.0,"turns":6.0},{"damage":23.0,"enemies":"Collector","floor":33.0,"turns":12.0},{"damage":8.0,"enemies":"3 Shapes","floor":35.0,"turns":13.0},{"damage":12.0,"enemies":"Orb Walker","floor":36.0,"turns":4.0},{"damage":14.0,"enemies":"Nemesis","floor":41.0,"turns":8.0},{"damage":15.0,"enemies":"Reptomancer","floor":44.0,"turns":6.0},{"damage":33.0,"enemies":"Nemesis","floor":47.0,"turns":6.0},{"damage":0.0,"enemies":"Mind Bloom Boss Battle","floor":48.0,"turns":8.0},{"damage":50.0,"enemies":"Time Eater","floor":50.0,"turns":11.0},{"damage":11.0,"enemies":"Shield and Spear","floor":54.0,"turns":6.0},{"damage":82,"enemies":"The Heart","floor":55,"turns":10}],"seed_played":"-7531686854691175878","potions_obtained":[{"floor":1.0,"key":"Strength Potion"},{"floor":5.0,"key":"BlessingOfTheForge"},{"floor":7.0,"key":"Energy Potion"},{"floor":14.0,"key":"SpeedPotion"},{"floor":21.0,"key":"SteroidPotion"},{"floor":25.0,"key":"Ancient Potion"},{"floor":27.0,"key":"LiquidMemories"},{"floor":35.0,"key":"PowerPotion"},{"floor":47.0,"key":"SkillPotion"},{"floor":54.0,"key":"Swift Potion"}],"is_trial":false,"path_per_floor":["M","$","?","M","M","R","E","R","T","E","?","$","R","M","R","B",null,"M","?","M","M","$","E","R","E","T","M","R","E","?","?","R","B",null,"M","M","?","$","T","R","E","?","T","E","R","$","E","?","R","B",null,"R","$","E","B"],"character_chosen":"WATCHER","items_purchased":["LessonLearned","TeardropLocket","Adaptation","TalkToTheHand","MentalFortress","Art of War","Ancient Potion","InnerPeace+1","Study","ClearTheMind+1","Pray+1"],"campfire_rested":6,"item_purchase_floors":[2,12,12,12,22,22,38,38,46,53,53],"current_hp_per_floor":[72,72,72,72,72,72,41,62,62,58,58,72,72,72,72,21,59,59,59,51,51,66,37,58,10,10,22,58,42,42,42,72,49,66,58,46,46,61,61,61,55,55,55,48,72,72,43,53,53,27,61,72,72,65,0,0],"gold":81,"neow_bonus":"TWO_FIFTY_GOLD","is_daily":false,"chose_seed":false,"campfire_upgraded":4,"win_rate":0.0,"timestamp":1612208821,"path_taken":["M","$","?","M","M","R","E","R","T","E","?","$","R","M","R","BOSS","M","?","M","M","$","E","R","E","T","M","R","E","?","?","R","BOSS","M","M","?","$","?","R","E","?","T","E","R","$","E","?","R","BOSS","R","$","E","BOSS"],"items_purchased_type":["Card","Relic","Card","Card","Card","Relic","Potion","Card","Card","Card","Card"],"build_version":"2020-12-18","purchased_purges":3,"victory":false,"max_hp_per_floor":[72,72,72,72,72,72,72,72,72,72,72,72,72,72,72,72,72,72,72,72,72,72,72,72,72,72,72,72,72,72,72,72,72,72,72,72,72,72,72,72,72,72,72,72,72,72,72,72,72,72,72,72,72,72,72,72],"relic_stats":{"Regal Pillow":27,"Torii":37,"counters":[25,163],"Astrolabe":["Vault","CarveReality","DevaForm"],"Whetstone":["Wallop","Eruption"],"Cursed Key":3,"Blood Vial":2,"Nunchaku":[14],"Ornamental Fan":[92],"Bird Faced Urn":[54],"MealTicket":44,"Tiny Chest":1,"Art of War":[11],"Kunai":[35],"obtain_stats":[{"Regal Pillow":26,"Torii":48,"Astrolabe":34,"Omamori":26,"Whetstone":9,"TeardropLocket":12,"Odd Mushroom":11,"Cursed Key":17,"Blood Vial":54,"Nunchaku":41,"Matryoshka":10,"Ornamental Fan":47,"Bird Faced Urn":39,"MealTicket":7,"Tiny Chest":23,"Art of War":22,"Bag of Marbles":44,"Kunai":39,"PureWater":0,"Toxic Egg 2":29,"Meat on the Bone":25},{"Regal Pillow":13,"Torii":22,"Astrolabe":16,"Omamori":13,"Whetstone":4,"TeardropLocket":6,"Odd Mushroom":6,"Cursed Key":8,"Blood Vial":24,"Nunchaku":19,"Matryoshka":5,"Ornamental Fan":21,"Bird Faced Urn":18,"MealTicket":4,"Tiny Chest":12,"Art of War":11,"Bag of Marbles":20,"Kunai":18,"PureWater":0,"Toxic Egg 2":15,"Meat on the Bone":13},{"Regal Pillow":70,"Torii":136,"Astrolabe":91,"Omamori":70,"Whetstone":18,"TeardropLocket":23,"Odd Mushroom":23,"Cursed Key":40,"Blood Vial":153,"Nunchaku":116,"Matryoshka":21,"Ornamental Fan":128,"Bird Faced Urn":108,"MealTicket":18,"Tiny Chest":64,"Art of War":55,"Bag of Marbles":122,"Kunai":108,"PureWater":0,"Toxic Egg 2":79,"Meat on the Bone":70}],"Meat on the Bone":24},"card_choices":[{"not_picked":["SashWhip","Vengeance"],"picked":"Wallop","floor":1.0},{"not_picked":["ClearTheMind","Halt"],"picked":"EmptyFist","floor":4.0},{"not_picked":["Weave","FollowUp"],"picked":"CutThroughFate","floor":5.0},{"not_picked":["WreathOfFlame","Evaluate"],"picked":"EmptyMind","floor":7.0},{"not_picked":["BowlingBash","FollowUp"],"picked":"WheelKick","floor":10.0},{"not_picked":["CutThroughFate","FlyingSleeves"],"picked":"EmptyBody","floor":11.0},{"not_picked":["BowlingBash","WindmillStrike"],"picked":"Halt","floor":14.0},{"not_picked":["Brilliance","Judgement"],"picked":"LessonLearned","floor":16.0},{"not_picked":["Nirvana","CutThroughFate"],"picked":"EmptyMind+1","floor":18.0},{"not_picked":["EmptyMind+1","WindmillStrike+1"],"picked":"FlurryOfBlows+1","floor":20.0},{"not_picked":["FlyingSleeves+1","Study"],"picked":"JustLucky+1","floor":21.0},{"not_picked":["FlyingSleeves","Sanctity"],"picked":"DeusExMachina","floor":23.0},{"not_picked":["Judgement","Study"],"picked":"Tantrum","floor":25.0},{"not_picked":["EmptyFist","CrushJoints"],"picked":"Adaptation+1","floor":27.0},{"not_picked":["DeceiveReality+1","FollowUp","Prostrate+1"],"picked":"SKIP","floor":29.0},{"not_picked":["LessonLearned","Blasphemy+1"],"picked":"ConjureBlade+1","floor":33.0},{"not_picked":["Crescendo+1","Protect+1"],"picked":"Halt+1","floor":35.0},{"not_picked":["WaveOfTheHand+1","JustLucky","Evaluate+1"],"picked":"SKIP","floor":36.0},{"not_picked":["FollowUp+1","FlyingSleeves+1"],"picked":"SpiritShield+1","floor":41.0},{"not_picked":["Indignation+1","Crescendo+1"],"picked":"Conclude","floor":44.0},{"not_picked":["SashWhip+1","Pray+1"],"picked":"Fasting2+1","floor":47.0},{"not_picked":["Devotion","ForeignInfluence+1"],"picked":"FlurryOfBlows+1","floor":54.0}],"player_experience":2994335,"relics_obtained":[{"floor":7.0,"key":"MealTicket"},{"floor":9.0,"key":"Whetstone"},{"floor":10.0,"key":"Matryoshka"},{"floor":11.0,"key":"Odd Mushroom"},{"floor":23.0,"key":"Tiny Chest"},{"floor":25.0,"key":"Meat on the Bone"},{"floor":26.0,"key":"Regal Pillow"},{"floor":26.0,"key":"Omamori"},{"floor":29.0,"key":"Toxic Egg 2"},{"floor":39.0,"key":"Kunai"},{"floor":39.0,"key":"Bird Faced Urn"},{"floor":41.0,"key":"Nunchaku"},{"floor":44.0,"key":"Bag of Marbles"},{"floor":47.0,"key":"Ornamental Fan"},{"floor":48.0,"key":"Torii"},{"floor":54.0,"key":"Blood Vial"}],"event_choices":[{"damage_healed":0.0,"max_hp_gain":0.0,"max_hp_loss":0.0,"gold_gain":175.0,"event_name":"Liars Game","player_choice":"AGREE","floor":3.0,"gold_loss":0.0,"damage_taken":0.0,"cards_obtained":["Doubt"]},{"damage_healed":0.0,"max_hp_gain":0.0,"max_hp_loss":0.0,"gold_gain":0.0,"event_name":"Mushrooms","player_choice":"Fought Mushrooms","floor":11.0,"gold_loss":0.0,"damage_taken":0.0},{"damage_healed":0.0,"max_hp_gain":0.0,"max_hp_loss":0.0,"gold_gain":0.0,"cards_transformed":["Strike_P","Halt"],"event_name":"Drug Dealer","player_choice":"Became Test Subject","floor":19.0,"gold_loss":0.0,"damage_taken":0.0,"cards_obtained":["EmptyBody","Conclude"]},{"cards_removed":["Regret"],"damage_healed":0.0,"max_hp_gain":0.0,"max_hp_loss":0.0,"gold_gain":0.0,"event_name":"Beggar","player_choice":"Gave Gold","floor":30.0,"gold_loss":75.0,"damage_taken":0.0},{"damage_healed":0.0,"max_hp_gain":0.0,"max_hp_loss":0.0,"gold_gain":99.0,"event_name":"Nest","player_choice":"Stole From Cult","floor":31.0,"gold_loss":0.0,"damage_taken":0.0},{"damage_healed":0.0,"max_hp_gain":0.0,"max_hp_loss":0.0,"gold_gain":0.0,"event_name":"Tomb of Lord Red Mask","player_choice":"Ignored","floor":37.0,"gold_loss":0.0,"damage_taken":0.0},{"cards_removed":["CutThroughFate"],"damage_healed":0.0,"max_hp_gain":0.0,"max_hp_loss":0.0,"gold_gain":0.0,"event_name":"Falling","player_choice":"Removed Attack","floor":42.0,"gold_loss":0.0,"damage_taken":0.0},{"damage_healed":0.0,"max_hp_gain":0.0,"max_hp_loss":0.0,"gold_gain":0.0,"event_name":"MindBloom","player_choice":"Fight","floor":48.0,"gold_loss":0.0,"damage_taken":0.0}],"is_beta":true,"boss_relics":[{"not_picked":["SlaversCollar","Calling Bell"],"picked":"Cursed Key"},{"not_picked":["Runic Dome","Velvet Choker"],"picked":"Astrolabe"}],"items_purged_floors":[2,12,38],"is_endless":false,"potions_floor_spawned":[1,5,7,14,21,25,27,35,47,48,54],"killed_by":"The Heart","ascension_level":5}}