{"host":"4evnc443c98ww2zl","time":1612206324,"event":{"mods":["BaseMod","Better Third Choice","Hermit","Koishi","Luminous","Minty Spire (QoL Compilation)","Remilia??????","Robot Space Explorer","StSLib","The Administrix","The Bug Knight","The Cursed","TheSwordswoman"],"gold_per_floor":[116,116,116,134,153,184,197,228,299,326,340,375,375,402,402,504,504,514,514,514,530,542,574,603,603,626,660,660,710,710,742,742,841,841,851,629,683,146,181,209,220,255,255,282,130,156,169,208,208,208,208,208,61,88,88,88],"floor_reached":55,"language":"ENG","playtime":5243,"items_purged":["Wrath_TH"],"score":1202,"play_id":"669bc7f9-b76e-4ab6-86e3-4f9f516bbc7e","local_time":"20210201130524","daily_mods":["SealedDeck","Diverse","Colorless Cards","Heirloom","DeadlyEvents","Elite Swarm"],"is_ascension_mode":false,"campfire_choices":[{"floor":13,"key":"RECALL"},{"floor":15,"key":"REST"},{"floor":25,"key":"REST"},{"floor":28,"key":"REST"},{"floor":30,"key":"REST"},{"floor":32,"key":"REST"}],"circlet_count":0,"master_deck":["EndlessAdversity","Prepared+1","LeisurelyOfLord","hermit:Brawl","TheCursedMod:TacticalStrike","Sweeping Beam","Cleave","HollowMod:NewLittleFool","Luminous:Light_Gather","Rip and Tear","AdministrixMod:FuneraryRites+1","AdministrixMod:ExtolVirtue","HollowMod:CloakDash+1","Seek","Luminous:Light_Track","Reaper","Deflect+1","Koishi:RuptureMind","Envenom","RobotSpaceExplorer:Ammunition+1","Electrodynamics","Dagger Spray+1","EndlessPower","TheCursedMod:SmokeScreen+1","TheCursedMod:CursedShiv+1","Master of Strategy+1","RobotSpaceExplorer:ShockMissile","TheCursedMod:FleshFromBone+1","Juggernaut","FavorOfDestiny+1","RobotSpaceExplorer:TrailblazerForm","TheCursedMod:CircleOfFlame+1","DeusExMachina+1","blazmod:PureOfSoul+1","Dagger Spray","HollowMod:DoubleDash+1","Swift Strike","Prostrate+1","Juggernaut","Bandage Up+1","MiserableFate+1","Burst+1","Luminous:Light_Track"],"relics":["hermit:Momento","hermit:RedScarf","Bottled Tornado","War Paint","Toxic Egg 2","Dream Catcher","hermit:CharredGlove","Happy Flower","Fusion Hammer","MutagenicStrength","Bag of Preparation","hermit:Horseshoe","Toy Ornithopter","AntiCross","Blood Vial","Strawberry","Coffee Dripper","Bag of Marbles","Turnip","HandDrill","Bottled Lightning","Incense Burner","Nunchaku","Ancient Tea Set","StrikeDummy","Frozen Eye","Prayer Wheel","CeramicFish","DollysMirror","hermit:RyeStalk"],"acts_visited":["Exordium","TheCity","TheBeyond","TheEnding"],"potions_floor_usage":[8,10,23,24,24,37,41,50,54],"damage_taken":[{"damage":0,"enemies":"2 Louse","floor":1,"turns":1},{"damage":11,"enemies":"Jaw Worm","floor":4,"turns":3},{"damage":0,"enemies":"Cultist","floor":5,"turns":2},{"damage":15,"enemies":"Gremlin Nob","floor":6,"turns":4},{"damage":0,"enemies":"Lots of Slimes","floor":7,"turns":1},{"damage":3,"enemies":"HollowMod:MossKnight","floor":8,"turns":4},{"damage":22,"enemies":"Gremlin Nob","floor":10,"turns":4},{"damage":18,"enemies":"3 Louse","floor":11,"turns":2},{"damage":0,"enemies":"Lagavulin","floor":12,"turns":5},{"damage":27,"enemies":"3 Sentries","floor":14,"turns":4},{"damage":15,"enemies":"Slime Boss","floor":16,"turns":6},{"damage":7,"enemies":"Shell Parasite","floor":18,"turns":4},{"damage":22,"enemies":"2 Thieves","floor":21,"turns":3},{"damage":2,"enemies":"3 Cultists","floor":22,"turns":2},{"damage":39,"enemies":"Slavers","floor":23,"turns":4},{"damage":39,"enemies":"Gremlin Leader","floor":24,"turns":4},{"damage":15,"enemies":"Slavers","floor":27,"turns":3},{"damage":9,"enemies":"Gremlin Leader","floor":29,"turns":4},{"damage":8,"enemies":"Slavers","floor":31,"turns":3},{"damage":5,"enemies":"Collector","floor":33,"turns":3},{"damage":10,"enemies":"Orb Walker","floor":35,"turns":2},{"damage":0,"enemies":"2 Orb Walkers","floor":37,"turns":2},{"damage":0,"enemies":"Giant Head","floor":39,"turns":4},{"damage":0,"enemies":"Nemesis","floor":40,"turns":1},{"damage":0,"enemies":"3 Darklings","floor":41,"turns":2},{"damage":1,"enemies":"Giant Head","floor":42,"turns":5},{"damage":5,"enemies":"HollowMod:StalkingDevout","floor":44,"turns":4},{"damage":0,"enemies":"Nemesis","floor":46,"turns":1},{"damage":26,"enemies":"Writhing Mass","floor":47,"turns":3},{"damage":0,"enemies":"Reptomancer","floor":48,"turns":4},{"damage":62,"enemies":"Awakened One","floor":50,"turns":6},{"damage":17,"enemies":"Shield and Spear","floor":54,"turns":3},{"damage":3,"enemies":"The Heart","floor":55,"turns":1}],"seed_played":"4182218726786050277","potions_obtained":[{"floor":1,"key":"CultistPotion"},{"floor":6,"key":"ColorlessPotion"},{"floor":11,"key":"SpeedPotion"},{"floor":14,"key":"FairyPotion"},{"floor":16,"key":"GamblersBrew"},{"floor":18,"key":"Energy Potion"},{"floor":23,"key":"DuplicationPotion"},{"floor":37,"key":"Block Potion"},{"floor":42,"key":"EssenceOfSteel"}],"is_trial":true,"path_per_floor":["M","?","T","M","M","E","M","E","T","E","M","E","R","E","R","B",null,"M","?","?","M","M","E","E","R","T","E","R","E","R","E","R","B",null,"M","$","?","$","E","E","M","E","T","E","$","E","M","E","R","B",null,"R","$","E","B"],"character_chosen":"HERMIT","items_purchased":["Bag of Marbles","HandDrill","Bottled Lightning","HollowMod:DoubleDash+1","Swift Strike","Frozen Eye","DollysMirror"],"campfire_rested":5,"item_purchase_floors":[36,38,38,38,38,45,53],"current_hp_per_floor":[75,75,75,64,64,49,49,46,46,38,32,32,32,17,43,48,89,87,87,87,70,68,43,34,60,60,54,80,88,89,96,96,91,96,95,95,96,96,96,96,96,96,96,91,91,93,69,81,81,79,96,96,96,84,83,83],"gold":88,"neow_bonus":"","is_daily":false,"chose_seed":false,"campfire_upgraded":0,"win_rate":0.0,"timestamp":1612206324,"path_taken":["M","?","?","M","?","E","M","E","T","E","M","E","R","?","R","BOSS","M","?","?","M","M","E","?","R","T","E","R","E","R","E","R","BOSS","M","$","?","?","?","E","?","E","T","E","$","E","M","E","R","BOSS","R","$","E","BOSS"],"items_purchased_type":["Relic","Relic","Relic","Card","Card","Relic","Relic"],"build_version":"2020-12-22","purchased_purges":1,"victory":false,"max_hp_per_floor":[75,75,75,75,75,75,75,75,75,89,89,89,89,89,89,89,89,89,89,89,89,89,89,89,89,89,89,89,89,89,96,96,96,96,96,96,96,96,96,96,96,96,96,96,96,96,96,96,96,96,96,96,96,96,96,96],"card_choices":[{"not_picked":["HollowMod:SharpenedShadows","FavorOfDestiny"],"picked":"AdministrixMod:FuneraryRites","floor":1},{"not_picked":["Luminous:Dark_Raid","Dagger Throw"],"picked":"AdministrixMod:ExtolVirtue","floor":4},{"not_picked":["HollowMod:VengefulVoid","AdministrixMod:FiendishCrimson"],"picked":"HollowMod:CloakDash","floor":5},{"not_picked":["Luminous:Ethereal_Form_Luminous","RobotSpaceExplorer:Asteroid"],"picked":"Seek","floor":6},{"not_picked":["TheCursedMod:VitalStrike","AdministrixMod:UnstableVigor"],"picked":"Luminous:Light_Track","floor":7},{"not_picked":["ScarletMeister","Scrawl+1"],"picked":"blazmod:CrescentMoon","floor":8},{"not_picked":["RobotSpaceExplorer:Accelerator","TheCursedMod:DemonSword"],"picked":"Reaper","floor":10},{"not_picked":["Flying Knee","Pray+1"],"picked":"Deflect+1","floor":11},{"not_picked":["AdministrixMod:BattleforgedBonds+1","blazmod:GlasswingWaltz+1"],"picked":"Koishi:RuptureMind","floor":12},{"not_picked":["Mayhem","Violence+1"],"picked":"Envenom","floor":14},{"not_picked":["FlyingSleeves","HollowMod:SoulStrike"],"picked":"RobotSpaceExplorer:Ammunition+1","floor":15},{"not_picked":["TheCursedMod:NeowsMight+1","blazmod:TrueSelf"],"picked":"Electrodynamics","floor":16},{"not_picked":["AdministrixMod:Transcension+1","RobotSpaceExplorer:ScrapMissile"],"picked":"Dagger Spray+1","floor":18},{"not_picked":["Sword Boomerang+1","AdministrixMod:Metempsychosis+1"],"picked":"TheCursedMod:SmokeScreen+1","floor":21},{"not_picked":["blazmod:MoonlightBlossoms","blazmod:SidewaySolace+1"],"picked":"TheCursedMod:CursedShiv+1","floor":22},{"not_picked":["BloodRain+1","Koishi:RollingInRichesHeart+1"],"picked":"Master of Strategy+1","floor":23},{"not_picked":["Luminous:Dark_Crescendo_Luminous","HeartBreak"],"picked":"RobotSpaceExplorer:ShockMissile","floor":24},{"not_picked":["hermit:Malice","Conclude"],"picked":"TheCursedMod:FleshFromBone+1","floor":25},{"not_picked":["Hyperbeam","CeilingFear+1"],"picked":"Juggernaut","floor":27},{"not_picked":["HollowMod:MothsMistake","HollowMod:SiblingsSouls+1"],"picked":"FavorOfDestiny+1","floor":28},{"not_picked":["RobotSpaceExplorer:Arsenal+1","AdministrixMod:Mastermind+1","HollowMod:PureVessel"],"picked":"SKIP","floor":29},{"not_picked":["Metamorphosis+1","Demon Form"],"picked":"RobotSpaceExplorer:TrailblazerForm","floor":31},{"not_picked":["Sucker Punch","Koishi:SpiritedAway"],"picked":"TheCursedMod:CircleOfFlame+1","floor":32},{"not_picked":["Luminous:Balance_Baptism","ConjureBlade+1"],"picked":"DeusExMachina+1","floor":33},{"not_picked":["AdministrixMod:DiversionaryTactic","ThirdEye+1"],"picked":"blazmod:PureOfSoul+1","floor":35},{"not_picked":["EmptyBody+1","Rebound+1"],"picked":"Dagger Spray","floor":37},{"not_picked":["Ragnarok","RobotSpaceExplorer:Wormhole+1","hermit:RoundhouseKick"],"picked":"SKIP","floor":39},{"not_picked":["Transmutation+1","hermit:RoundhouseKick","Meteor Strike"],"picked":"SKIP","floor":40},{"not_picked":["hermit:ShadowCloak","blazmod:TrueOfHeart"],"picked":"Prostrate+1","floor":41},{"not_picked":["HollowMod:HornetsHelp","TricksterDevil"],"picked":"Juggernaut","floor":42},{"not_picked":["Hyperbeam","LessonLearned","Alpha+1"],"picked":"SKIP","floor":44},{"not_picked":["HollowMod:HornetsHelp","HandOfGreed","HollowMod:NewInfectedGuardian+1"],"picked":"SKIP","floor":46},{"not_picked":["Recycle+1","RobotSpaceExplorer:PowerGlove+1"],"picked":"Bandage Up+1","floor":47},{"not_picked":["BombardNight","Koishi:RacingHeart"],"picked":"MiserableFate+1","floor":47},{"not_picked":["Hyperbeam","Judgement+1"],"picked":"Burst+1","floor":48},{"not_picked":["Koishi:Ego","HollowMod:HerrahsAnger+1","TheCursedMod:VoidForm"],"picked":"SKIP","floor":54}],"player_experience":1183123,"relics_obtained":[{"floor":3,"key":"Bottled Tornado"},{"floor":6,"key":"War Paint"},{"floor":8,"key":"Toxic Egg 2"},{"floor":10,"key":"Dream Catcher"},{"floor":12,"key":"hermit:CharredGlove"},{"floor":14,"key":"Happy Flower"},{"floor":23,"key":"Bag of Preparation"},{"floor":24,"key":"hermit:Horseshoe"},{"floor":26,"key":"Toy Ornithopter"},{"floor":27,"key":"AntiCross"},{"floor":29,"key":"Blood Vial"},{"floor":31,"key":"Strawberry"},{"floor":37,"key":"Turnip"},{"floor":39,"key":"Incense Burner"},{"floor":40,"key":"Nunchaku"},{"floor":42,"key":"Ancient Tea Set"},{"floor":43,"key":"StrikeDummy"},{"floor":46,"key":"Prayer Wheel"},{"floor":48,"key":"CeramicFish"},{"floor":54,"key":"hermit:RyeStalk"}],"event_choices":[{"damage_healed":0,"gold_gain":0,"player_choice":"Grow","damage_taken":0,"max_hp_gain":0,"max_hp_loss":0,"event_name":"Living Wall","floor":2,"gold_loss":0,"cards_upgraded":["AdministrixMod:FuneraryRites"]},{"damage_healed":0,"gold_gain":0,"player_choice":"Inject Mutagens","damage_taken":0,"relics_obtained":["MutagenicStrength"],"max_hp_gain":0,"max_hp_loss":0,"event_name":"Drug Dealer","floor":20,"gold_loss":0},{"damage_healed":0,"gold_gain":0,"player_choice":"Fight","damage_taken":0,"max_hp_gain":0,"max_hp_loss":0,"event_name":"Mysterious Sphere","floor":37,"gold_loss":0}],"is_beta":false,"boss_relics":[{"not_picked":["Runic Pyramid","Snecko Eye"],"picked":"Fusion Hammer"},{"not_picked":["Velvet Choker","SacredBark"],"picked":"Coffee Dripper"}],"items_purged_floors":[36],"is_endless":false,"potions_floor_spawned":[1,6,11,14,16,18,22,23,37,40,42,44,48],"killed_by":"The Heart","ascension_level":0}}