{"host":"q6r63elxu27obe7v","time":1612160747,"event":{"mods":["2.2 Compatiblity","AchievementEnabler","BaseMod","CapriCore","DeckTracker","Keyboard Shortcuts","Minty Spire (QoL Compilation)","Permanent Neow","Quick Restart","Replay The Spire","StSLib","SuperFastMode","¡¼?Úª?ø«¡½REMEMod"],"gold_per_floor":[115,126,138,158,176,176,194,194,219,251,281,281,281,295,295,396,396,414,125,125,125],"floor_reached":20,"language":"KOR","playtime":927,"items_purged":["Defend_G"],"score":185,"play_id":"d8c3c830-bdb9-4a48-b718-1c44777f3045","local_time":"20210201152547","is_ascension_mode":true,"campfire_choices":[{"data":"A Thousand Cuts","floor":6,"key":"SMITH"},{"data":"Dagger Spray","floor":8,"key":"SMITH"},{"data":"Neutralize","floor":13,"key":"SMITH"},{"data":"Toxin Wave","floor":15,"key":"SMITH"}],"circlet_count":0,"master_deck":["Strike_G","Strike_G","Strike_G","Defend_G","Defend_G","Defend_G","Defend_G","Survivor","Neutralize+1","Toxin Wave+1","A Thousand Cuts+1","Poisoned Stab","Dagger Spray+1","PiercingWail","Dagger Spray","ReplayTheSpireMod:Speed Training","Deflect","Deadly Poison","Tactician","Envenom","Deflect","Footwork+1"],"relics":["REME_ComplimentaryCards","Boot","StrikeDummy","Sizzling Blood","Empty Cage","REME_CardOfGreed"],"acts_visited":["Exordium","TheCity"],"potions_floor_usage":[16,16,16,20],"damage_taken":[{"damage":0,"enemies":"Jaw Worm","floor":1,"turns":5},{"damage":0,"enemies":"Small Slimes","floor":2,"turns":2},{"damage":0,"enemies":"Cultist","floor":3,"turns":3},{"damage":20,"enemies":"Blue Slaver","floor":4,"turns":7},{"damage":8,"enemies":"Red Slaver","floor":5,"turns":5},{"damage":0,"enemies":"3 Louse","floor":7,"turns":2},{"damage":20,"enemies":"Gremlin Nob","floor":10,"turns":4},{"damage":3,"enemies":"Blue Slaver","floor":14,"turns":3},{"damage":27,"enemies":"Fading Forest","floor":16,"turns":11},{"damage":47,"enemies":"Chosen","floor":18,"turns":7},{"damage":34,"enemies":"Masked Bandits","floor":20,"turns":3}],"seed_played":"6128703409540448382","potions_obtained":[{"floor":2,"key":"Explosive Potion"},{"floor":3,"key":"SteroidPotion"},{"floor":10,"key":"SteroidPotion"},{"floor":16,"key":"Poison Potion"}],"is_trial":false,"path_per_floor":["M","M","M","M","M","R","M","R","T","E","?","?","R","M","R","B",null,"M","$","?"],"character_chosen":"THE_SILENT","items_purchased":["Footwork+1","REME_CardOfGreed"],"campfire_rested":0,"item_purchase_floors":[19,19],"current_hp_per_floor":[70,70,70,50,42,42,42,42,42,22,22,26,26,27,27,24,74,31,31,0,0],"gold":125,"neow_bonus":"THREE_CARDS","is_daily":false,"chose_seed":false,"campfire_upgraded":4,"win_rate":0.0,"timestamp":1612160747,"path_taken":["M","M","M","M","M","R","M","R","T","E","?","?","R","M","R","BOSS","M","$","?"],"items_purchased_type":["Card","Relic"],"build_version":"2020-12-22","purchased_purges":1,"victory":false,"max_hp_per_floor":[70,70,70,70,70,70,70,70,70,70,70,74,74,74,74,74,74,74,74,74,74],"card_choices":[{"not_picked":["Hidden Blade","Dagger Throw"],"picked":"Toxin Wave","floor":0},{"not_picked":["PiercingWail","Bane"],"picked":"Poisoned Stab","floor":1},{"not_picked":["Quick Slash","Acrobatics"],"picked":"Dagger Spray","floor":2},{"not_picked":["Flying Knee","Quick Slash"],"picked":"PiercingWail","floor":3},{"not_picked":["Unload","Blade Dance"],"picked":"Dagger Spray","floor":4},{"not_picked":["Blade Dance","Flying Knee"],"picked":"ReplayTheSpireMod:Speed Training","floor":5},{"not_picked":["Sucker Punch","Infinite Blades"],"picked":"Deflect","floor":7},{"not_picked":["Dodge and Roll","Replay:Poison Smokescreen"],"picked":"Deadly Poison","floor":10},{"not_picked":["Underhanded Strike","Dagger Spray"],"picked":"Tactician","floor":14},{"not_picked":["Replay:Bag of Tricks","Venomology"],"picked":"Envenom","floor":16},{"not_picked":["Toxin Wave","Tactician+1"],"picked":"Deflect","floor":18}],"player_experience":81814,"relics_obtained":[{"floor":9,"key":"Boot"},{"floor":10,"key":"StrikeDummy"}],"event_choices":[{"damage_healed":0,"gold_gain":30,"player_choice":"Searched \u00271\u0027 times","damage_taken":0,"max_hp_gain":0,"max_hp_loss":0,"event_name":"Dead Adventurer","floor":11,"gold_loss":0},{"damage_healed":0,"gold_gain":0,"player_choice":"Fought Bandits","damage_taken":0,"max_hp_gain":0,"max_hp_loss":0,"event_name":"Masked Bandits","floor":20,"gold_loss":0}],"is_beta":false,"boss_relics":[{"not_picked":["WristBlade","Sozu"],"picked":"Empty Cage"}],"items_purged_floors":[19],"is_endless":false,"potions_floor_spawned":[2,3,10,16],"killed_by":"Masked Bandits","ascension_level":1}}