{"host":"15f3wpiimhe5yrng","time":1612216969,"event":{"mods":["BaseMod","Better Altar","Better Match","Better Note","Better Sensory Stone","Better Skull","Better Third Choice","Colored Map","Downfall","GifTheSpireLib","Good Game Mod","Minty Spire (QoL Compilation)","Permanent Neow","StSLib","The Disciple","The Mystic"],"gold_per_floor":[300,300,316,329,58,86,113,25,48,70,82,99,130,146,163,265,265,165,165,165,165,184,210,281,281,281,181,191,204,204,219,232,335,335,335,349,349,368,129,143,143,168,168,197,222,238,238,254,273,273,273,304,2,2,2,2,2,2],"floor_reached":56,"language":"ENG","playtime":4201,"items_purged":["Slimebound:FinishingTackle"],"score":941,"play_id":"f780ae14-ecbf-418e-8ac3-4ea32df52795","local_time":"20210201230249","is_ascension_mode":false,"campfire_choices":[{"floor":1,"key":"RECALL"},{"data":"Slimebound:Prepare","floor":8,"key":"SMITH"},{"data":"Writhe","floor":18,"key":"PURGE"},{"data":"Bludgeon","floor":27,"key":"PURGE"},{"data":"Slimebound:Strike_Slimebound","floor":30,"key":"PURGE"},{"data":"Slimebound:MassRepurpose","floor":35,"key":"PURGE"},{"data":"Pain","floor":43,"key":"PURGE"},{"data":"Slimebound:Split","floor":47,"key":"PURGE"},{"data":"Slimebound:RejuvenatingLick","floor":54,"key":"SMITH"}],"circlet_count":0,"master_deck":["Slimebound:Defend_Slimebound","Slimebound:Defend_Slimebound","Slimebound:Defend_Slimebound","Slimebound:CorrosiveSpit","Slimebound:SlimeSlap","Slimebound:TongueLash","Slimebound:SplitMire","Slimebound:Prepare+1","Slimebound:AcidTongue","Slimebound:MegaLick","Slimebound:MassFeed","Slimebound:LeechLife","Slimebound:SplitMire","Slimebound:GoopSpray","Slimebound:MassFeed","Slimebound:RejuvenatingLick+1","Slimebound:RejuvenatingLick","Slimebound:SamplingLick","Slimebound:Schlurp","Slimebound:Schlurp","Slimebound:AcidTongue+1","Slimebound:GoopSpray","Slimebound:GoopSpray+1","Slimebound:Prepare","Slimebound:MassFeed","Slimebound:Schlurp","Slimebound:ProtectTheBoss","Slimebound:LeechLife","Slimebound:Prepare+1","Slimebound:MegaLick+1","Slimebound:SlimeTap+1","Slimebound:Prepare+1","Slimebound:SamplingLick+1","Slimebound:Replication+1","Slimebound:SamplingLick+1","Slimebound:SamplingLick+1"],"relics":["Slimebound:AbsorbEndCombatUpgraded","REME:ComplimentaryCards","Old Coin","downfall:HeartBlessingGreen","Slimebound:ScrapOozeRelic","Prayer Wheel","SacredBark","downfall:HeartBlessingRed","downfall:RedIOU","Strawberry","downfall:HeartBlessingBlue","WarpedTongs","ClockworkSouvenir","Ancient Tea Set","Slimebound:MaxSlimesRelic","Gambling Chip","Dream Catcher","Bronze Scales","Thread and Needle"],"acts_visited":["Exordium","TheCity","TheBeyond","TheEnding"],"potions_floor_usage":[5,13,31,55,55,56],"damage_taken":[{"damage":11,"enemies":"Jaw Worm","floor":3,"turns":2},{"damage":6,"enemies":"Cultist","floor":4,"turns":3},{"damage":5,"enemies":"downfall:FleeingMerchant","floor":5,"turns":4},{"damage":25,"enemies":"Gremlin Nob","floor":6,"turns":4},{"damage":0,"enemies":"Small Slimes","floor":9,"turns":3},{"damage":5,"enemies":"Blue Slaver","floor":10,"turns":3},{"damage":8,"enemies":"Exordium Wildlife","floor":12,"turns":5},{"damage":23,"enemies":"Lagavulin","floor":13,"turns":5},{"damage":2,"enemies":"2 Fungi Beasts","floor":14,"turns":3},{"damage":2,"enemies":"3 Louse","floor":15,"turns":2},{"damage":9,"enemies":"WA_ARCHETYPE_RETAIN","floor":16,"turns":4},{"damage":9,"enemies":"Chosen","floor":22,"turns":6},{"damage":20,"enemies":"Book of Stabbing","floor":23,"turns":5},{"damage":1,"enemies":"Shell Parasite","floor":28,"turns":4},{"damage":95,"enemies":"Chosen and Byrds","floor":29,"turns":9},{"damage":12,"enemies":"Centurion and Healer","floor":31,"turns":8},{"damage":9,"enemies":"Snake Plant","floor":32,"turns":3},{"damage":40,"enemies":"DF_ARCHETYPE_CLAW","floor":33,"turns":10},{"damage":11,"enemies":"3 Darklings","floor":36,"turns":4},{"damage":0,"enemies":"3 Shapes","floor":38,"turns":2},{"damage":3,"enemies":"downfall:FleeingMerchant","floor":39,"turns":4},{"damage":5,"enemies":"Spire Growth","floor":40,"turns":5},{"damage":38,"enemies":"Reptomancer","floor":42,"turns":4},{"damage":15,"enemies":"Giant Head","floor":44,"turns":8},{"damage":0,"enemies":"Writhing Mass","floor":46,"turns":7},{"damage":0,"enemies":"3 Darklings","floor":48,"turns":3},{"damage":19,"enemies":"Transient","floor":49,"turns":5},{"damage":10,"enemies":"SI_POISON_ARCHETYPE","floor":50,"turns":9},{"damage":163,"enemies":"downfall:CharBossMerchant","floor":52,"turns":10},{"damage":40,"enemies":"downfall:NeowBoss","floor":55,"turns":17},{"damage":173,"enemies":"downfall:NeowBossFinal","floor":56,"turns":11}],"seed_played":"-1830423884687762855","potions_obtained":[{"floor":3,"key":"GamblersBrew"},{"floor":6,"key":"FearPotion"},{"floor":9,"key":"Guardian:BlockOnCardUsePotion"},{"floor":12,"key":"LiquidMemories"},{"floor":15,"key":"DistilledChaos"},{"floor":26,"key":"CultistPotion"},{"floor":32,"key":"DuplicationPotion"}],"is_trial":false,"path_per_floor":["R","?","M","M","$","E","T","R","M","M","?","M","E","M","M","B",null,"R","?","?","?","M","E","T","?","?","R","M","M","R","M","M","B",null,"R","M","?","M","$","M","T","E","R","E","T","M","R","M","M","B",null,"E","$","R","B","B"],"character_chosen":"SLIMEBOUND","items_purchased":["Slimebound:AcidTongue","Slimebound:MegaLick","Slimebound:MassFeed","ClockworkSouvenir","Thread and Needle"],"campfire_rested":0,"item_purchase_floors":[5,5,5,39,53],"current_hp_per_floor":[65,65,54,54,51,32,32,32,43,40,40,51,55,63,70,68,89,89,89,89,89,82,76,76,76,76,86,112,22,22,54,50,21,127,127,128,128,139,139,143,143,120,120,118,118,124,124,136,147,147,160,64,64,64,160,0,0,0],"gold":2,"neow_bonus":"ONE_RARE_RELIC","is_daily":false,"chose_seed":false,"campfire_upgraded":2,"win_rate":0.0,"timestamp":1612216969,"path_taken":["R","?","M","M","$","E","T","R","M","?","?","M","E","M","M","BOSS","R","?","?","?","M","E","T","?","?","R","M","M","R","M","M","BOSS","R","M","?","M","$","?","T","E","R","E","?","M","R","?","M","BOSS","E","$","R","BOSS","BOSS"],"items_purchased_type":["Card","Card","Card","Relic","Relic"],"build_version":"2020-12-22","purchased_purges":1,"victory":false,"max_hp_per_floor":[65,65,65,65,65,65,65,65,68,68,68,68,71,77,86,89,89,89,89,89,89,89,99,99,99,99,109,112,115,115,121,124,127,127,127,130,130,139,139,143,143,146,146,150,150,153,153,156,156,160,160,160,160,160,160,160,160,160],"card_choices":[{"not_picked":["Slimebound:Prepare","Slimebound:FlameTackle"],"picked":"Slimebound:SplitMire","floor":3},{"not_picked":["Slimebound:SplitBruiser","Slimebound:Chomp"],"picked":"Slimebound:Prepare","floor":4},{"not_picked":["Slimebound:LivingWall","Slimebound:ComboTackle"],"picked":"Slimebound:FinishingTackle","floor":5},{"not_picked":["Slimebound:Schlurp","Slimebound:SamplingLick"],"picked":"Slimebound:LeechLife","floor":6},{"not_picked":["Slimebound:FlameTackle","Slimebound:Chomp"],"picked":"Slimebound:SplitMire","floor":9},{"not_picked":["Slimebound:SplitLeeching","Slimebound:LeechingTouch"],"picked":"Slimebound:GoopSpray","floor":10},{"not_picked":["Slimebound:RollThrough","Slimebound:RainOfGoop"],"picked":"Slimebound:MassFeed","floor":12},{"not_picked":["Slimebound:RollThrough","Slimebound:GoopSpray"],"picked":"Slimebound:RejuvenatingLick","floor":13},{"not_picked":["Slimebound:FinishingTackle","Slimebound:SplitMire"],"picked":"Slimebound:RejuvenatingLick","floor":14},{"not_picked":["Slimebound:SplitMire","Slimebound:ComboTackle"],"picked":"Slimebound:SamplingLick","floor":14},{"not_picked":["Slimebound:ItLooksTasty","Slimebound:Dissolve"],"picked":"Slimebound:Schlurp","floor":15},{"not_picked":["Slimebound:LivingWall","Slimebound:SplitMire"],"picked":"Slimebound:Schlurp","floor":15},{"not_picked":["Slimebound:HauntingLick","Slimebound:LivingWall"],"picked":"Slimebound:AcidTongue+1","floor":22},{"not_picked":["Slimebound:LeechEnergy","Slimebound:SplitBruiser","Slimebound:GrowthPunch"],"picked":"SKIP","floor":22},{"not_picked":["Slimebound:SplitSpecialist","Slimebound:Replication"],"picked":"Slimebound:GoopSpray","floor":23},{"not_picked":["Slimebound:ViciousTackle","Slimebound:ForwardTackle"],"picked":"Slimebound:GoopSpray+1","floor":28},{"not_picked":["Slimebound:Nibble+1","Slimebound:SplitLeeching","Slimebound:RollThrough"],"picked":"SKIP","floor":28},{"not_picked":["Slimebound:GoopTackle+1","Slimebound:SlimeBrawl"],"picked":"Slimebound:Prepare","floor":29},{"not_picked":["Slimebound:SplitAcid","Slimebound:HauntingLick","Slimebound:SplitBruiser+1"],"picked":"SKIP","floor":29},{"not_picked":["Slimebound:SlimeSpikes","Slimebound:RollThrough"],"picked":"Slimebound:MassFeed","floor":31},{"not_picked":["Slimebound:Schlurp","Slimebound:LeechEnergy","Slimebound:RollThrough+1"],"picked":"SKIP","floor":31},{"not_picked":["Slimebound:LeechEnergy","Slimebound:RollThrough+1"],"picked":"Slimebound:Schlurp","floor":31},{"not_picked":["Slimebound:Prepare","Slimebound:RainOfGoop"],"picked":"Slimebound:ProtectTheBoss","floor":32},{"not_picked":["Slimebound:SplitMire","Slimebound:LivingWall","Slimebound:MegaLick"],"picked":"SKIP","floor":32},{"not_picked":["Slimebound:SlimeSlap","Slimebound:OneTwoCombo"],"picked":"Slimebound:LeechLife","floor":33},{"not_picked":["Slimebound:RainOfGoop","Slimebound:ServeAndProtect+1"],"picked":"Slimebound:Prepare+1","floor":36},{"not_picked":["Slimebound:Equalize+1","Slimebound:GoopSpray"],"picked":"Slimebound:MegaLick+1","floor":36},{"not_picked":["Slimebound:ForwardTackle+1","Slimebound:GoopSpray"],"picked":"Slimebound:SlimeTap+1","floor":38},{"not_picked":["Slimebound:LivingWall","Slimebound:RollThrough+1","Slimebound:MegaLick"],"picked":"SKIP","floor":38},{"not_picked":["Slimebound:LevelUp","Slimebound:SlimeSpikes","Slimebound:PressTheAttack+1"],"picked":"SKIP","floor":39},{"not_picked":["Slimebound:ItLooksTasty+1","Slimebound:RejuvenatingLick"],"picked":"Slimebound:Prepare+1","floor":40},{"not_picked":["Slimebound:PressTheAttack+1","Slimebound:GoopSpray+1","Slimebound:ItLooksTasty"],"picked":"SKIP","floor":40},{"not_picked":["Slimebound:RallyTheTroops","Slimebound:SplitLeeching"],"picked":"Slimebound:SamplingLick+1","floor":42},{"not_picked":["Slimebound:SamplingLick","Slimebound:Equalize+1","Slimebound:ItLooksTasty"],"picked":"SKIP","floor":44},{"not_picked":["Slimebound:Gluttony+1","Slimebound:Grow"],"picked":"Slimebound:Replication+1","floor":46},{"not_picked":["Slimebound:Chomp","Slimebound:ViciousTackle+1","Slimebound:SlimeSpikes"],"picked":"SKIP","floor":46},{"not_picked":["Slimebound:Dissolve","Slimebound:PressTheAttack"],"picked":"Slimebound:SamplingLick+1","floor":48},{"not_picked":["Slimebound:SplitSpecialist+1","Slimebound:GoopTackle","Slimebound:Equalize"],"picked":"SKIP","floor":48},{"not_picked":["Slimebound:SlimeTap","Slimebound:RollThrough"],"picked":"Slimebound:SamplingLick+1","floor":49},{"not_picked":["Slimebound:ComboTackle","Slimebound:OozeBath","Slimebound:SpikyOuterGoop+1"],"picked":"SKIP","floor":49},{"not_picked":["Slimebound:LivingWall","Slimebound:FinishingTackle","Slimebound:GoopSpray"],"picked":"SKIP","floor":52}],"player_experience":114364,"relics_obtained":[{"floor":6,"key":"Bottled Lightning"},{"floor":7,"key":"MawBank"},{"floor":13,"key":"Prayer Wheel"},{"floor":23,"key":"Strawberry"},{"floor":41,"key":"Ancient Tea Set"},{"floor":42,"key":"Slimebound:MaxSlimesRelic"},{"floor":44,"key":"Gambling Chip"},{"floor":45,"key":"Dream Catcher"},{"floor":52,"key":"Bronze Scales"}],"event_choices":[{"cards_removed":["Slimebound:MassFeed"],"damage_healed":0,"gold_gain":0,"player_choice":"Give","damage_taken":0,"max_hp_gain":0,"max_hp_loss":0,"event_name":"betterNote:BetterNote","floor":19,"gold_loss":0,"cards_obtained":["champ:HeavySlash"]},{"damage_healed":0,"gold_gain":0,"player_choice":"Ignored","damage_taken":0,"max_hp_gain":0,"max_hp_loss":0,"event_name":"Vampires","floor":25,"gold_loss":0},{"damage_healed":0,"gold_gain":0,"player_choice":"Rummage","damage_taken":0,"relics_obtained":["WarpedTongs"],"max_hp_gain":0,"max_hp_loss":0,"event_name":"Accursed Blacksmith","floor":37,"gold_loss":0,"cards_obtained":["Pain"]}],"is_beta":false,"boss_relics":[{"not_picked":["Runic Pyramid","Snecko Eye"],"picked":"SacredBark"},{"not_picked":["Calling Bell","Runic Dome"],"picked":"Slimebound:AbsorbEndCombatUpgraded"}],"items_purged_floors":[39],"is_endless":false,"potions_floor_spawned":[3,6,9,12,15,22,23,32,38,42,44,49],"killed_by":"downfall:NeowBossFinal","ascension_level":0}}