{"host":"oehe2dxjvdgux73m","time":1612190550,"event":{"mods":["AchievementEnabler","BaseMod","Colored Map","Colored Powertips","DeckTracker","Keyboard Shortcuts","Minty Spire (QoL Compilation)","Permanent Neow","Quick Restart","StSLib","SuperFastMode"],"gold_per_floor":[113,85,85,85,98,98,123,150,150,185,258,277,277,310,310,385,385,400,315,327,343,343,343,343,373,373,373,373,387,387,401,401,401,401],"floor_reached":33,"language":"KOR","playtime":629,"items_purged":[],"score":686,"play_id":"9c7e8b5d-e3ff-4498-b1c6-06fceda47cdd","local_time":"20210201234230","is_ascension_mode":true,"campfire_choices":[{"data":"Pommel Strike","floor":6.0,"key":"SMITH"},{"data":"Perfected Strike","floor":13.0,"key":"SMITH"},{"data":"Perfected Strike","floor":15.0,"key":"SMITH"},{"data":"Corruption","floor":23.0,"key":"SMITH"},{"data":"Bash","floor":28.0,"key":"SMITH"},{"data":"Clothesline","floor":30.0,"key":"SMITH"},{"data":"Flame Barrier","floor":32.0,"key":"SMITH"}],"circlet_count":0,"master_deck":["AscendersBane","Strike_R","Strike_R","Strike_R","Strike_R","Strike_R","Defend_R","Defend_R","Defend_R","Defend_R","Bash+1","Headbutt","Pommel Strike+1","Clothesline+1","Perfected Strike+1","Perfected Strike+1","Corruption+1","Flame Barrier+1","Shrug It Off+1","Perfected Strike+1"],"relics":["Burning Blood","NeowsBlessing","FossilizedHelix","Gremlin Horn","Strawberry","HornCleat","Happy Flower","Potion Belt","Cursed Key","Ginger","Toxic Egg 2","Regal Pillow"],"acts_visited":["Exordium","TheCity"],"potions_floor_usage":[],"damage_taken":[{"damage":0.0,"enemies":"Small Slimes","floor":1.0,"turns":1.0},{"damage":0.0,"enemies":"2 Louse","floor":5.0,"turns":1.0},{"damage":0.0,"enemies":"Lagavulin","floor":7.0,"turns":1.0},{"damage":16.0,"enemies":"Gremlin Nob","floor":10.0,"turns":4.0},{"damage":0.0,"enemies":"Jaw Worm","floor":12.0,"turns":3.0},{"damage":10.0,"enemies":"Lagavulin","floor":14.0,"turns":4.0},{"damage":0.0,"enemies":"Slime Boss","floor":16.0,"turns":8.0},{"damage":16.0,"enemies":"3 Byrds","floor":18.0,"turns":5.0},{"damage":0.0,"enemies":"Shell Parasite","floor":20.0,"turns":3.0},{"damage":8.0,"enemies":"Snake Plant","floor":21.0,"turns":3.0},{"damage":0.0,"enemies":"Gremlin Leader","floor":25.0,"turns":4.0},{"damage":14.0,"enemies":"3 Cultists","floor":29.0,"turns":5.0},{"damage":11.0,"enemies":"Sentry and Sphere","floor":31.0,"turns":4.0},{"damage":61,"enemies":"Champ","floor":33,"turns":9}],"seed_played":"2605123756747551289","potions_obtained":[{"floor":1.0,"key":"GamblersBrew"},{"floor":7.0,"key":"ElixirPotion"},{"floor":12.0,"key":"DuplicationPotion"},{"floor":21.0,"key":"DuplicationPotion"},{"floor":25.0,"key":"Block Potion"}],"is_trial":false,"path_per_floor":["M","$","?","?","M","R","E","T","T","E","?","M","R","E","R","B",null,"M","?","M","M","?","R","?","E","T","?","R","M","R","M","R","B"],"character_chosen":"IRONCLAD","items_purchased":["Pommel Strike"],"campfire_rested":0,"item_purchase_floors":[2],"current_hp_per_floor":[74,74,63,63,69,69,75,82,82,72,72,78,78,74,74,80,82,72,72,78,76,76,76,52,58,58,58,58,50,50,45,45,0,0],"gold":401,"neow_bonus":"THREE_ENEMY_KILL","is_daily":false,"chose_seed":false,"campfire_upgraded":7,"win_rate":0.0,"timestamp":1612190550,"path_taken":["M","$","?","?","M","R","E","?","T","E","?","?","R","E","R","BOSS","M","?","M","M","?","R","?","E","T","?","R","M","R","M","R","BOSS"],"items_purchased_type":["Card"],"build_version":"2020-12-22","purchased_purges":0,"victory":false,"max_hp_per_floor":[75,75,75,75,75,75,75,82,82,82,82,82,82,82,82,82,82,82,82,82,82,82,82,87,87,87,87,87,87,87,87,87,87,87],"card_choices":[{"not_picked":["Bloodletting","Infernal Blade"],"picked":"Headbutt","floor":1.0},{"not_picked":["Sword Boomerang","Flex"],"picked":"Clothesline","floor":5.0},{"not_picked":["Sword Boomerang","Wild Strike"],"picked":"Perfected Strike","floor":7.0},{"not_picked":["Iron Wave","Feed"],"picked":"Perfected Strike","floor":10.0},{"not_picked":["Clothesline","Rage","Heavy Blade"],"picked":"SKIP","floor":12.0},{"not_picked":["Cleave","Dropkick","Heavy Blade"],"picked":"SKIP","floor":14.0},{"not_picked":["Barricade","Demon Form"],"picked":"Corruption","floor":16.0},{"not_picked":["Pommel Strike","Clash+1","Power Through"],"picked":"SKIP","floor":18.0},{"not_picked":["Anger+1","Cleave","Armaments+1"],"picked":"SKIP","floor":20.0},{"not_picked":["Sword Boomerang","Entrench"],"picked":"Flame Barrier","floor":21.0},{"not_picked":["Second Wind+1","Metallicize","Heavy Blade"],"picked":"SKIP","floor":25.0},{"not_picked":["Warcry+1","Rampage"],"picked":"Shrug It Off+1","floor":29.0},{"not_picked":["Burning Pact+1","Whirlwind"],"picked":"Perfected Strike+1","floor":31.0}],"player_experience":337704,"relics_obtained":[{"floor":7.0,"key":"Gremlin Horn"},{"floor":8.0,"key":"Strawberry"},{"floor":9.0,"key":"HornCleat"},{"floor":10.0,"key":"Happy Flower"},{"floor":14.0,"key":"Potion Belt"},{"floor":25.0,"key":"Toxic Egg 2"}],"event_choices":[{"damage_healed":0.0,"max_hp_gain":0.0,"max_hp_loss":0.0,"gold_gain":0.0,"event_name":"Scrap Ooze","player_choice":"Success","floor":3.0,"gold_loss":0.0,"damage_taken":11.0,"relics_obtained":["FossilizedHelix"]},{"damage_healed":0.0,"max_hp_gain":0.0,"max_hp_loss":0.0,"gold_gain":0.0,"event_name":"Shining Light","player_choice":"Ignored","floor":4.0,"gold_loss":0.0,"damage_taken":0.0},{"damage_healed":0.0,"max_hp_gain":0.0,"max_hp_loss":0.0,"gold_gain":73.0,"event_name":"Golden Wing","player_choice":"Gained Gold","floor":11.0,"gold_loss":0.0,"damage_taken":0.0},{"damage_healed":0.0,"max_hp_gain":0.0,"max_hp_loss":0.0,"gold_gain":0.0,"event_name":"Addict","player_choice":"Obtained Relic","floor":19.0,"gold_loss":85.0,"damage_taken":0.0,"relics_obtained":["Ginger"]},{"damage_healed":0.0,"max_hp_gain":0.0,"max_hp_loss":0.0,"gold_gain":0.0,"event_name":"Vampires","player_choice":"Ignored","floor":22.0,"gold_loss":0.0,"damage_taken":0.0},{"damage_healed":0.0,"max_hp_gain":5.0,"max_hp_loss":0.0,"gold_gain":0.0,"event_name":"Forgotten Altar","player_choice":"Shed Blood","floor":24.0,"gold_loss":0.0,"damage_taken":29.0},{"damage_healed":0.0,"max_hp_gain":0.0,"max_hp_loss":0.0,"gold_gain":0.0,"event_name":"WeMeetAgain","player_choice":"Gave Potion","floor":27.0,"gold_loss":0.0,"damage_taken":0.0,"relics_obtained":["Regal Pillow"]}],"is_beta":false,"boss_relics":[{"not_picked":["SlaversCollar","Sozu"],"picked":"Cursed Key"}],"items_purged_floors":[],"is_endless":false,"potions_floor_spawned":[1,7,10,12,21,25],"killed_by":"Champ","ascension_level":16}}