{"host":"d61fcf2p3sjwe6yo","time":1612190291,"event":{"mods":["AchievementEnabler","BaseMod","Colored Map","Downfall","Minty Spire (QoL Compilation)","StSLib","SuperFastMode"],"gold_per_floor":[99,118,595,595,58,77,77,86,125,34,63,161,170,196,219,305,305,314,335,344,368,118,127,127,149,158,167,192,235,244,291,329,419,419,428,449,522,522,576,331,331,343,252,302,341,388,297,327,362,362,362,396,20,29,38,38],"floor_reached":57,"language":"ENG","playtime":4627,"items_purged":["downfall:Icky","downfall:Icky","sneckomod:Strike","sneckomod:MorePower"],"score":2259,"play_id":"fdcb8d5b-d564-46b9-ab43-e3016cb80f77","local_time":"20210201173811","is_ascension_mode":true,"campfire_choices":[{"floor":1,"key":"RECALL"}],"circlet_count":0,"master_deck":["AscendersBane","sneckomod:Strike+1","sneckomod:Defend","sneckomod:Defend","sneckomod:Defend","sneckomod:TailWhip","sneckomod:SnekBite","Slimebound:Prepare+1","sneckomod:UnknownUncommonAttack","Guardian:ShieldCharger","sneckomod:SoulExchange","Skewer","sneckomod:UnknownBlock+1","Guardian:SphericShield","sneckomod:UnknownStrength","Slimebound:Prepare","sneckomod:WideSting+1","sneckomod:UnknownVulnerable","Guardian:PolyBeam+1","Footwork","sneckomod:UnknownUncommonSkill+1","Malaise+1","sneckomod:UnknownUncommonPower+1","sneckomod:UnknownBlock","sneckomod:UnknownDraw","sneckomod:Unknown3Cost+1","sneckomod:UnknownBoss","Guardian:ConstructionForm+1","sneckomod:CheapStock","Slimebound:GoopSpray","sneckomod:UnknownUncommonPower","After Image","sneckomod:Unknown3Cost+1","sneckomod:QuickBite+1","Guardian:ConstructionForm+1","sneckomod:UnknownRarePower+1","sneckomod:CheapStock","sneckomod:SerpentMind","Guardian:Recover+1","sneckomod:QuickBite","Guardian:AncientConstruct+1","Slimebound:TagTeam+1"],"relics":["sneckomod:SneckoSoul","CeramicFish","downfall:ShatteredFragment","Oddly Smooth Stone","sneckomod:BlankCard","Toolbox","Gambling Chip","StrikeDummy","downfall:HeartBlessingRed","Happy Flower","Snecko Eye","Bag of Preparation","Toy Ornithopter","Whetstone","War Paint","Empty Cage","Blood Vial","Medical Kit","downfall:HeartBlessingBlue","Gremlin Horn","Orichalcum","downfall:HeartBlessingGreen","Strawberry","Pantograph","Membership Card","sneckomod:CleanMud"],"acts_visited":["Exordium","TheCity","TheBeyond","TheEnding"],"potions_floor_usage":[12,16,16,26,56,56],"damage_taken":[{"damage":12,"enemies":"Jaw Worm","floor":2,"turns":3},{"damage":0,"enemies":"downfall:FleeingMerchant","floor":5,"turns":4},{"damage":0,"enemies":"Small Slimes","floor":6,"turns":2},{"damage":4,"enemies":"Gremlin Nob","floor":9,"turns":3},{"damage":0,"enemies":"2 Louse","floor":11,"turns":2},{"damage":4,"enemies":"3 Sentries","floor":12,"turns":8},{"damage":11,"enemies":"Gremlin Gang","floor":14,"turns":4},{"damage":0,"enemies":"2 Fungi Beasts","floor":15,"turns":3},{"damage":7,"enemies":"IC_STATUS_ARCHETYPE","floor":16,"turns":8},{"damage":0,"enemies":"Chosen","floor":19,"turns":3},{"damage":0,"enemies":"Sentry and Sphere","floor":21,"turns":5},{"damage":0,"enemies":"downfall:FleeingMerchant","floor":22,"turns":4},{"damage":0,"enemies":"Shelled Parasite and Fungi","floor":25,"turns":3},{"damage":6,"enemies":"Snake Plant","floor":26,"turns":3},{"damage":0,"enemies":"3 Cultists","floor":28,"turns":3},{"damage":3,"enemies":"Gremlin Leader","floor":29,"turns":5},{"damage":0,"enemies":"Book of Stabbing","floor":31,"turns":2},{"damage":0,"enemies":"Chosen and Byrds","floor":32,"turns":4},{"damage":0,"enemies":"WA_ARCHETYPE_CALM","floor":33,"turns":8},{"damage":10,"enemies":"3 Darklings","floor":36,"turns":3},{"damage":0,"enemies":"downfall:FleeingMerchant","floor":37,"turns":4},{"damage":0,"enemies":"Orb Walker","floor":39,"turns":1},{"damage":0,"enemies":"4 Shapes","floor":42,"turns":5},{"damage":1,"enemies":"Giant Head","floor":44,"turns":8},{"damage":1,"enemies":"Spire Growth","floor":45,"turns":5},{"damage":0,"enemies":"Reptomancer","floor":46,"turns":5},{"damage":0,"enemies":"Giant Head","floor":48,"turns":3},{"damage":0,"enemies":"Maw","floor":49,"turns":5},{"damage":70,"enemies":"DF_ARCHETYPE_ORBS","floor":50,"turns":6},{"damage":0,"enemies":"downfall:CharBossMerchant","floor":52,"turns":8},{"damage":0,"enemies":"downfall:NeowBoss","floor":55,"turns":10},{"damage":56,"enemies":"downfall:NeowBossFinal","floor":56,"turns":11}],"seed_played":"3206548927875288603","potions_obtained":[{"floor":2,"key":"Block Potion"},{"floor":6,"key":"Dexterity Potion"},{"floor":12,"key":"SteroidPotion"},{"floor":19,"key":"SkillPotion"},{"floor":28,"key":"Block Potion"},{"floor":29,"key":"AttackPotion"}],"is_trial":false,"path_per_floor":["R","M","?","?","$","M","T","R","E","R","M","E","R","M","M","B",null,"R","M","?","M","$","R","T","M","M","R","M","E","R","E","M","B",null,"R","M","$","?","M","$","T","M","R","E","M","E","R","E","M","B",null,"E","$","R","B","B",null],"character_chosen":"THE_SNECKO","items_purchased":["Oddly Smooth Stone","sneckomod:BlankCard","Toolbox","Bag of Preparation","Blood Vial","Medical Kit","CultistPotion","Membership Card","sneckomod:CleanMud"],"campfire_rested":0,"item_purchase_floors":[5,5,5,22,37,40,40,53,53],"current_hp_per_floor":[81,69,69,48,48,48,48,48,44,44,44,40,40,33,33,26,74,74,74,74,74,74,74,74,74,73,73,73,70,70,70,70,70,85,85,75,75,75,77,77,77,79,89,98,99,100,100,107,107,37,90,92,92,92,107,51],"gold":38,"neow_bonus":"RANDOM_COMMON_RELIC","is_daily":false,"chose_seed":false,"campfire_upgraded":0,"win_rate":0.0,"timestamp":1612190291,"path_taken":["R","M","?","?","$","M","T","R","E","R","M","E","R","M","M","BOSS","R","M","?","?","$","R","T","M","M","R","M","E","R","E","M","BOSS","R","M","$","?","M","$","T","?","R","E","?","E","R","E","M","BOSS","E","$","R","BOSS","BOSS"],"items_purchased_type":["Relic","Relic","Relic","Relic","Relic","Relic","Potion","Relic","Relic"],"build_version":"2020-12-22","purchased_purges":4,"victory":true,"max_hp_per_floor":[90,90,90,90,90,90,90,90,90,90,90,90,90,90,90,90,90,90,90,90,90,90,90,90,90,90,90,90,90,90,90,90,90,90,90,90,90,90,90,90,90,90,100,100,100,100,100,107,107,107,107,107,107,107,107,107],"card_choices":[{"not_picked":["sneckomod:SnekBeam","sneckomod:UnknownUncommonSkill"],"picked":"sneckomod:UnknownCommonSkill","floor":2},{"not_picked":["sneckomod:UnendingSupply","sneckomod:IronFang"],"picked":"sneckomod:UnknownUncommonAttack","floor":5},{"not_picked":["sneckomod:SoulRoll","sneckomod:DefensiveFlair"],"picked":"sneckomod:UnknownDexterity","floor":6},{"not_picked":["sneckomod:UnknownStrength","sneckomod:SlitherStrike"],"picked":"sneckomod:UnknownUncommonAttack","floor":9},{"not_picked":["sneckomod:UnknownDraw","sneckomod:UnknownDexterity"],"picked":"sneckomod:UnknownCommonSkill","floor":11},{"not_picked":["sneckomod:SnakeSap","sneckomod:RainOfDice"],"picked":"sneckomod:SoulExchange","floor":12},{"not_picked":["sneckomod:RainOfDice","sneckomod:SoulRoll"],"picked":"sneckomod:UnknownBlock","floor":14},{"not_picked":["sneckomod:Unknown1Cost","sneckomod:CheapStock"],"picked":"sneckomod:UnknownBlock","floor":15},{"not_picked":["sneckomod:UnlimitedRolls","sneckomod:UnknownRarePower"],"picked":"sneckomod:UnknownRareSkill","floor":16},{"not_picked":["sneckomod:UnknownDraw","sneckomod:UnknownCommonAttack"],"picked":"sneckomod:UnknownStrength","floor":19},{"not_picked":["sneckomod:UnknownStrike","sneckomod:MixItUp"],"picked":"sneckomod:WideSting+1","floor":21},{"not_picked":["sneckomod:RainOfDice","sneckomod:UnknownClassGREEN"],"picked":"sneckomod:UnknownVulnerable","floor":22},{"not_picked":["sneckomod:Unknown1Cost","sneckomod:IronFang"],"picked":"sneckomod:MorePower","floor":25},{"not_picked":["sneckomod:UnknownVulnerable+1","sneckomod:UnknownCommonSkill+1"],"picked":"sneckomod:UnknownWeak+1","floor":26},{"not_picked":["sneckomod:QuickMove","sneckomod:DiceBoulder","sneckomod:UnknownClassSLIMEBOUND"],"picked":"SKIP","floor":26},{"not_picked":["sneckomod:UnknownVulnerable+1","sneckomod:UnknownUncommonAttack+1"],"picked":"sneckomod:UnknownUncommonSkill+1","floor":28},{"not_picked":["sneckomod:SoulRoll","sneckomod:Unknown0Cost","sneckomod:UnknownColorless"],"picked":"SKIP","floor":28},{"not_picked":["sneckomod:SoulRoll","sneckomod:Unknown0Cost","sneckomod:UnknownColorless"],"picked":"SKIP","floor":28},{"not_picked":["sneckomod:MixItUp","sneckomod:SnakeSap"],"picked":"sneckomod:UnknownClassGUARDIAN+1","floor":29},{"not_picked":["sneckomod:UnknownUncommonSkill+1","sneckomod:UnknownClassGUARDIAN+1"],"picked":"sneckomod:UnknownUncommonPower+1","floor":31},{"not_picked":["sneckomod:DiceBlock","sneckomod:WideSting+1"],"picked":"sneckomod:UnknownBlock","floor":31},{"not_picked":["sneckomod:UnknownCommonAttack+1","sneckomod:UnknownUncommonAttack+1"],"picked":"sneckomod:UnknownRarePower+1","floor":32},{"not_picked":["sneckomod:UnknownClassSLIMEBOUND","sneckomod:UnknownDexterity"],"picked":"sneckomod:UnknownDraw","floor":32},{"not_picked":["sneckomod:UnknownVulnerable+1","sneckomod:Unknown0Cost+1"],"picked":"sneckomod:Unknown3Cost+1","floor":33},{"not_picked":["sneckomod:Restock","sneckomod:DangerNoodle"],"picked":"sneckomod:UnknownBoss","floor":33},{"not_picked":["sneckomod:Unknown1Cost","sneckomod:IronFang"],"picked":"sneckomod:CheapStock","floor":36},{"not_picked":["sneckomod:UnknownDraw+1","sneckomod:UnknownBlock+1"],"picked":"sneckomod:Unknown3Cost+1","floor":37},{"not_picked":["sneckomod:UnknownDraw","sneckomod:UnknownClassGREEN"],"picked":"sneckomod:Memorize","floor":37},{"not_picked":["sneckomod:IronFang","sneckomod:UnendingSupply+1"],"picked":"sneckomod:UnknownUncommonPower","floor":39},{"not_picked":["sneckomod:UnknownCommonAttack","sneckomod:IronFang+1","sneckomod:GlitteringGambit"],"picked":"SKIP","floor":42},{"not_picked":["sneckomod:UnknownRareAttack+1","sneckomod:UnknownBoss+1"],"picked":"sneckomod:Unknown3Cost+1","floor":44},{"not_picked":["sneckomod:DiceCrush+1","sneckomod:UnknownCommonSkill"],"picked":"sneckomod:QuickBite+1","floor":44},{"not_picked":["sneckomod:UnknownStrike+1","sneckomod:UnknownBoss+1"],"picked":"sneckomod:UnknownRarePower+1","floor":45},{"not_picked":["sneckomod:MorePower","sneckomod:Unknown1Cost"],"picked":"sneckomod:CheapStock","floor":45},{"not_picked":["sneckomod:Unknown2Cost+1","sneckomod:UnknownWeak+1"],"picked":"sneckomod:UnknownClassGUARDIAN+1","floor":46},{"not_picked":["sneckomod:DiceCrush","sneckomod:RainOfDice"],"picked":"sneckomod:SerpentMind","floor":46},{"not_picked":["sneckomod:UnknownColorless+1","sneckomod:SlitherStrike","sneckomod:Unknown2Cost"],"picked":"SKIP","floor":48},{"not_picked":["sneckomod:UnknownStrike+1","sneckomod:UnknownClassSLIMEBOUND+1"],"picked":"sneckomod:UnknownRareAttack+1","floor":49},{"not_picked":["sneckomod:DefensiveFlair","sneckomod:MixItUp"],"picked":"sneckomod:QuickBite","floor":49},{"not_picked":["sneckomod:QuickBite","sneckomod:UnknownX","sneckomod:MixItUp"],"picked":"SKIP","floor":52}],"player_experience":745615,"relics_obtained":[{"floor":7,"key":"Gambling Chip"},{"floor":9,"key":"StrikeDummy"},{"floor":12,"key":"Happy Flower"},{"floor":24,"key":"Toy Ornithopter"},{"floor":29,"key":"Whetstone"},{"floor":31,"key":"War Paint"},{"floor":44,"key":"Gremlin Horn"},{"floor":46,"key":"Orichalcum"},{"floor":48,"key":"Strawberry"},{"floor":52,"key":"Pantograph"}],"event_choices":[],"is_beta":false,"boss_relics":[{"not_picked":["Coffee Dripper","Black Star"],"picked":"Snecko Eye"},{"not_picked":["Runic Pyramid","Tiny House"],"picked":"Empty Cage"}],"items_purged_floors":[5,22,37,53],"is_endless":false,"potions_floor_spawned":[2,6,12,14,19,26,28,29,32,44,46],"ascension_level":13}}