{"host":"s5d39dhq0ddhxhke","time":1612218756,"event":{"mods":["AchievementEnabler","BaseMod","Colored Map","Minty Spire (QoL Compilation)","Smile Girya","SuperFastMode"],"gold_per_floor":[113,124,138,153,169,169,196,196,196,226,254,279,291,314,326,338,338],"floor_reached":16,"language":"ENG","playtime":413,"items_purged":[],"score":209,"play_id":"d9e6caf1-b9fa-4089-abb1-d633aac0b932","local_time":"20210202003236","is_ascension_mode":true,"campfire_choices":[{"data":"Uppercut","floor":6,"key":"SMITH"},{"data":"Bash","floor":8,"key":"SMITH"},{"floor":15,"key":"REST"}],"circlet_count":0,"master_deck":["AscendersBane","Strike_R","Strike_R","Strike_R","Strike_R","Strike_R","Defend_R","Defend_R","Defend_R","Defend_R","Bash+1","Uppercut+1","Seeing Red"],"relics":["Busted Crown","Blood Vial","Regal Pillow","MawBank","Darkstone Periapt"],"acts_visited":[],"potions_floor_usage":[10,16,16],"damage_taken":[{"damage":7,"enemies":"Small Slimes","floor":1,"turns":4},{"damage":0,"enemies":"Cultist","floor":2,"turns":3},{"damage":2,"enemies":"Jaw Worm","floor":3,"turns":4},{"damage":5,"enemies":"2 Fungi Beasts","floor":4,"turns":3},{"damage":8,"enemies":"3 Louse","floor":5,"turns":3},{"damage":17,"enemies":"Gremlin Nob","floor":7,"turns":4},{"damage":15,"enemies":"Lagavulin","floor":10,"turns":5},{"damage":3,"enemies":"Looter","floor":11,"turns":3},{"damage":3,"enemies":"Blue Slaver","floor":12,"turns":3},{"damage":10,"enemies":"Exordium Wildlife","floor":14,"turns":4},{"damage":46,"enemies":"Slime Boss","floor":16,"turns":7}],"seed_played":"867499959246398785","potions_obtained":[{"floor":1,"key":"EssenceOfSteel"},{"floor":7,"key":"Fire Potion"},{"floor":10,"key":"FearPotion"},{"floor":14,"key":"FearPotion"}],"is_trial":false,"path_per_floor":["M","M","M","M","M","R","E","R","T","E","M","M","?","M","R","B"],"character_chosen":"IRONCLAD","items_purchased":[],"campfire_rested":1,"item_purchase_floors":[],"current_hp_per_floor":[61,61,59,54,46,46,29,29,29,16,15,14,14,6,43,0,0],"gold":338,"neow_bonus":"BOSS_RELIC","is_daily":false,"chose_seed":false,"campfire_upgraded":2,"win_rate":0.0,"timestamp":1612218756,"path_taken":["M","M","M","M","M","R","E","R","T","E","M","M","?","?","R","BOSS"],"items_purchased_type":[],"build_version":"2020-12-22","purchased_purges":0,"victory":false,"max_hp_per_floor":[75,75,75,75,75,75,75,75,75,75,75,75,75,75,75,75,75],"card_choices":[{"not_picked":["Hemokinesis"],"picked":"SKIP","floor":1},{"not_picked":[],"picked":"Uppercut","floor":2},{"not_picked":["Spot Weakness"],"picked":"SKIP","floor":3},{"not_picked":["Reckless Charge"],"picked":"SKIP","floor":4},{"not_picked":["Dark Embrace"],"picked":"SKIP","floor":5},{"not_picked":["Clash"],"picked":"SKIP","floor":7},{"not_picked":["Combust"],"picked":"SKIP","floor":10},{"not_picked":["Searing Blow"],"picked":"SKIP","floor":11},{"not_picked":["Searing Blow"],"picked":"SKIP","floor":12},{"not_picked":[],"picked":"Seeing Red","floor":14}],"player_experience":470433,"relics_obtained":[{"floor":7,"key":"Blood Vial"},{"floor":9,"key":"Regal Pillow"},{"floor":10,"key":"MawBank"}],"event_choices":[{"damage_healed":0,"gold_gain":0,"player_choice":"Gave Potion","damage_taken":0,"relics_obtained":["Darkstone Periapt"],"max_hp_gain":0,"max_hp_loss":0,"event_name":"WeMeetAgain","floor":13,"gold_loss":0}],"is_beta":false,"boss_relics":[],"items_purged_floors":[],"is_endless":false,"potions_floor_spawned":[1,7,10,11,14],"killed_by":"Slime Boss","ascension_level":16}}