{"host":"bf5upntvbdompq33","time":1612155861,"event":{"mods":["BaseMod","Colored Map","Colored Powertips","Curses Come First","Minty Spire (QoL Compilation)","StSLib"],"gold_per_floor":[114,132,82,100,25,25,25,25,25,38,55,86,105,5,5,5,5],"floor_reached":16,"language":"ENG","playtime":621,"items_purged":["Strike_R","Strike_R"],"score":168,"play_id":"76c6b8bb-4ed9-4ebf-85f1-e19771478a12","local_time":"20210131220421","is_ascension_mode":true,"campfire_choices":[{"data":"True Grit","floor":6,"key":"SMITH"},{"data":"Bash","floor":8,"key":"SMITH"},{"floor":15,"key":"REST"}],"circlet_count":0,"master_deck":["AscendersBane","Strike_R","Strike_R","Strike_R","Defend_R","Defend_R","Defend_R","Defend_R","Bash+1","Dropkick","True Grit+1","Wild Strike","Anger","Pommel Strike","Inflame","Berserk"],"relics":["Burning Blood","Bird Faced Urn","Blood Vial","Akabeko","Omamori"],"acts_visited":["Exordium"],"potions_floor_usage":[16,16],"damage_taken":[{"damage":6,"enemies":"2 Louse","floor":1,"turns":3},{"damage":18,"enemies":"Jaw Worm","floor":2,"turns":5},{"damage":3,"enemies":"Small Slimes","floor":4,"turns":4},{"damage":5,"enemies":"3 Louse","floor":10,"turns":4},{"damage":13,"enemies":"Blue Slaver","floor":11,"turns":3},{"damage":29,"enemies":"Gremlin Nob","floor":12,"turns":5},{"damage":12,"enemies":"Exordium Wildlife","floor":13,"turns":2},{"damage":72,"enemies":"The Guardian","floor":16,"turns":8}],"seed_played":"7410365397012689926","potions_obtained":[{"floor":2,"key":"ElixirPotion"},{"floor":11,"key":"FearPotion"}],"is_trial":false,"path_per_floor":["M","M","?","M","$","R","T","R","T","M","M","E","M","$","R","B"],"character_chosen":"IRONCLAD","items_purchased":[],"campfire_rested":1,"item_purchase_floors":[],"current_hp_per_floor":[72,60,60,63,63,63,63,63,63,66,61,40,38,38,62,0,0],"gold":5,"neow_bonus":"ONE_RARE_RELIC","is_daily":false,"chose_seed":false,"campfire_upgraded":2,"win_rate":0.0,"timestamp":1612155861,"path_taken":["M","M","?","M","$","R","?","R","T","M","M","E","M","$","R","BOSS"],"items_purchased_type":[],"build_version":"2020-12-22","purchased_purges":2,"victory":false,"max_hp_per_floor":[80,80,80,80,80,80,80,80,80,80,80,80,80,80,80,80,80],"card_choices":[{"not_picked":["Pummel","Rage"],"picked":"Dropkick","floor":1},{"not_picked":["Burning Pact","Twin Strike"],"picked":"True Grit","floor":2},{"not_picked":["Sword Boomerang","Body Slam"],"picked":"Wild Strike","floor":4},{"not_picked":["Intimidate","Combust"],"picked":"Anger","floor":10},{"not_picked":["Shrug It Off","Clothesline"],"picked":"Pommel Strike","floor":11},{"not_picked":["Pommel Strike","Cleave"],"picked":"Inflame","floor":12},{"not_picked":["Intimidate","Warcry"],"picked":"Berserk","floor":13}],"player_experience":1282938,"relics_obtained":[{"floor":7,"key":"Blood Vial"},{"floor":9,"key":"Akabeko"},{"floor":12,"key":"Omamori"}],"event_choices":[{"cards_removed":["Regret"],"damage_healed":0,"gold_gain":0,"player_choice":"Card Removal","damage_taken":0,"max_hp_gain":0,"max_hp_loss":0,"event_name":"The Cleric","floor":3,"gold_loss":50}],"is_beta":false,"boss_relics":[],"items_purged_floors":[5,14],"is_endless":false,"potions_floor_spawned":[2,11,13],"killed_by":"The Guardian","ascension_level":13}}