{"host":"80x1ozqd5wpd4nvo","time":1612210143,"event":{"mods":["2.2 Compatiblity","Aspiration","BaseMod","Better Altar","Better Match","Better Note","Better Sensory Stone","Better Skull","Better Third Choice","BetterRewards","CCEM2","Card Forge","Custom Start","DNKmod","Dark Map","Defuse TimeMaze Blight","Dota2Spire","Energized Spire","Friendly Minions","GifTheSpireLib","Hubris","Infinite Spire","Jedi Mod","Minty Spire (QoL Compilation)","Permanent Neow","Poor People Problems","Shop Mod","Spicy Shops","StS++","StSLib","The Blue Laboratory","??????REMEMod"],"gold_per_floor":[1216,1216,1232,1232,138,177,217,260,260,112,112,147,156,206,206,311,311,337,368,402,434,107,157,207,207,230,263,317,373,414,414,414,535,535,574,416,425,452,476,516,516,525,525,580,580,580,636,682,682,682],"floor_reached":51,"language":"ENG","playtime":2265,"items_purged":[],"score":1658,"play_id":"e9631853-4338-42d0-9407-fe4053234618","local_time":"20210201210903","daily_mods":["Heirloom","Time Dilation","Flight"],"is_ascension_mode":true,"campfire_choices":[{"data":"jedi:strikingstrike","floor":11,"key":"SMITH"},{"data":"Evolve","floor":15,"key":"SMITH"},{"data":"Armaments","floor":25,"key":"SMITH"},{"data":"Limit Break","floor":32,"key":"SMITH"},{"data":"jedi:controlledanger","floor":41,"key":"SMITH"},{"data":"Dark Embrace","floor":45,"key":"SMITH"},{"data":"Offering","floor":49,"key":"SMITH"}],"circlet_count":0,"master_deck":["Strike_R","Strike_R+1","Strike_R+1","Defend_R","Defend_R","Defend_R","Defend_R","Bash+1","Regret","True Grit","jedi:strikingstrike+1","REME_Cut","Warcry","Battle Trance","Flex","Shrug It Off","Evolve+1","Limit Break+1","Body Slam+1","jedi:controlledanger+1","Armaments+1","StSpp:Succumb","jedi:MakeshiftSword","Sever Soul+1","Headbutt","Offering+1","REME_FearOfPain","Iron Wave","infinitespire:Gouge","Dark Embrace+1","Disarm"],"relics":["Burning Blood","Hammer of Thor","Seething Fire","Anvil of the Gods","REME_ComplimentaryCards","jedi:maincommand","StSpp:WoodenStick","CCEMRelics:JestersCrown","Membership Card","Dota2Spire:AssaultCuirass","Medical Kit","StrikeDummy","CeramicFish","jedi:archwizardhat","StSpp:PetrifiedCaterpillar","aspiration:HatOfInfinitePower","jedi:gremlinknob","Mummified Hand","hubris:Backtick","Shuriken","HandDrill","ClockworkSouvenir","hubris:PeanutButter","Dota2Spire:PowerTreads","Blue Candle","Whetstone","Dota2Spire:AghanimScepter","hubris:Potato","Juzu Bracelet","hubris:FunFungus","theextravagant:CuffLinks","FossilizedHelix","jedi:crownofsimplicity","aspiration:IroncladSkillbook","CCEMRelics:DerglesHeadphones","Ginger","Ice Cream","CCEMRelics:SpiritsEdge"],"acts_visited":["Exordium","TheCity","TheBeyond"],"potions_floor_usage":[24,30,33,33,33,50,50],"damage_taken":[{"damage":0,"enemies":"Cultist","floor":1,"turns":2},{"damage":1,"enemies":"Jaw Worm","floor":3,"turns":3},{"damage":10,"enemies":"3 Sentries","floor":6,"turns":6},{"damage":0,"enemies":"Gremlin Nob","floor":7,"turns":2},{"damage":0,"enemies":"Lagavulin","floor":8,"turns":3},{"damage":0,"enemies":"Small Slimes","floor":12,"turns":1},{"damage":0,"enemies":"3 Sentries","floor":14,"turns":3},{"damage":1,"enemies":"The Guardian","floor":16,"turns":4},{"damage":3,"enemies":"3 Byrds","floor":18,"turns":3},{"damage":0,"enemies":"Shell Parasite","floor":19,"turns":2},{"damage":0,"enemies":"Shelled Parasite and Fungi","floor":20,"turns":3},{"damage":0,"enemies":"Snecko","floor":21,"turns":2},{"damage":0,"enemies":"Book of Stabbing","floor":23,"turns":2},{"damage":0,"enemies":"REME_1_Revenger","floor":24,"turns":2},{"damage":4,"enemies":"Gremlin Leader","floor":27,"turns":4},{"damage":0,"enemies":"Book of Stabbing","floor":28,"turns":2},{"damage":0,"enemies":"REME_1_Revenger","floor":29,"turns":1},{"damage":0,"enemies":"Slavers","floor":30,"turns":1},{"damage":0,"enemies":"Automaton","floor":33,"turns":5},{"damage":0,"enemies":"3 Darklings","floor":35,"turns":2},{"damage":0,"enemies":"Orb Walker","floor":38,"turns":1},{"damage":0,"enemies":"Writhing Mass","floor":39,"turns":2},{"damage":0,"enemies":"Reptomancer","floor":40,"turns":1},{"damage":0,"enemies":"Nemesis","floor":44,"turns":3},{"damage":0,"enemies":"Giant Head","floor":47,"turns":2},{"damage":0,"enemies":"Nemesis","floor":48,"turns":3},{"damage":38,"enemies":"Time Eater","floor":50,"turns":7}],"seed_played":"-2586520366003749775","potions_obtained":[{"floor":1,"key":"FearPotion"},{"floor":3,"key":"blueLaboratory:LimitlessPotion"},{"floor":7,"key":"blueLaboratory:PhilterOfMotion"},{"floor":19,"key":"blueLaboratory:FrostheartPotion"},{"floor":27,"key":"blueLaboratory:LouseDecoction"},{"floor":30,"key":"blueLaboratory:CorrosionFlask"},{"floor":31,"key":"Swift Potion"},{"floor":31,"key":"EntropicBrew"}],"is_trial":true,"path_per_floor":["M","?","M","?","$","E","E","E","T","$","R","M","?","E","R","B",null,"M","M","M","M","$","E","E","R","T","E","E","E","E","?","R","B",null,"M","$","?","M","M","E","R","AVR","T","E","R","?","E","E","R","B",null],"character_chosen":"IRONCLAD","items_purchased":["jedi:command_shop","jedi:command_rare","jedi:command_shop","jedi:command_uncommon","jedi:strikingstrike","jedi:command_rare","jedi:command_shop","jedi:command_shop","jedi:command_uncommon","jedi:command_rare"],"campfire_rested":0,"item_purchase_floors":[5,5,5,5,5,10,22,22,22,36],"current_hp_per_floor":[100,100,100,80,80,76,82,88,88,88,88,94,94,100,100,100,100,100,100,100,100,100,100,100,100,100,100,100,100,100,100,100,100,100,100,100,100,100,100,100,100,100,100,100,100,100,100,100,100,100],"gold":682,"neow_bonus":"","is_daily":false,"chose_seed":false,"campfire_upgraded":7,"win_rate":0.0,"timestamp":1612210143,"path_taken":["M","?","M","?","$","E","E","E","T","?","R","M","?","E","R","BOSS","M","M","M","?","$","E","E","R","T","E","E","E","E","?","R","BOSS","M","$","?","M","M","E","R","AVR","T","E","R","?","E","E","R","BOSS"],"items_purchased_type":["Relic","Relic","Relic","Relic","Card","Relic","Relic","Relic","Relic","Relic"],"build_version":"2020-12-22","purchased_purges":0,"victory":true,"max_hp_per_floor":[100,100,100,100,100,100,100,100,100,100,100,100,100,100,100,100,100,100,100,100,100,100,100,100,100,100,100,100,100,100,100,100,100,100,100,100,100,100,100,100,100,100,100,100,100,100,100,100,100,100],"card_choices":[{"not_picked":["Iron Wave","Headbutt"],"picked":"Shrug It Off","floor":1},{"not_picked":["Carnage","Thunderclap"],"picked":"True Grit","floor":3},{"not_picked":["jedi:fear","Body Slam"],"picked":"REME_Cut","floor":6},{"not_picked":["Iron Wave","Reckless Charge"],"picked":"Warcry","floor":7},{"not_picked":["Cleave","hubris:SharpeningStone"],"picked":"Battle Trance","floor":8},{"not_picked":["Ghostly Armor","jedi:strikingstrike"],"picked":"Flex","floor":12},{"not_picked":["Seeing Red","Wild Strike"],"picked":"Evolve","floor":14},{"not_picked":["Barricade","Reaper"],"picked":"Limit Break","floor":16},{"not_picked":["Heavy Blade","True Grit"],"picked":"Body Slam","floor":18},{"not_picked":["Shrug It Off+1","Flame Barrier"],"picked":"jedi:controlledanger","floor":19},{"not_picked":["Warcry","StSpp:Betrayal"],"picked":"Armaments","floor":20},{"not_picked":["Second Wind","Flex","Cleave"],"picked":"SKIP","floor":21},{"not_picked":["Warcry+1","infinitespire:OneForAll"],"picked":"StSpp:Succumb","floor":23},{"not_picked":["Headbutt","Armaments"],"picked":"jedi:MakeshiftSword","floor":24},{"not_picked":["StSpp:Sprint+1","hubris:ReadiedAction","Carnage+1"],"picked":"SKIP","floor":27},{"not_picked":["StSpp:Betrayal","jedi:fear"],"picked":"Sever Soul+1","floor":28},{"not_picked":["StSpp:TheBiggerTheyAre","Thunderclap"],"picked":"Headbutt","floor":29},{"not_picked":["Twin Strike","Body Slam","Sword Boomerang"],"picked":"SKIP","floor":30},{"not_picked":["jedi:harder","Bludgeon"],"picked":"Offering","floor":33},{"not_picked":["Sword Boomerang","Wild Strike"],"picked":"REME_FearOfPain","floor":35},{"not_picked":["Clothesline+1","StSpp:BladeOfBlood","Flex"],"picked":"SKIP","floor":38},{"not_picked":["StSpp:MuscleMemory","Body Slam","Thunderclap"],"picked":"SKIP","floor":39},{"not_picked":["hubris:ReadiedAction","Perfected Strike+1","Clothesline+1"],"picked":"SKIP","floor":40},{"not_picked":["Shrug It Off+1","StSpp:BladeOfBlood","Cleave+1"],"picked":"Dark Embrace","floor":44},{"not_picked":["Fire Breathing+1","Pommel Strike+1","True Grit"],"picked":"Disarm","floor":47},{"not_picked":["Infernal Blade+1","hubris:SharpeningStone","Iron Wave","Flex"],"picked":"SKIP","floor":48}],"player_experience":288376,"relics_obtained":[{"floor":6,"key":"jedi:command_common"},{"floor":7,"key":"jedi:command_uncommon"},{"floor":8,"key":"jedi:command_uncommon"},{"floor":9,"key":"jedi:command_rare"},{"floor":14,"key":"jedi:command_uncommon"},{"floor":23,"key":"jedi:command_common"},{"floor":24,"key":"jedi:command_uncommon"},{"floor":26,"key":"jedi:command_common"},{"floor":27,"key":"jedi:command_uncommon"},{"floor":28,"key":"jedi:command_rare"},{"floor":29,"key":"jedi:command_common"},{"floor":30,"key":"jedi:command_rare"},{"floor":40,"key":"jedi:command_common"},{"floor":43,"key":"jedi:command_uncommon"},{"floor":44,"key":"jedi:command_rare"},{"floor":47,"key":"jedi:command_rare"},{"floor":48,"key":"jedi:command_common"}],"event_choices":[{"damage_healed":0,"gold_gain":0,"player_choice":"Box","damage_taken":0,"relics_obtained":["jedi:command_common"],"max_hp_gain":0,"max_hp_loss":0,"event_name":"Big Fish","floor":2,"gold_loss":0,"cards_obtained":["Regret"]},{"damage_healed":100,"gold_gain":0,"player_choice":"Upgrade","damage_taken":20,"max_hp_gain":0,"max_hp_loss":100,"event_name":"betterThird:BetterShining","floor":4,"gold_loss":0,"cards_upgraded":["Strike_R","Bash"]},{"damage_healed":0,"gold_gain":0,"cards_transformed":["Strike_R"],"player_choice":"Transformed","damage_taken":0,"max_hp_gain":0,"max_hp_loss":0,"event_name":"Transmorgrifier","floor":13,"gold_loss":0,"cards_obtained":["Shrug It Off"]},{"damage_healed":0,"gold_gain":0,"player_choice":"Got Potions","damage_taken":0,"max_hp_gain":0,"max_hp_loss":0,"event_name":"Lab","floor":31,"gold_loss":0},{"damage_healed":0,"gold_gain":0,"cards_transformed":["Strike_R"],"player_choice":"Transformed","damage_taken":0,"max_hp_gain":0,"max_hp_loss":0,"event_name":"Transmorgrifier","floor":37,"gold_loss":0,"cards_obtained":["Iron Wave"]},{"cards_removed":["Shrug It Off"],"damage_healed":0,"gold_gain":0,"player_choice":"Removed Skill","damage_taken":0,"max_hp_gain":0,"max_hp_loss":0,"event_name":"Falling","floor":46,"gold_loss":0}],"is_beta":false,"boss_relics":[{"not_picked":["jedi:command_boss","jedi:command_boss"],"picked":"jedi:command_boss"},{"not_picked":["jedi:command_boss","jedi:command_boss"],"picked":"jedi:command_boss"}],"items_purged_floors":[],"is_endless":false,"potions_floor_spawned":[1,3,7,16,19,23,27,30,33,38,40,48],"ascension_level":2}}