{"host":"zsnmfqgcm92hlreo","time":1612160351,"event":{"mods":["AchievementEnabler","Act Like it!","BaseMod","Beaked The Cultist","Bestiary","Block Reminder","Colored Map","Colored Powertips","Downfall","Gensokyo","Gremlin Mod","Hermit","Jorbs\u0027s Wanderer Trilogy","Koishi","Marisa????????","Minty Spire (QoL Compilation)","Permanent Neow","Quick Restart","Relic Stats","StSLib","The Animator","The Cursed","The Forsaken","The Hierophant","The Judge","The Jungle","The Necromancer","The Senshi","The Servant 0.9.4","Weighted Paths"],"gold_per_floor":[111,10,24,36,36,65,65,77,77,105,115,133,133,133,145,252,264,292,304,316,346,358,358],"floor_reached":22,"language":"ENG","playtime":1008,"items_purged":[],"score":284,"play_id":"c5aaae29-56ed-40df-a033-2a16c7249335","local_time":"20210201001911","is_ascension_mode":true,"campfire_choices":[{"floor":7,"key":"REST"},{"floor":13,"key":"DIG"},{"floor":15,"key":"REST"}],"circlet_count":0,"master_deck":["AscendersBane","Eruption+1","Vigilance","Wallop+1","FlurryOfBlows+1","LessonLearned","TalkToTheHand+1","Clumsy","CrushJoints+1","ReachHeaven","SpiritShield","Weave+1","BattleHymn","Injury","Wish","JustLucky+1","WreathOfFlame","MasterReality+1","Establishment","Protect+1","Swivel+1","Halt+1","Alpha","EmptyBody+1","Shame","Evaluate+1"],"relics":["Philosopher\u0027s Stone","Gensokyo:NagashiBinaDoll","Lizard Tail","theForsaken:HumbleEgg","Shovel","Centennial Puzzle","Ice Cream","MawBank","Pandora\u0027s Box","Akabeko"],"acts_visited":["Exordium","Gensokyo:Gensokyo"],"potions_floor_usage":[6,16,21],"damage_taken":[{"damage":5,"enemies":"Gensokyo:Python","floor":1,"turns":3},{"damage":6,"enemies":"Gensokyo:3_Fairies","floor":3,"turns":7},{"damage":0,"enemies":"Gensokyo:2_Kodama","floor":4,"turns":3},{"damage":18,"enemies":"Gensokyo:Aya","floor":6,"turns":9},{"damage":0,"enemies":"Gensokyo:VengefulSpirit","floor":8,"turns":4},{"damage":23,"enemies":"Gensokyo:Cirno","floor":10,"turns":5},{"damage":0,"enemies":"Gensokyo:LivingMonolith","floor":11,"turns":2},{"damage":1,"enemies":"Gensokyo:Kitsune","floor":12,"turns":4},{"damage":127,"enemies":"Gensokyo:Reimu","floor":16,"turns":6},{"damage":53,"enemies":"Gensokyo:3_Dogs","floor":18,"turns":6},{"damage":0,"enemies":"Gensokyo:Chomper","floor":21,"turns":2},{"damage":14,"enemies":"Gensokyo:Slime_Group","floor":22,"turns":1}],"seed_played":"-5073660993041050130","potions_obtained":[{"floor":3,"key":"SkillPotion"},{"floor":6,"key":"Ambrosia"},{"floor":10,"key":"Swift Potion"},{"floor":11,"key":"DuplicationPotion"},{"floor":16,"key":"Weak Potion"},{"floor":21,"key":"Block Potion"}],"is_trial":false,"path_per_floor":["M","COS","M","M","?","E","R","M","T","E","M","M","R","?","R","B",null,"M","?","?","M","M"],"character_chosen":"WATCHER","items_purchased":[],"campfire_rested":2,"item_purchase_floors":[],"current_hp_per_floor":[60,60,54,54,54,36,57,57,57,34,34,33,33,33,54,9,56,3,3,3,3,0,0],"gold":358,"neow_bonus":"BOSS_RELIC","is_daily":false,"chose_seed":false,"campfire_upgraded":0,"win_rate":0.0,"timestamp":1612160351,"path_taken":["M","COS","M","M","?","E","R","M","T","E","M","M","R","?","R","BOSS","M","?","?","?","M"],"items_purchased_type":[],"build_version":"2020-12-22","purchased_purges":0,"victory":false,"max_hp_per_floor":[72,72,72,72,72,72,72,72,72,72,72,72,72,72,72,72,72,72,67,67,67,67,67],"relic_stats":{"Lizard Tail":36,"Centennial Puzzle":[9],"Shovel":1,"counters":[12,52],"Pandora\u0027s Box":["JustLucky","WreathOfFlame","MasterReality","Establishment","Protect","Swivel","Halt","Alpha"],"MawBank":96,"obtain_stats":[{"Ice Cream":13,"theForsaken:HumbleEgg":6,"Lizard Tail":6,"Centennial Puzzle":10,"Shovel":9,"Philosopher\u0027s Stone":0,"Pandora\u0027s Box":17,"Gensokyo:NagashiBinaDoll":5,"PureWater":0,"MawBank":14,"Akabeko":19},{"Ice Cream":8,"theForsaken:HumbleEgg":4,"Lizard Tail":4,"Centennial Puzzle":6,"Shovel":5,"Philosopher\u0027s Stone":0,"Pandora\u0027s Box":9,"Gensokyo:NagashiBinaDoll":3,"PureWater":0,"MawBank":8,"Akabeko":10},{"Ice Cream":37,"theForsaken:HumbleEgg":22,"Lizard Tail":17,"Centennial Puzzle":31,"Shovel":26,"Philosopher\u0027s Stone":0,"Pandora\u0027s Box":43,"Gensokyo:NagashiBinaDoll":13,"PureWater":0,"MawBank":37,"Akabeko":49}]},"card_choices":[{"not_picked":["EmptyBody","EmptyFist"],"picked":"Wallop","floor":1},{"not_picked":["Pray","Halt"],"picked":"FlurryOfBlows","floor":3},{"not_picked":["Blasphemy","SpiritShield"],"picked":"LessonLearned","floor":4},{"not_picked":["InnerPeace","LikeWater"],"picked":"TalkToTheHand","floor":4},{"not_picked":["Crescendo+1","Wireheading"],"picked":"CrushJoints+1","floor":6},{"not_picked":["Indignation","WindmillStrike"],"picked":"ReachHeaven","floor":8},{"not_picked":["DevaForm","JustLucky+1"],"picked":"SpiritShield","floor":10},{"not_picked":["Halt+1","EmptyFist+1"],"picked":"Weave","floor":11},{"not_picked":["Consecrate+1","Pray"],"picked":"BattleHymn","floor":12},{"not_picked":["Devotion","DevaForm"],"picked":"Wish","floor":16},{"not_picked":["EmptyFist+1","PathToVictory+1"],"picked":"EmptyBody+1","floor":18},{"not_picked":["FlyingSleeves+1","FollowUp+1"],"picked":"Evaluate+1","floor":21}],"player_experience":981263,"relics_obtained":[{"floor":6,"key":"theForsaken:HumbleEgg"},{"floor":9,"key":"Shovel"},{"floor":10,"key":"Centennial Puzzle"},{"floor":13,"key":"Ice Cream"}],"event_choices":[],"is_beta":false,"boss_relics":[{"not_picked":["VioletLotus","Velvet Choker"],"picked":"Pandora\u0027s Box"}],"items_purged_floors":[],"is_endless":false,"potions_floor_spawned":[3,6,10,11,16,21],"killed_by":"Gensokyo:Slime_Group","ascension_level":10}}