{"host":"350rh84kbmtekt58","time":1612173967,"event":{"mods":["AchievementEnabler","Act Like it!","BaseMod","Better Synergies","Block Reminder","CapriCore","Challenge The Spire","Colored Map","Colored Powertips","Communication Mod","Downfall","Energized Spire","Friendly Minions","GifTheSpireLib","Highlight Path","Minty Spire (QoL Compilation)","Quick Restart","Replay The Spire","Shop Mod","StSLib","The Animator","The Disciple","The Immortal","The Marked","The Runesmith","The Servant 0.9.4","The Wild Card","Transform Curses","yUi"],"gold_per_floor":[118,78,95,106,126,126,153,228,281,316,328,20,20,35,35,130,130,141,154,79,90,90,90,90,90],"floor_reached":24,"language":"ENG","playtime":1760,"items_purged":[],"score":271,"play_id":"3b951762-a3d6-408a-b398-4f26a564ebc6","local_time":"20210201040607","is_ascension_mode":true,"campfire_choices":[{"data":"Sadistic Nature","floor":6,"key":"SMITH"},{"floor":15,"key":"REST"},{"floor":23,"key":"REST"}],"circlet_count":0,"master_deck":["Strike_S","Strike_S","KidneyShot","Exchange","Sadistic Nature+1","BottledTime","Defy","Potential","InstantArmor","MurderousAura","Moonlight","TimeWarp","Moonlight","Foresight","DoubleEdge","MurderousAura","SurpressingFire","Revamp+1","ShiftingGears+1","SilverBlades"],"relics":["Uniform","ReplayTheSpireMod:Shallot","Boot","MealTicket","Replay:PocketPolymizer","Replay:Grab Bag","energizedSpire:MagnifyingGlass","energizedSpire:CursedPentagram","Replay:Drink Me","sneckomod:BabySnecko"],"acts_visited":["Exordium","TheCity"],"potions_floor_usage":[7,16,16,19,19,19],"damage_taken":[{"damage":0,"enemies":"Jaw Worm","floor":1,"turns":4},{"damage":4,"enemies":"Cultist","floor":3,"turns":3},{"damage":7,"enemies":"2 Louse","floor":4,"turns":4},{"damage":2,"enemies":"2 Fungi Beasts","floor":5,"turns":3},{"damage":5,"enemies":"Lagavulin","floor":7,"turns":8},{"damage":9,"enemies":"Gremlin Nob","floor":10,"turns":4},{"damage":0,"enemies":"Gremlin Gang","floor":11,"turns":4},{"damage":2,"enemies":"Exordium Wildlife","floor":14,"turns":3},{"damage":0,"enemies":"Slime Boss","floor":16,"turns":6},{"damage":19,"enemies":"2 Thieves","floor":18,"turns":3},{"damage":0,"enemies":"3 Byrds","floor":19,"turns":3},{"damage":0,"enemies":"Cultist and Chosen","floor":21,"turns":4},{"damage":45,"enemies":"Slavers","floor":24,"turns":2}],"seed_played":"-2704244365871329565","potions_obtained":[{"floor":2,"key":"SteroidPotion"},{"floor":2,"key":"bronze:BurnAndBuffPotion"},{"floor":2,"key":"Cursed Concoction"},{"floor":5,"key":"BlessingOfTheForge"},{"floor":11,"key":"SpeedPotion"},{"floor":16,"key":"Energy Potion"},{"floor":18,"key":"SneckoOil"}],"is_trial":false,"path_per_floor":["M","?","M","M","M","R","E","?","T","E","M","$","?","M","R","B",null,"M","M","?","M","?","R","E"],"character_chosen":"THE_SERVANT","items_purchased":["Replay:PocketPolymizer"],"campfire_rested":2,"item_purchase_floors":[12],"current_hp_per_floor":[59,59,55,48,46,46,41,30,30,21,21,36,36,34,51,51,45,26,26,26,26,26,39,0,0],"gold":90,"neow_bonus":"RANDOM_COLORLESS_2","is_daily":false,"chose_seed":false,"campfire_upgraded":1,"win_rate":0.0,"timestamp":1612173967,"path_taken":["M","?","M","?","M","R","E","?","T","E","M","$","?","?","R","BOSS","M","M","?","M","?","R","E"],"items_purchased_type":["Relic"],"build_version":"2020-12-22","purchased_purges":0,"victory":false,"max_hp_per_floor":[59,59,59,59,59,59,59,59,59,59,59,59,59,59,59,59,45,45,45,45,45,45,45,45,45],"card_choices":[{"not_picked":["ReplayUltimateDefense","Metamorphosis"],"picked":"Sadistic Nature","floor":0},{"not_picked":["TimeWarp","Rearm"],"picked":"BottledTime","floor":1},{"not_picked":["TimeWarp","Replace"],"picked":"Defy","floor":3},{"not_picked":["BottledTime","DoubleEdge"],"picked":"Potential","floor":4},{"not_picked":["Foresight","Gouge"],"picked":"InstantArmor","floor":5},{"not_picked":["Rearm","FastForward"],"picked":"MurderousAura","floor":7},{"not_picked":["Contraction","MoonPhase"],"picked":"Moonlight","floor":10},{"not_picked":["Starlight","Unruled"],"picked":"TimeWarp","floor":11},{"not_picked":["Advance","Read"],"picked":"Foresight","floor":14},{"not_picked":["Initiator","FloweringNight"],"picked":"MurderousAura","floor":16},{"not_picked":["Starlight","DoubleEdge+1"],"picked":"SurpressingFire","floor":18},{"not_picked":["FanOfKnives","Replace+1"],"picked":"Revamp+1","floor":19},{"not_picked":["Advance","Starlight+1"],"picked":"ShiftingGears+1","floor":21}],"player_experience":223472,"relics_obtained":[{"floor":7,"key":"ReplayTheSpireMod:Shallot"},{"floor":9,"key":"Boot"},{"floor":10,"key":"MealTicket"}],"event_choices":[{"damage_healed":0,"gold_gain":0,"player_choice":"Bought 3 Potions","damage_taken":0,"max_hp_gain":0,"max_hp_loss":0,"event_name":"The Woman in Blue","floor":2,"gold_loss":0},{"damage_healed":0,"gold_gain":75,"player_choice":"Gather Gold","damage_taken":11,"max_hp_gain":0,"max_hp_loss":0,"event_name":"World of Goop","floor":8,"gold_loss":0},{"damage_healed":0,"gold_gain":0,"cards_transformed":["Strike_S"],"player_choice":"Transformed","damage_taken":0,"max_hp_gain":0,"max_hp_loss":0,"event_name":"Transmorgrifier","floor":13,"gold_loss":0,"cards_obtained":["Moonlight"]},{"cards_removed":["Defend_S"],"damage_healed":0,"gold_gain":0,"player_choice":"Gave Gold","damage_taken":0,"max_hp_gain":0,"max_hp_loss":0,"event_name":"Beggar","floor":20,"gold_loss":75}],"is_beta":false,"boss_relics":[{"not_picked":["energizedSpire:RedRose","ReplayTheSpireMod:Onyx Gauntlets"],"picked":"Replay:Grab Bag"},{"not_picked":["Velvet Choker","energizedSpire:EnergizedDie"],"picked":"energizedSpire:MagnifyingGlass"},{"not_picked":["energizedSpire:DeadBattery","Sozu"],"picked":"energizedSpire:CursedPentagram"},{"not_picked":["Pandora\u0027s Box","Runic Pyramid"],"picked":"Replay:Drink Me"}],"items_purged_floors":[],"is_endless":false,"potions_floor_spawned":[5,11,14,16,18],"killed_by":"Slavers","ascension_level":1}}