{"host":"h1qktzcccqnez8tx","time":1612186497,"event":{"mods":["AchievementEnabler","BaseMod","Bestiary","Better Note","Block Reminder","Colored Map","Colored Powertips","Curses Come First","Downfall","Highlight Path","Infinite Spire","Minty Spire (QoL Compilation)","Permanent Neow","Quick Restart","Relic Stats","Replay The Spire","Say the Spire","StSLib","The Cursed","UnlockEverythingMod"],"gold_per_floor":[114,59,72,72,89,89,89,89,89,116,116,116,128,53,53,153,253,272,291,291,390,390,390,390,390],"floor_reached":23,"language":"ENG","playtime":963,"items_purged":["hexamod:Strike"],"score":196,"play_id":"b82dca34-1219-4538-81fe-5045ccea849c","local_time":"20210201143457","is_ascension_mode":true,"campfire_choices":[{"data":"hexamod:EmpoweredFlame","floor":6,"key":"SMITH"},{"data":"hexamod:Float","floor":8,"key":"SMITH"},{"floor":12,"key":"REST"},{"data":"hexamod:SearingWound","floor":15,"key":"SMITH"}],"circlet_count":0,"master_deck":["hexamod:Strike","hexamod:Strike","hexamod:Strike","hexamod:Defend","hexamod:Defend","hexamod:Defend","hexamod:Defend+1","hexamod:Sear","hexamod:Float+1","Writhe","bronze:Replicate","hexamod:SearingWound+1","Trip","infinitespire:Menacing","hexamod:EmpoweredFlame+1","hexamod:RadiantFlame","hexamod:RadiantFlame","hexamod:SuperheatedStrike","hexamod:HexaLevel","hexamod:SwordOfDarkness","hexamod:FlamesFromBeyond","hexamod:ShieldOfDarkness","hexamod:RainOfEmbers"],"relics":["ReplayTheSpireMod:SealedPack","infinitespire:WardingShard","hexamod:InflammatoryLetter","infinitespire:PuzzleCube","Replay:Wanted Poster"],"acts_visited":["Exordium","TheCity"],"potions_floor_usage":[23,23],"damage_taken":[{"damage":0,"enemies":"Cultist","floor":1,"turns":3},{"damage":13,"enemies":"Small Slimes","floor":3,"turns":4},{"damage":7,"enemies":"2 Louse","floor":5,"turns":3},{"damage":36,"enemies":"3 Sentries","floor":10,"turns":11},{"damage":1,"enemies":"Looter","floor":13,"turns":3},{"damage":28,"enemies":"The Guardian","floor":16,"turns":10},{"damage":53,"enemies":"3 Byrds","floor":18,"turns":7},{"damage":15,"enemies":"2 Thieves","floor":19,"turns":5},{"damage":12,"enemies":"Nightmare","floor":23,"turns":3}],"seed_played":"1878000802393884055","potions_obtained":[{"floor":1,"key":"Swift Potion"},{"floor":13,"key":"Doom Potion"},{"floor":16,"key":"BlessingOfTheForge"}],"is_trial":false,"path_per_floor":["M","$","M","?","M","R","?","R","T","E","?","R","M","$","R","B",null,"M","M","?","?","?","NM"],"character_chosen":"THE_SPIRIT","items_purchased":["hexamod:RadiantFlame"],"campfire_rested":1,"item_purchase_floors":[2],"current_hp_per_floor":[70,70,57,57,50,50,50,50,50,14,14,35,34,34,34,6,70,17,2,2,2,2,0,0,0],"gold":390,"neow_bonus":"BOSS_RELIC","is_daily":false,"chose_seed":false,"campfire_upgraded":3,"win_rate":0.0,"timestamp":1612186497,"path_taken":["M","$","?","?","M","R","?","R","T","E","?","R","?","$","R","BOSS","M","M","?","?","?","NM"],"items_purchased_type":["Card"],"build_version":"2020-12-22","purchased_purges":1,"victory":false,"max_hp_per_floor":[70,70,70,70,70,70,70,70,70,70,70,70,70,70,70,70,70,70,70,70,70,70,70,70,70],"relic_stats":{"counters":[9,49],"obtain_stats":[{"Replay:Wanted Poster":17,"infinitespire:WardingShard":9,"ReplayTheSpireMod:SealedPack":0,"hexamod:InflammatoryLetter":10,"hexamod:SpiritBrand":0,"infinitespire:PuzzleCube":11},{"Replay:Wanted Poster":6,"infinitespire:WardingShard":3,"ReplayTheSpireMod:SealedPack":0,"hexamod:InflammatoryLetter":4,"hexamod:SpiritBrand":0,"infinitespire:PuzzleCube":4},{"Replay:Wanted Poster":34,"infinitespire:WardingShard":10,"ReplayTheSpireMod:SealedPack":0,"hexamod:InflammatoryLetter":21,"hexamod:SpiritBrand":0,"infinitespire:PuzzleCube":21}]},"card_choices":[{"not_picked":["Guardian:CurlUp","m_BronzeSurvivor"],"picked":"bronze:Replicate","floor":0},{"not_picked":["hexamod:TurnItUp","hexamod:ParanormalForm"],"picked":"hexamod:SearingWound","floor":0},{"not_picked":["ReplayTheSpireMod:Private Reserves","Good Instincts"],"picked":"Trip","floor":0},{"not_picked":["infinitespire:FinalStrike","Replay:Fractal Strike"],"picked":"infinitespire:Menacing","floor":0},{"not_picked":["hexamod:GhostShield","hexamod:GhostflameInferno"],"picked":"hexamod:EmpoweredFlame","floor":1},{"not_picked":["hexamod:GhostLash","hexamod:HeatShield","hexamod:NecessarySacrifice"],"picked":"SKIP","floor":3},{"not_picked":["hexamod:GhostShield","hexamod:FastForward"],"picked":"hexamod:SuperheatedStrike","floor":5},{"not_picked":["hexamod:HauntingEcho","hexamod:GhostLash"],"picked":"hexamod:HexaLevel","floor":10},{"not_picked":["hexamod:PowerFromBeyond","hexamod:Incineration"],"picked":"hexamod:SwordOfDarkness","floor":13},{"not_picked":["hexamod:GhostflameBarrier","hexamod:SecondSeal"],"picked":"hexamod:FlamesFromBeyond","floor":18},{"not_picked":["hexamod:BacktrackSmack+1","hexamod:FastForward"],"picked":"hexamod:ShieldOfDarkness","floor":19}],"player_experience":364990,"relics_obtained":[{"floor":9,"key":"infinitespire:WardingShard"},{"floor":10,"key":"hexamod:InflammatoryLetter"}],"event_choices":[{"damage_healed":0,"gold_gain":0,"player_choice":"Gave Potion","damage_taken":0,"relics_obtained":["infinitespire:PuzzleCube"],"max_hp_gain":0,"max_hp_loss":0,"event_name":"WeMeetAgain","floor":11,"gold_loss":0},{"damage_healed":0,"gold_gain":0,"player_choice":"Ignored","damage_taken":0,"max_hp_gain":0,"max_hp_loss":0,"event_name":"The Mausoleum","floor":20,"gold_loss":0},{"damage_healed":0,"gold_gain":99,"player_choice":"Stole From Cult","damage_taken":0,"max_hp_gain":0,"max_hp_loss":0,"event_name":"Nest","floor":21,"gold_loss":0},{"damage_healed":0,"gold_gain":0,"player_choice":"Read","damage_taken":0,"max_hp_gain":0,"max_hp_loss":0,"event_name":"The Library","floor":22,"gold_loss":0,"cards_obtained":["hexamod:RainOfEmbers"]}],"is_beta":false,"boss_relics":[{"not_picked":["Tiny House","Sozu"],"picked":"Replay:Wanted Poster"}],"items_purged_floors":[14],"is_endless":false,"potions_floor_spawned":[1,13,16],"killed_by":"Nightmare","ascension_level":1}}