{"host":"aas8f8jvicx6tcxp","time":1612145069,"event":{"mods":["BaseMod","Better Third Choice","BetterRewards","Clockwork Mod","Downfall","Minty Spire (QoL Compilation)","Shop Mod","StSLib","The Cursed"],"gold_per_floor":[99,115,215,390,406,406,406,506,523,536,549,564,564,574,586,684,734,734,752,767,216,236,236,262,262,262,262],"floor_reached":25,"language":"ENG","playtime":2946,"items_purged":["Doubt"],"score":197,"play_id":"ae20f08e-ca53-4f83-809a-c51098c61de8","local_time":"20210131200429","is_ascension_mode":false,"campfire_choices":[{"data":"hexamod:Float","floor":1,"key":"SMITH"},{"floor":13,"key":"REST"},{"data":"hexamod:VolcanoVisage","floor":18,"key":"SMITH"},{"floor":23,"key":"REST"}],"circlet_count":0,"master_deck":["hexamod:Strike","hexamod:Strike","hexamod:Strike","hexamod:Strike","hexamod:Defend","hexamod:Defend+1","hexamod:Defend","hexamod:Defend","hexamod:Sear","hexamod:Float+1","hexamod:InspiringFlames+1","hexamod:PhantomFireball","hexamod:NightmareStrike","hexamod:RadiantFlame","hexamod:ThirdSeal","hexamod:EmpoweredFlame","hexamod:ThermalTransfer+1","hexamod:FirstSeal","hexamod:VolcanoVisage+1","hexamod:SixthSeal","hexamod:NightmareGuise+1","hexamod:SecondSeal","hexamod:ThermalTransfer+1","hexamod:SearingWound","hexamod:EtherealExpedition","expansioncontent:AwakenDeath","hexamod:ExtraCrispy+1","hexamod:PowerFromBeyond"],"relics":["hexamod:SpiritBrand","Mango","Letter Opener","Question Card","Tiny House","Mercury Hourglass","Juzu Bracelet"],"acts_visited":["Exordium","TheCity"],"potions_floor_usage":[12,16,16,19,19,22,22],"damage_taken":[{"damage":0,"enemies":"Small Slimes","floor":2,"turns":3},{"damage":0,"enemies":"2 Louse","floor":5,"turns":4},{"damage":1,"enemies":"Jaw Worm","floor":9,"turns":3},{"damage":5,"enemies":"Red Slaver","floor":10,"turns":4},{"damage":2,"enemies":"Blue Slaver","floor":11,"turns":2},{"damage":16,"enemies":"Exordium Thugs","floor":12,"turns":6},{"damage":4,"enemies":"2 Fungi Beasts","floor":14,"turns":4},{"damage":6,"enemies":"Large Slime","floor":15,"turns":6},{"damage":51,"enemies":"SI_SHIV_ARCHETYPE","floor":16,"turns":11},{"damage":28,"enemies":"Shell Parasite","floor":19,"turns":6},{"damage":35,"enemies":"Cultist and Chosen","floor":20,"turns":9},{"damage":0,"enemies":"downfall:FleeingMerchant","floor":21,"turns":4},{"damage":32,"enemies":"Sentry and Sphere","floor":22,"turns":9},{"damage":60,"enemies":"downfall:LadyInBlue","floor":25,"turns":12}],"seed_played":"-2165020845511818578","potions_obtained":[{"floor":5,"key":"SpeedPotion"},{"floor":11,"key":"Weak Potion"},{"floor":12,"key":"champ:CounterPotion"},{"floor":16,"key":"Energy Potion"},{"floor":17,"key":"DuplicationPotion"}],"is_trial":false,"path_per_floor":["R","M","?","?","M","T","T","?","M","M","M","M","R","M","M","B",null,"R","M","M","$","M","R","T","?"],"character_chosen":"THE_SPIRIT","items_purchased":["hexamod:EtherealExpedition","expansioncontent:AwakenDeath","Mercury Hourglass","PowerPotion","Energy Potion"],"campfire_rested":2,"item_purchase_floors":[21,21,21,21,21],"current_hp_per_floor":[77,77,77,77,77,77,77,77,76,71,69,53,76,72,66,22,82,82,61,26,33,8,32,32,0,0,0],"gold":262,"neow_bonus":"ONE_RARE_RELIC","is_daily":false,"chose_seed":false,"campfire_upgraded":2,"win_rate":0.0,"timestamp":1612145069,"path_taken":["R","M","?","?","M","?","T","?","M","M","M","M","R","?","M","BOSS","R","M","M","$","M","R","T","?"],"items_purchased_type":["Card","Card","Relic","Potion","Potion"],"build_version":"2020-12-22","purchased_purges":1,"victory":false,"max_hp_per_floor":[77,77,77,77,77,77,77,77,77,77,77,77,77,77,77,77,82,82,82,82,82,82,82,82,82,82,82],"card_choices":[{"not_picked":["hexamod:HeatShield","hexamod:BurningTouch"],"picked":"hexamod:InspiringFlames","floor":2},{"not_picked":["hexamod:HauntingEcho","hexamod:ChargedBarrage"],"picked":"hexamod:PhantomFireball","floor":5},{"not_picked":["hexamod:AdvancingGuard","hexamod:HeatShield","hexamod:ShieldOfDarkness"],"picked":"hexamod:NightmareStrike","floor":9},{"not_picked":["hexamod:GhostShield","hexamod:ShieldOfDarkness","hexamod:BurningTouch"],"picked":"hexamod:RadiantFlame","floor":10},{"not_picked":["hexamod:Hexaguard","hexamod:Firestarter","hexamod:HeatCrush"],"picked":"hexamod:ThirdSeal","floor":11},{"not_picked":["hexamod:SwordOfDarkness","hexamod:PowerFromBeyond","hexamod:Again"],"picked":"hexamod:EmpoweredFlame","floor":12},{"not_picked":["hexamod:PowerFromBeyond","hexamod:FastForward","hexamod:HeatShield","hexamod:BacktrackSmack"],"picked":"SKIP","floor":12},{"not_picked":["hexamod:ShieldOfDarkness","hexamod:GhostLash","hexamod:InspiringFlames"],"picked":"hexamod:ThermalTransfer","floor":14},{"not_picked":["hexamod:BurningTouch","hexamod:RadiantFlame","hexamod:AdvancingGuard","hexamod:ChargedBarrage"],"picked":"SKIP","floor":14},{"not_picked":["hexamod:InspiringFlames","hexamod:RetreatToShadows","hexamod:BacktrackSmack"],"picked":"hexamod:FirstSeal","floor":15},{"not_picked":["hexamod:HeatShield","hexamod:Firestarter","hexamod:ShieldOfDarkness","hexamod:RainOfEmbers"],"picked":"SKIP","floor":15},{"not_picked":["hexamod:UnlimitedPower","hexamod:SearingWound","hexamod:UnleashSpirits"],"picked":"hexamod:VolcanoVisage","floor":16},{"not_picked":["hexamod:ParanormalForm","hexamod:GiftsFromTheDead","hexamod:HexaLevel"],"picked":"hexamod:SixthSeal","floor":16},{"not_picked":["hexamod:Hexaguard","hexamod:ShieldOfDarkness","hexamod:FirstSeal"],"picked":"hexamod:NightmareGuise","floor":17},{"not_picked":["hexamod:GhostLash","hexamod:FourthSeal","hexamod:ThermalTransfer"],"picked":"hexamod:SecondSeal","floor":19},{"not_picked":["hexamod:HauntingEcho+1","hexamod:BurningTouch+1","hexamod:BacktrackSmack"],"picked":"hexamod:ThermalTransfer+1","floor":19},{"not_picked":["hexamod:BacktrackSmack","hexamod:Firestarter","hexamod:HeatMetal","hexamod:AdvancingGuard"],"picked":"SKIP","floor":20},{"not_picked":["hexamod:FastForward","hexamod:SwordOfDarkness","hexamod:InspiringFlames","hexamod:HauntingEcho"],"picked":"SKIP","floor":20},{"not_picked":["hexamod:Again","hexamod:HeatCrush+1","hexamod:NightmareGuise"],"picked":"hexamod:SearingWound","floor":21},{"not_picked":["hexamod:Haunt","hexamod:GhostShield","hexamod:SwordOfDarkness"],"picked":"hexamod:ExtraCrispy+1","floor":22},{"not_picked":["hexamod:Firestarter","hexamod:Haunt+1","hexamod:SwordOfDarkness"],"picked":"hexamod:PowerFromBeyond","floor":22}],"player_experience":353384,"relics_obtained":[{"floor":6,"key":"Letter Opener"},{"floor":7,"key":"Question Card"},{"floor":24,"key":"Juzu Bracelet"}],"event_choices":[{"damage_healed":0,"gold_gain":100,"player_choice":"Gold","damage_taken":0,"max_hp_gain":0,"max_hp_loss":0,"event_name":"Wheel of Change","floor":8,"gold_loss":0}],"is_beta":false,"boss_relics":[{"not_picked":["Snecko Eye","Runic Pyramid"],"picked":"Tiny House"}],"items_purged_floors":[21],"is_endless":false,"potions_floor_spawned":[5,11,12,16],"killed_by":"downfall:LadyInBlue","ascension_level":0}}