{"host":"2htk0ftrajbcnypf","time":1612146677,"event":{"mods":["AchievementEnabler","BaseMod","Better Note","Custom Start","Grow up Mod","Minty Spire (QoL Compilation)","Permanent Neow","Rare Cards Sparkle","Relic Filter Mod","Remove Card Discount Mod","Replay The Spire","StSLib","SuperFastMode"],"gold_per_floor":[116,135,135,135,123,152,152,162,208,246,321,333,370,399,411,518,530,559,583,34,48,59,59,78,96,96,96,109,109,137,154,154,251,251,262,183,183,183,27,57,109,109,134,134,62,62,62,92,92,92,92],"floor_reached":50,"language":"ZHS","playtime":1856,"items_purged":["Looming Evil","Strike_P","Defend_P","Defend_P","Strike_P","Defend_P","Mayhem","Sadistic Nature"],"score":636,"play_id":"8585354c-0ad9-4177-8116-eb42db9fc3e8","local_time":"20210201103117","is_ascension_mode":false,"campfire_choices":[{"floor":15,"key":"RECALL"},{"data":"Adaptation","floor":27,"key":"SMITH"},{"data":"ReplayTheSpireMod:Private Reserves","floor":29,"key":"SMITH"},{"data":"FollowUp","floor":32,"key":"SMITH"},{"data":"Madness","floor":42,"key":"SMITH"},{"data":"Weave","floor":44,"key":"SMITH"},{"data":"LessonLearned","floor":46,"key":"SMITH"},{"data":"Eruption","floor":49,"key":"SMITH"}],"circlet_count":0,"master_deck":["Strike_P","Defend_P+1","Eruption+1","Vault+1","FlurryOfBlows+1","Adaptation+1","InnerPeace+1","Consecrate","FlurryOfBlows","Brilliance+1","Crescendo+1","Halt","ReplayTheSpireMod:Private Reserves+1","FollowUp+1","Weave+1","Madness+1","Replay:ManipulateFuture+1","Pray","LessonLearned+1"],"relics":["PureWater","Ring of Hypnosis","Ring of Fury","Regal Pillow","MawBank","Quantum Egg","War Paint","Nunchaku","Empty Cage","Thread and Needle","Bronze Scales","ReplayTheSpireMod:ShopPack","Bottled Flame","Coffee Dripper","Potion Belt","Frozen Egg 2","GoldenEye","Toy Ornithopter","Centennial Puzzle"],"acts_visited":["Exordium","TheCity","TheBeyond"],"potions_floor_usage":[14,16,22,33,40,50,50,50],"damage_taken":[{"damage":4,"enemies":"Cultist","floor":1,"turns":4},{"damage":8,"enemies":"2 Louse","floor":2,"turns":3},{"damage":1,"enemies":"Replay:BlueRogue","floor":6,"turns":3},{"damage":0,"enemies":"Small Slimes","floor":8,"turns":2},{"damage":7,"enemies":"Lagavulin","floor":10,"turns":4},{"damage":14,"enemies":"3 Sentries","floor":11,"turns":4},{"damage":2,"enemies":"3 Sentries","floor":13,"turns":5},{"damage":0,"enemies":"3 Louse","floor":14,"turns":2},{"damage":0,"enemies":"Slime Boss","floor":16,"turns":3},{"damage":0,"enemies":"Spheric Guardian","floor":18,"turns":2},{"damage":10,"enemies":"3 Byrds","floor":19,"turns":3},{"damage":0,"enemies":"Centurion and Healer","floor":21,"turns":3},{"damage":27,"enemies":"Snake Plant","floor":22,"turns":2},{"damage":0,"enemies":"Snecko","floor":24,"turns":3},{"damage":33,"enemies":"Shelled Parasite and Fungi","floor":25,"turns":3},{"damage":0,"enemies":"3 Cultists","floor":28,"turns":4},{"damage":16,"enemies":"Gremlin Leader","floor":30,"turns":3},{"damage":0,"enemies":"Sentry and Sphere","floor":31,"turns":3},{"damage":27,"enemies":"Collector","floor":33,"turns":5},{"damage":3,"enemies":"3 Darklings","floor":35,"turns":3},{"damage":135,"enemies":"Reptomancer","floor":40,"turns":3},{"damage":72,"enemies":"2 Orb Walkers","floor":41,"turns":5},{"damage":119,"enemies":"Nemesis","floor":48,"turns":6},{"damage":254,"enemies":"Time Eater","floor":50,"turns":9}],"seed_played":"-983893114877974594","potions_obtained":[{"floor":2,"key":"SmokeBomb"},{"floor":8,"key":"Ambrosia"},{"floor":10,"key":"Weak Potion"},{"floor":11,"key":"Fire Potion"},{"floor":14,"key":"Venom Potion"},{"floor":19,"key":"BlessingOfTheForge"},{"floor":25,"key":"Dexterity Potion"},{"floor":35,"key":"AttackPotion"},{"floor":40,"key":"SteroidPotion"}],"is_trial":false,"path_per_floor":["M","M","?","?","$","E","?","M","T","E","?","?","E","M","R","B",null,"M","M","$","M","M","?","M","M","T","R","M","R","E","M","R","B",null,"M","$","?","?","$","E","?","R","T","R","$","R","$","E","R","B"],"character_chosen":"WATCHER","items_purchased":["Thread and Needle","Bronze Scales","ReplayTheSpireMod:ShopPack","Weave","Potion Belt","LessonLearned"],"campfire_rested":0,"item_purchase_floors":[20,20,20,36,39,45],"current_hp_per_floor":[88,90,100,110,120,129,111,121,131,134,130,140,148,158,168,178,252,262,262,272,282,265,275,285,262,272,282,292,302,296,306,316,299,422,429,439,394,404,414,289,227,237,247,257,267,277,287,178,188,0,0],"gold":92,"neow_bonus":"ONE_RANDOM_RARE_CARD","is_daily":false,"chose_seed":false,"campfire_upgraded":7,"win_rate":0.0,"timestamp":1612146677,"path_taken":["M","?","?","?","$","E","?","M","T","E","?","?","E","M","R","BOSS","M","M","$","M","?","?","M","M","T","R","M","R","E","M","R","BOSS","M","?","?","?","?","E","?","R","T","R","$","R","$","E","R","BOSS"],"items_purchased_type":["Relic","Relic","Relic","Card","Relic","Card"],"build_version":"2020-12-22","purchased_purges":8,"victory":false,"max_hp_per_floor":[92,102,112,122,132,142,152,162,172,182,192,202,212,222,232,242,252,262,272,282,292,302,312,322,332,342,352,362,372,382,392,402,412,422,432,442,452,462,472,482,492,502,512,522,532,542,552,562,572,572,572],"card_choices":[{"not_picked":["CrushJoints","Protect"],"picked":"FlurryOfBlows","floor":1},{"not_picked":["Swivel","EmptyBody","FlyingSleeves"],"picked":"SKIP","floor":2},{"not_picked":["FlurryOfBlows","InnerPeace"],"picked":"Adaptation","floor":6},{"not_picked":["ThirdEye","FlurryOfBlows","Adaptation"],"picked":"SKIP","floor":8},{"not_picked":["Protect","EmptyFist"],"picked":"InnerPeace","floor":10},{"not_picked":["Swivel","Collect"],"picked":"Consecrate","floor":11},{"not_picked":["EmptyMind","Meditate","Swivel"],"picked":"SKIP","floor":13},{"not_picked":["InnerPeace","Omniscience","ThirdEye"],"picked":"SKIP","floor":14},{"not_picked":["Establishment","MasterReality"],"picked":"Brilliance","floor":16},{"not_picked":["SashWhip","JustLucky"],"picked":"Crescendo+1","floor":18},{"not_picked":["PathToVictory","BowlingBash"],"picked":"Halt","floor":19},{"not_picked":["Midas Touch","Poisoned Strike"],"picked":"Sadistic Nature","floor":20},{"not_picked":["Replay:Sssssssssstrike","Jack Of All Trades"],"picked":"Mayhem","floor":20},{"not_picked":["Specialist","The Bomb"],"picked":"ReplayTheSpireMod:Private Reserves","floor":20},{"not_picked":["Judgement","CrushJoints","Swivel"],"picked":"SKIP","floor":21},{"not_picked":["PathToVictory+1","JustLucky"],"picked":"FollowUp","floor":22},{"not_picked":["Replay:Anticipation","Crescendo","DeceiveReality+1"],"picked":"SKIP","floor":24},{"not_picked":["Protect","PathToVictory+1","Replay:Anticipation"],"picked":"SKIP","floor":25},{"not_picked":["Fasting2","CarveReality","Replay:Anticipation"],"picked":"SKIP","floor":28},{"not_picked":["Wallop+1","Replay:AtTheReady","Perseverance"],"picked":"SKIP","floor":30},{"not_picked":["FearNoEvil+1","Evaluate+1","Replay:AtTheReady"],"picked":"SKIP","floor":31},{"not_picked":["Indignation+1","Halt","SashWhip"],"picked":"SKIP","floor":35},{"not_picked":["ClearTheMind","FlurryOfBlows+1"],"picked":"Replay:ManipulateFuture+1","floor":40},{"not_picked":["Protect+1","Replay:ManipulateFuture+1"],"picked":"Pray","floor":41},{"not_picked":["Replay:Vibes","DevaForm+1","ReachHeaven+1"],"picked":"SKIP","floor":48}],"player_experience":6167,"relics_obtained":[{"floor":4,"key":"Ring of Hypnosis"},{"floor":4,"key":"Ring of Fury"},{"floor":6,"key":"Regal Pillow"},{"floor":9,"key":"MawBank"},{"floor":10,"key":"Quantum Egg"},{"floor":11,"key":"War Paint"},{"floor":13,"key":"Nunchaku"},{"floor":30,"key":"Bottled Flame"},{"floor":40,"key":"Frozen Egg 2"},{"floor":41,"key":"GoldenEye"},{"floor":43,"key":"Toy Ornithopter"},{"floor":48,"key":"Centennial Puzzle"}],"event_choices":[{"damage_healed":0,"gold_gain":0,"player_choice":"Grow","damage_taken":0,"max_hp_gain":0,"max_hp_loss":0,"event_name":"Living Wall","floor":3,"gold_loss":0,"cards_upgraded":["FlurryOfBlows"]},{"damage_healed":0,"gold_gain":0,"player_choice":"Entered Light","damage_taken":28,"max_hp_gain":0,"max_hp_loss":0,"event_name":"Shining Light","floor":7,"gold_loss":0,"cards_upgraded":["Vault","Vigilance"]},{"damage_healed":0,"gold_gain":0,"player_choice":"Searched \u00271\u0027 times","damage_taken":0,"max_hp_gain":0,"max_hp_loss":0,"event_name":"Dead Adventurer","floor":11,"gold_loss":0},{"damage_healed":0,"gold_gain":0,"player_choice":"1 cards matched","damage_taken":0,"max_hp_gain":0,"max_hp_loss":0,"event_name":"Match and Keep!","floor":12,"gold_loss":0,"cards_obtained":["FlurryOfBlows"]},{"cards_removed":["FollowUp"],"damage_healed":0,"gold_gain":0,"player_choice":"Give","damage_taken":0,"max_hp_gain":0,"max_hp_loss":0,"event_name":"betterNote:BetterNote","floor":23,"gold_loss":0,"cards_obtained":["Beam Cell"]},{"damage_healed":0,"gold_gain":0,"player_choice":"Embrace Madness","damage_taken":55,"max_hp_gain":0,"max_hp_loss":0,"event_name":"Winding Halls","floor":37,"gold_loss":0,"cards_obtained":["Madness","Madness"]},{"cards_removed":["Madness"],"damage_healed":0,"gold_gain":0,"player_choice":"Removed Skill","damage_taken":0,"max_hp_gain":0,"max_hp_loss":0,"event_name":"Falling","floor":38,"gold_loss":0},{"damage_healed":0,"gold_gain":0,"player_choice":"Fight","damage_taken":0,"max_hp_gain":0,"max_hp_loss":0,"event_name":"Mysterious Sphere","floor":41,"gold_loss":0}],"is_beta":false,"boss_relics":[{"not_picked":["Calling Bell","Astrolabe"],"picked":"Empty Cage"},{"not_picked":["Tiny House","Runic Pyramid"],"picked":"Coffee Dripper"}],"items_purged_floors":[5,5,5,5,5,5,36,45],"is_endless":false,"potions_floor_spawned":[2,8,10,11,13,14,19,21,25,35,40],"killed_by":"Time Eater","ascension_level":0}}