{"host":"5m2js577gj4e7pak","time":1612211720,"event":{"mods":["AchievementEnabler","BaseMod","Better Match","BetterRewards","Colored Map","Colored Powertips","Googly Eyes","Highlight Path","Lobotomy","LobotomyExtend","Minty Spire (QoL Compilation)","Quick Restart","Relic Filter","StSLib"],"gold_per_floor":[120,120,132,82,100,100,133,151,151,151,151],"floor_reached":10,"language":"ENG","playtime":225,"items_purged":[],"score":78,"play_id":"b25b671b-cb73-43fe-a245-20368bbd5684","local_time":"20210201213520","is_ascension_mode":true,"campfire_choices":[],"circlet_count":0,"master_deck":["SpecialBullet","SpecialBullet","SpecialBullet","SpecialBullet","SpecialBullet","SpecialBullet","SpecialBullet","SpecialBullet","InformationCode","SecurityCode","TrainingCode","Pleasure","LaLuna","Lantern","BeautyBeast","ShedSkin","Moonlight"],"relics":["CogitoBucket","NeowsBlessing","LetterFromLob","Meat on the Bone","HornCleat"],"acts_visited":["Exordium"],"potions_floor_usage":[],"damage_taken":[{"damage":0,"enemies":"Small Slimes","floor":1,"turns":1},{"damage":0,"enemies":"Jaw Worm","floor":3,"turns":1},{"damage":0,"enemies":"2 Louse","floor":5,"turns":1},{"damage":40,"enemies":"3 Sentries","floor":7,"turns":7},{"damage":17,"enemies":"Red Slaver","floor":8,"turns":3},{"damage":54,"enemies":"Gremlin Nob","floor":10,"turns":7}],"seed_played":"-561373013475385266","potions_obtained":[{"floor":7,"key":"Ancient Potion"},{"floor":8,"key":"EssenceOfSteel"}],"is_trial":false,"path_per_floor":["M","?","M","?","M","R","E","M","T","E"],"character_chosen":"Angela","items_purchased":[],"campfire_rested":0,"item_purchase_floors":[],"current_hp_per_floor":[70,56,64,64,70,70,41,50,50,0,0],"gold":151,"neow_bonus":"THREE_ENEMY_KILL","is_daily":false,"chose_seed":false,"campfire_upgraded":0,"win_rate":0.0,"timestamp":1612211720,"path_taken":["M","?","M","?","M","R","E","M","T","E"],"items_purchased_type":[],"build_version":"2020-12-22","purchased_purges":0,"victory":false,"max_hp_per_floor":[70,70,70,70,70,70,70,70,70,70,70],"card_choices":[{"not_picked":["Lantern"],"picked":"Tough","floor":1},{"not_picked":["Lantern"],"picked":"Pleasure","floor":3},{"not_picked":["CherryBlossoms","FairyFestival"],"picked":"LaLuna","floor":5},{"not_picked":["Hornet"],"picked":"Lantern","floor":5},{"not_picked":["GreedKing","Rudolta"],"picked":"BeautyBeast","floor":7},{"not_picked":["Galaxy"],"picked":"ShedSkin","floor":7},{"not_picked":["Soda"],"picked":"Moonlight","floor":8}],"player_experience":48659,"relics_obtained":[{"floor":1,"key":"LetterFromLob"},{"floor":7,"key":"Meat on the Bone"},{"floor":9,"key":"HornCleat"}],"event_choices":[{"damage_healed":0,"gold_gain":0,"player_choice":"Entered Light","damage_taken":14,"max_hp_gain":0,"max_hp_loss":0,"event_name":"Shining Light","floor":2,"gold_loss":0,"cards_upgraded":["Tough"]},{"cards_removed":["Tough"],"damage_healed":0,"gold_gain":0,"player_choice":"Card Removal","damage_taken":0,"max_hp_gain":0,"max_hp_loss":0,"event_name":"The Cleric","floor":4,"gold_loss":50}],"is_beta":false,"boss_relics":[],"items_purged_floors":[],"is_endless":false,"potions_floor_spawned":[7,8],"killed_by":"Gremlin Nob","ascension_level":3}}