{"host":"3vgzk5mhz751jdrj","time":1612220574,"event":{"mods":["2.2 Compatiblity","AchievementEnabler","Act Like it!","Aspiration","BaseMod","Better Altar","Better Match","Better Note","Better Sensory Stone","Better Skull","Better Third Choice","Block Reminder","Colored Map","Conspire","Curses Come First","Dark Map","Displayed Cursed Tome","Downfall","Friendly Minions","GifTheSpireLib","Halation","Hubris","Ironclad Rager","Marked Mod","Mimic Mod","Minty Spire (QoL Compilation)","Quick Restart","Rare Cards Sparkle","Replay The Spire","Reworked Bosses","Shop Mod","Smile Girya","Spicy Shops","Spikes Relics","Spire Arcade","StSLib","Stuff the Spire","TheSurvivalist","Trackpad"],"gold_per_floor":[112,112,112,132,145,159,198,218,218,244,278,278,278,297,297,402,402,424,22,22,43,63,63,99,99,99,99,99,145,51,78,78,190,190,210,226,226,226,136,175,189,189,260,295,309,336,89,104,104,104,104,104,3,46,46],"floor_reached":56,"language":"ENG","playtime":4856,"items_purged":["downfall:Bewildered"],"score":1287,"play_id":"f53dc354-2150-4839-b38a-0381d8d70b5e","local_time":"20210201180254","is_ascension_mode":false,"campfire_choices":[{"floor":12.0,"key":"REST"},{"floor":15.0,"key":"REST"},{"floor":23.0,"key":"REST"},{"floor":25.0,"key":"REST"},{"floor":27.0,"key":"REST"},{"data":"Enlightenment","floor":32.0,"key":"SMITH"},{"floor":42.0,"key":"RECALL"},{"data":"survmod:AcidArrow","floor":49.0,"key":"SMITH"},{"data":"survmod:Sprint","floor":52.0,"key":"SMITH"}],"circlet_count":0,"master_deck":["survmod:Strike","survmod:Strike","survmod:Strike","survmod:Strike","survmod:Defend+1","survmod:Defend+1","survmod:Defend","survmod:Defend","survmod:VersatileOffense","survmod:Sprint+1","survmod:Decoy+1","survmod:SwiftKick","survmod:TakeAim","survmod:VersatileDefense","survmod:AcidArrow+1","survmod:FlareQuiver","survmod:NockAnArrow","survmod:SwiftKick","survmod:TacticalManeuver","survmod:Marksmanship","survmod:VersatilePower","survmod:ComplexMutation","survmod:PiercingShot","survmod:MarkedShot","survmod:MarkedShot+1","survmod:QuickThinking","survmod:FlashbangTrap","survmod:SwiftKick+1","Enlightenment+1","survmod:MarkTrap+1","survmod:ConcussiveShot","survmod:OverwhelmingAssault+1","survmod:MarkedFromAfar+1","survmod:NockAnArrow+1"],"relics":["survmod:InnateMutation","aspiration:BabyByrd","CeramicFish","survmod:IronskinOutfit","Bag of Preparation","hubris:Backtick","survmod:GoodBoy","Rawhide","Pocketwatch","Bloody Idol","Blood Vial","StuffTheSpire:CocoNut","ReplayTheSpireMod:CursedCoin","Pear","aspiration:PoetsPen_weak","hubris:Towel","halation:EternalFortune","aspiration:Lifesprig","aspiration:HummingbirdHeart","Bronze Scales","Juzu Bracelet","trackpad:ByrdBGone","Mirror"],"acts_visited":["Exordium","TheCity","TheBeyond","TheEnding"],"potions_floor_usage":[55,55,55],"damage_taken":[{"damage":0.0,"enemies":"Jaw Worm","floor":1.0,"turns":5.0},{"damage":0.0,"enemies":"Small Slimes","floor":4.0,"turns":4.0},{"damage":2.0,"enemies":"conspire:RoseBush","floor":5.0,"turns":4.0},{"damage":5.0,"enemies":"Exordium Thugs","floor":6.0,"turns":5.0},{"damage":15.0,"enemies":"Lagavulin","floor":7.0,"turns":8.0},{"damage":3.0,"enemies":"Looter","floor":8.0,"turns":4.0},{"damage":14.0,"enemies":"conspire:2 RoseBushes","floor":10.0,"turns":6.0},{"damage":3.0,"enemies":"3 Sentries","floor":11.0,"turns":7.0},{"damage":2.0,"enemies":"Exordium Wildlife","floor":14.0,"turns":7.0},{"damage":29.0,"enemies":"Hexaghost","floor":16.0,"turns":14.0},{"damage":21.0,"enemies":"Spheric Guardian","floor":18.0,"turns":6.0},{"damage":5.0,"enemies":"conspire:FuzzyDice","floor":21.0,"turns":7.0},{"damage":1.0,"enemies":"Centurion and Healer","floor":22.0,"turns":6.0},{"damage":27.0,"enemies":"Gremlin Leader","floor":24.0,"turns":7.0},{"damage":5.0,"enemies":"Shelled Parasite and Fungi","floor":29.0,"turns":5.0},{"damage":0.0,"enemies":"Shelled Parasite and Fungi","floor":31.0,"turns":5.0},{"damage":49.0,"enemies":"Automaton","floor":33.0,"turns":7.0},{"damage":17.0,"enemies":"3 Shapes","floor":35.0,"turns":4.0},{"damage":9.0,"enemies":"Orb Walker","floor":36.0,"turns":3.0},{"damage":6.0,"enemies":"R_Hoarder","floor":40.0,"turns":6.0},{"damage":13.0,"enemies":"3 Darklings","floor":41.0,"turns":5.0},{"damage":0.0,"enemies":"Giant Head","floor":44.0,"turns":7.0},{"damage":0.0,"enemies":"Writhing Mass","floor":45.0,"turns":5.0},{"damage":10.0,"enemies":"Sphere and 2 Shapes","floor":48.0,"turns":4.0},{"damage":0.0,"enemies":"bossMod:newAwakened","floor":50.0,"turns":8.0},{"damage":1,"enemies":"Shield and Spear","floor":54,"turns":5},{"damage":18,"enemies":"The Heart","floor":55,"turns":9}],"seed_played":"8021858708590911266","potions_obtained":[{"floor":4.0,"key":"Weak Potion"},{"floor":5.0,"key":"DuplicationPotion"},{"floor":7.0,"key":"Cursed Concoction"},{"floor":11.0,"key":"Dexterity Potion"},{"floor":14.0,"key":"Venom Potion"},{"floor":24.0,"key":"Regen Potion"},{"floor":35.0,"key":"FearPotion"},{"floor":44.0,"key":"GamblersBrew"},{"floor":48.0,"key":"Guardian:BlockOnCardUsePotion"}],"is_trial":false,"path_per_floor":["M","?","?","M","M","M","E","M","T","M","E","R","?","M","R","B",null,"M","$","?","M","M","R","E","R","T","R","?","MIM","$","M","R","B",null,"M","M","?","?","?","E","M","R","T","E","M","T","$","M","R","B",null,"R","$","E","B",null],"character_chosen":"THE_SURVIVOR","items_purchased":["survmod:PiercingShot","survmod:MarkedShot","Rawhide","ReplayTheSpireMod:CursedCoin","Enlightenment","Pear","trackpad:ByrdBGone","PowerPotion","Swift Potion"],"campfire_rested":5,"item_purchase_floors":[19,19,19,30,30,30,47,53,53],"current_hp_per_floor":[50,50,50,50,48,43,28,25,25,11,8,23,23,21,36,7,50,29,29,29,24,23,38,11,26,26,41,3,31,61,67,67,28,67,60,58,58,61,61,67,61,61,66,70,70,70,70,65,65,67,70,70,70,70,52],"gold":46,"neow_bonus":"ONE_RANDOM_RARE_CARD","is_daily":false,"chose_seed":false,"campfire_upgraded":3,"win_rate":0.0,"timestamp":1612220574,"path_taken":["M","?","?","M","M","M","E","M","T","M","E","R","?","?","R","BOSS","M","$","?","M","M","R","E","R","T","R","?","?","$","?","R","BOSS","M","M","?","?","?","E","M","R","T","E","?","?","$","M","R","BOSS","R","$","E","BOSS"],"items_purchased_type":["Card","Card","Relic","Relic","Card","Relic","Relic","Potion","Potion"],"build_version":"2020-12-22","purchased_purges":1,"victory":true,"max_hp_per_floor":[50,50,50,50,50,50,50,50,50,50,50,50,50,50,50,50,50,50,50,50,50,50,50,50,50,50,50,50,57,67,67,67,67,67,67,67,67,70,70,70,70,70,70,70,70,70,70,70,70,70,70,70,70,70,70],"card_choices":[{"not_picked":["survmod:FenceTrap","survmod:BendAndBow"],"picked":"survmod:SwiftKick","floor":1.0},{"not_picked":["survmod:SimpleMutation","survmod:PinningSnipe"],"picked":"survmod:TakeAim","floor":4.0},{"not_picked":["survmod:NockAnArrow","survmod:PinningSnipe"],"picked":"survmod:VersatileDefense","floor":5.0},{"not_picked":["survmod:Hawkeye","survmod:VersatileDefense"],"picked":"survmod:AcidArrow","floor":6.0},{"not_picked":["survmod:NockAnArrow","survmod:ExplosiveTrap"],"picked":"survmod:FlareQuiver","floor":7.0},{"not_picked":["survmod:FenceTrap","survmod:Hawkeye"],"picked":"survmod:NockAnArrow","floor":8.0},{"not_picked":["survmod:ComplexMutation","survmod:DuckAndFlare"],"picked":"survmod:SwiftKick","floor":10.0},{"not_picked":["survmod:PenetratingShot","survmod:ExpertSniper"],"picked":"survmod:TacticalManeuver","floor":11.0},{"not_picked":["survmod:SurpriseTrap","survmod:SwiftKick"],"picked":"survmod:Marksmanship","floor":14.0},{"not_picked":["survmod:Heartseeker","survmod:UnleashTheTraps"],"picked":"survmod:VersatilePower","floor":16.0},{"not_picked":["survmod:WalledOffTraps","survmod:UnfortunateEscape+1"],"picked":"survmod:ComplexMutation","floor":18.0},{"not_picked":["survmod:TwinShot+1","survmod:Hawkeye+1"],"picked":"survmod:MarkedShot+1","floor":21.0},{"not_picked":["survmod:Adaptability","survmod:DuckAndFlare+1"],"picked":"survmod:QuickThinking","floor":22.0},{"not_picked":["survmod:Adaptability","survmod:PenetratingShot"],"picked":"survmod:FlashbangTrap","floor":24.0},{"not_picked":["survmod:ComplexMutation","survmod:AcidTrap+1"],"picked":"survmod:SwiftKick+1","floor":29.0},{"not_picked":["survmod:TwinShot","survmod:GoForFace+1"],"picked":"survmod:MarkTrap+1","floor":31.0},{"not_picked":["survmod:NeedleShot","survmod:LeapingShot"],"picked":"survmod:ConcussiveShot","floor":33.0},{"not_picked":["survmod:ShrapnelTraps","survmod:FocusedFire+1"],"picked":"survmod:OverwhelmingAssault+1","floor":35.0},{"not_picked":["survmod:ExplosiveTrap","survmod:PersonalMark+1","survmod:HiddenTactic+1"],"picked":"SKIP","floor":36.0},{"not_picked":["survmod:VersatileDefense+1","survmod:FlashbangShot+1"],"picked":"survmod:MarkedFromAfar+1","floor":40.0},{"not_picked":["survmod:Marksmanship+1","survmod:PersonalMark","survmod:BearTrap+1"],"picked":"SKIP","floor":41.0},{"not_picked":["survmod:MarkedFromAfar","survmod:FlashbangTrap+1","survmod:Hawkeye"],"picked":"SKIP","floor":44.0},{"not_picked":["survmod:AcidTrap+1","survmod:PinningSnipe","survmod:FenceTrap"],"picked":"SKIP","floor":45.0},{"not_picked":["survmod:HiddenTactic","survmod:TakeAim","survmod:SurpriseTrap+1"],"picked":"SKIP","floor":48.0},{"not_picked":["survmod:AcidArrow","survmod:MarkedShot+1"],"picked":"survmod:NockAnArrow+1","floor":54}],"player_experience":434709,"relics_obtained":[{"floor":7.0,"key":"CeramicFish"},{"floor":9.0,"key":"survmod:IronskinOutfit"},{"floor":11.0,"key":"Bag of Preparation"},{"floor":24.0,"key":"Pocketwatch"},{"floor":29.0,"key":"StuffTheSpire:CocoNut"},{"floor":40.0,"key":"aspiration:Lifesprig"},{"floor":43.0,"key":"aspiration:HummingbirdHeart"},{"floor":44.0,"key":"Bronze Scales"},{"floor":46.0,"key":"Juzu Bracelet"},{"floor":54,"key":"Mirror"}],"event_choices":[{"cards_removed":["survmod:PiercingShot"],"damage_healed":0.0,"max_hp_gain":0.0,"max_hp_loss":0.0,"gold_gain":0.0,"event_name":"betterNote:BetterNote","player_choice":"Give","floor":20.0,"gold_loss":0.0,"damage_taken":0.0,"cards_obtained":["None"]},{"damage_healed":0.0,"max_hp_gain":41.0,"max_hp_loss":3.0,"gold_gain":0.0,"event_name":"betterAltar:BetterAltar","player_choice":" Idol Vial ","floor":28.0,"potions_obtained":[],"relics_lost":[],"gold_loss":0.0,"damage_taken":38.0,"relics_obtained":["Bloody Idol","Blood Vial"]},{"cards_removed":["Injury"],"damage_healed":0.0,"max_hp_gain":0.0,"max_hp_loss":0.0,"gold_gain":0.0,"event_name":"Designer","player_choice":"Upgrade and Remove","floor":39.0,"gold_loss":90.0,"damage_taken":0.0,"cards_upgraded":["survmod:Defend"]}],"is_beta":false,"boss_relics":[{"not_picked":["aspiration:FutureDiary","Honey Jar"],"picked":"hubris:Backtick"},{"not_picked":["StuffTheSpire:Kangaroo","hubris:TerracottaHorce"],"picked":"aspiration:PoetsPen_weak"}],"items_purged_floors":[30],"is_endless":false,"potions_floor_spawned":[4,5,7,11,14,24,35,44,48],"ascension_level":0}}