{"host":"yiuxawbvzhpm7ctb","time":1612156972,"event":{"mods":["AchievementEnabler","Act Like it!","Aspiration","BaseMod","Better Altar","Better Match","Better Note","Better Sensory Stone","Better Skull","Better Third Choice","Better Vampires","Colored Map","Conspire","Downfall","Emptier Cage","Halation","Hubris","Infinite Spire","Jedi Mod","Marisa????????","Minty Spire (QoL Compilation)","Pale of the Ancients","Reliquary","Replay The Spire","StSLib","The Jungle","Wandering Minibosses"],"gold_per_floor":[112,0,0,0,10,10,40,54,81,113,119,111,111,123,123,200,200,206,206,206,215,960,960,978,978,1053,1083,1083,1102,1102,731,731,827,827,845,598,641,658,658,687,687,719,719,719,772,798,898,913,641,641,641,744,744,754,771,771,66,66,84,84,84,84,183,183,183],"floor_reached":64,"language":"ENG","playtime":3176,"items_purged":["Strike_R","Strike_R","Defend_R","ReplayTheSpireMod:Splinters","Defend_R","Strike_R"],"score":1481,"play_id":"8897d398-6764-446e-85d0-f92a87fc0025","local_time":"20210201002252","is_ascension_mode":true,"campfire_choices":[{"data":"Clash","floor":6,"key":"SMITH"},{"data":"Immolate","floor":13,"key":"SMITH"},{"data":"Disarm","floor":15,"key":"SMITH"},{"data":"Immolate+1","floor":23,"key":"SMITH"},{"data":"Disarm+1","floor":25,"key":"SMITH"},{"data":"Disarm+2","floor":30,"key":"SMITH"},{"data":"Immolate+2","floor":32,"key":"SMITH"},{"data":"1","floor":41,"key":"LIFT"},{"data":"2","floor":51,"key":"LIFT"},{"floor":58,"key":"REST"},{"data":"3","floor":60,"key":"LIFT"}],"circlet_count":0,"master_deck":["Strike_R+1","Bash+1","Clash+1","Enlightenment","Pommel Strike","Immolate+3","Iron Wave","Disarm+3","conspire:Charge","Exhume","Uppercut+1","Bludgeon+1","jedi:harder","Brutality+1","infinitespire:Menacing","Slimebound:Prepare+1","ReplayTheSpireMod:Tripwire+1","jedi:forcepull+1","expansioncontent:Chronoboost","infinitespire:Execution","Guardian:WalkerClaw+1","sneckomod:UnlimitedRolls"],"relics":["Burning Blood","Matryoshka","Red Skull","reliquary:ExpiredCoupon","conspire:InfiniteJournal","Ooze Armor","Nloth\u0027s Gift","wanderingMiniBosses:MasterThiefsPresence","Bronze Scales","StrikeDummy","Meat on the Bone","aspiration:FaultyCoupler","hubris:ChampionShield","halation:PromiseList","ReplayTheSpireMod:SealedPack","PrismaticShard","hubris:PeanutButter","Girya","halation:LettersToHer","infinitespire:Satchel","hubris:TenFootPole","Bottled Tornado","hubris:FunFungus","Toy Ornithopter","reliquary:WritOfMandamus","paleoftheancients:Timepiece","paleoftheancients:KeyRelic","Mercury Hourglass","CultistMask","paleoftheancients:SoulOfTheIroncluck","hubris:Icosahedron","reliquary:PorcupineQuills","Guide Book","aspiration:SeaSaltIceCream","Tiny Chest","halation:TwoAmDonut","Empty Cage"],"acts_visited":["Exordium","TheCity","TheBeyond","TheBeyond","Exordium"],"potions_floor_usage":[52,52,63,63],"damage_taken":[{"damage":11,"enemies":"Jaw Worm","floor":1,"turns":2},{"damage":0,"enemies":"Small Slimes","floor":5,"turns":5},{"damage":38,"enemies":"3 Sentries","floor":7,"turns":10},{"damage":0,"enemies":"2 Louse","floor":8,"turns":2},{"damage":14,"enemies":"Gremlin Nob","floor":10,"turns":3},{"damage":5,"enemies":"Looter","floor":11,"turns":2},{"damage":13,"enemies":"Lots of Slimes","floor":12,"turns":5},{"damage":6,"enemies":"Large Slime","floor":14,"turns":5},{"damage":28,"enemies":"Fading Forest","floor":16,"turns":11},{"damage":3,"enemies":"Chosen","floor":18,"turns":3},{"damage":10,"enemies":"2 Thieves","floor":21,"turns":2},{"damage":27,"enemies":"Sentry and Sphere","floor":22,"turns":6},{"damage":3,"enemies":"Cultist and Chosen","floor":24,"turns":3},{"damage":3,"enemies":"conspire:Head Lice","floor":27,"turns":2},{"damage":0,"enemies":"3 Cultists","floor":29,"turns":3},{"damage":46,"enemies":"Automaton","floor":33,"turns":8},{"damage":0,"enemies":"3 Darklings","floor":35,"turns":1},{"damage":0,"enemies":"3 Shapes","floor":38,"turns":1},{"damage":18,"enemies":"R_Hoarder","floor":40,"turns":7},{"damage":6,"enemies":"Nemesis","floor":42,"turns":7},{"damage":0,"enemies":"R_Hoarder","floor":46,"turns":6},{"damage":0,"enemies":"infinitespire:Three Voidlings","floor":47,"turns":3},{"damage":0,"enemies":"Nightmare_Alpha","floor":47,"turns":10},{"damage":6,"enemies":"Jaw Worm Horde","floor":48,"turns":3},{"damage":8,"enemies":"Time Eater","floor":52,"turns":7},{"damage":62,"enemies":"Time Eater","floor":54,"turns":5},{"damage":52,"enemies":"Time Eater","floor":55,"turns":7},{"damage":6,"enemies":"Time Eater","floor":59,"turns":5},{"damage":74,"enemies":"paleoftheancients:N","floor":63,"turns":8}],"seed_played":"-1566881299938267165","potions_obtained":[{"floor":1,"key":"Flashbang"},{"floor":7,"key":"Dexterity Potion"},{"floor":8,"key":"Doom Potion"},{"floor":52,"key":"CultistPotion"},{"floor":54,"key":"Milkshake"},{"floor":63,"key":"champ:CounterPotion"}],"is_trial":false,"path_per_floor":["M","?","?","?","M","R","E","M","T","E","M","M","R","M","R","B",null,"M","?","?","M","M","R","M","R","T","E","AVR","M","R","$","R","B",null,"M","$","?","M","AVR","E","R","E","PTL","PTL","T","E","?","M","$","?","R","B",null,"M","M","?","$","R","M","R","T","?","B",null],"character_chosen":"IRONCLAD","items_purchased":["hubris:ChampionShield","halation:PromiseList","PrismaticShard","Toy Ornithopter","reliquary:PorcupineQuills","Guide Book","aspiration:SeaSaltIceCream"],"campfire_rested":1,"item_purchase_floors":[31,31,36,49,57,57,57],"current_hp_per_floor":[75,81,86,86,91,91,59,65,65,57,58,51,51,51,51,49,91,91,91,91,87,66,66,69,69,69,72,72,78,78,78,78,50,91,91,91,91,91,91,81,81,81,81,81,81,91,91,91,91,91,91,91,91,69,64,64,64,91,91,91,91,91,70,91,91],"gold":183,"neow_bonus":"RANDOM_COMMON_RELIC","is_daily":false,"chose_seed":false,"campfire_upgraded":7,"win_rate":0.0,"timestamp":1612156972,"path_taken":["M","?","?","?","M","R","E","?","T","E","M","?","R","M","R","BOSS","M","?","?","?","?","R","M","R","T","E","AVR","?","R","$","R","BOSS","M","$","?","M","AVR","E","R","E","PTL","PTL","T","E","?","M","$","?","R","BOSS","M","M","?","$","R","M","R","T","?","BOSS"],"items_purchased_type":["Relic","Relic","Relic","Relic","Relic","Relic","Relic"],"build_version":"2020-12-22","purchased_purges":6,"victory":false,"max_hp_per_floor":[80,86,91,91,91,91,91,91,91,91,91,91,91,91,91,91,91,91,91,91,91,91,91,91,91,91,91,91,91,91,91,91,91,91,91,91,91,91,91,91,91,91,91,91,91,91,91,91,91,91,91,91,91,91,91,91,91,91,91,91,91,91,91,91,91],"card_choices":[{"not_picked":["hubris:CleavingFinish","Body Slam"],"picked":"Clash","floor":1},{"not_picked":["Battle Trance","Reckless Charge"],"picked":"Pommel Strike","floor":5},{"not_picked":["Pommel Strike","Havoc"],"picked":"Immolate","floor":7},{"not_picked":["ReplayTheSpireMod:Strike From Hell","Burning Pact","Clash"],"picked":"SKIP","floor":8},{"not_picked":["Sentinel","Pommel Strike"],"picked":"Iron Wave","floor":10},{"not_picked":["Clothesline","Dropkick"],"picked":"Disarm","floor":11},{"not_picked":["Iron Wave","Body Slam"],"picked":"conspire:Charge","floor":12},{"not_picked":["Cleave","conspire:Charge","jedi:fear"],"picked":"SKIP","floor":14},{"not_picked":["jedi:strikingstrike","Replay:Many Hands"],"picked":"Exhume","floor":16},{"not_picked":["jedi:suffering","Dual Wield"],"picked":"Uppercut+1","floor":18},{"not_picked":["hubris:ReadiedAction","ReplayTheSpireMod:Strike From Hell","Pommel Strike"],"picked":"SKIP","floor":21},{"not_picked":["Rage","Clash","Perfected Strike"],"picked":"SKIP","floor":22},{"not_picked":["hubris:CleavingFinish","True Grit"],"picked":"Bludgeon","floor":24},{"not_picked":["Heavy Blade+1","Searing Blow","Perfected Strike"],"picked":"SKIP","floor":27},{"not_picked":["Replay:Undeath\u0027s Touch","Pommel Strike","Clothesline"],"picked":"SKIP","floor":29},{"not_picked":["Juggernaut","jedi:unlimitedpower"],"picked":"jedi:harder","floor":33},{"not_picked":["jedi:unlimitedpower","Fiend Fire"],"picked":"Brutality","floor":34},{"not_picked":["infinitespire:SealOfDarkness+","ReplayTheSpireMod:Haul"],"picked":"infinitespire:Menacing","floor":34},{"not_picked":["ReplayTheSpireMod:Corrosion Curse","jedi:fear+1","Wild Strike+1"],"picked":"SKIP","floor":35},{"not_picked":["sneckomod:SlitherStrike+1","hexamod:GhostShield+1"],"picked":"Slimebound:Prepare+1","floor":37},{"not_picked":["jedi:pocketpoison","hexamod:NightmareStrike"],"picked":"ReplayTheSpireMod:Tripwire+1","floor":38},{"not_picked":["bronze:Allocate+1","Replay:Many Hands"],"picked":"jedi:forcepull+1","floor":40},{"not_picked":["hubris:Ukulele+1","sneckomod:UnknownCommonSkill"],"picked":"expansioncontent:Chronoboost","floor":42},{"not_picked":["hexamod:RainOfEmbers","Slimebound:RallyTheTroops","Slimebound:CheckThePlaybook"],"picked":"SKIP","floor":46},{"not_picked":["infinitespire:Punishment","infinitespire:SealOfDarkness+"],"picked":"infinitespire:Execution","floor":47},{"not_picked":["Fission","EventHorizon+1","jedi:spotbugs"],"picked":"SKIP","floor":48},{"not_picked":["GrandCross+1","conspire:SharedLibrary"],"picked":"Guardian:WalkerClaw+1","floor":54},{"not_picked":["EmptyBody+1","Guardian:BronzeOrb","Brilliance"],"picked":"SKIP","floor":55},{"not_picked":["bronze:Boost+1","Guardian:Gem_Cyan","EmptyMind+1"],"picked":"SKIP","floor":59},{"not_picked":["Hemogenesis","bronze:ShipIt"],"picked":"sneckomod:UnlimitedRolls","floor":63}],"player_experience":609634,"relics_obtained":[{"floor":7,"key":"Matryoshka"},{"floor":9,"key":"Red Skull"},{"floor":9,"key":"reliquary:ExpiredCoupon"},{"floor":10,"key":"conspire:InfiniteJournal"},{"floor":22,"key":"wanderingMiniBosses:MasterThiefsPresence"},{"floor":26,"key":"Bronze Scales"},{"floor":26,"key":"StrikeDummy"},{"floor":27,"key":"Meat on the Bone"},{"floor":37,"key":"hubris:PeanutButter"},{"floor":40,"key":"halation:LettersToHer"},{"floor":42,"key":"infinitespire:Satchel"},{"floor":45,"key":"halation:LettersToHer"},{"floor":45,"key":"hubris:TenFootPole"},{"floor":46,"key":"Bottled Tornado"},{"floor":47,"key":"hubris:FunFungus"},{"floor":54,"key":"paleoftheancients:SoulOfTheIroncluck"},{"floor":55,"key":"paleoftheancients:SoulOfTheCollector"},{"floor":59,"key":"paleoftheancients:SoulOfTheVixen"},{"floor":61,"key":"halation:LettersToHer"},{"floor":61,"key":"halation:TwoAmDonut"}],"event_choices":[{"damage_healed":0,"gold_gain":0,"player_choice":"RENOUNCE","damage_taken":112,"max_hp_gain":0,"max_hp_loss":0,"event_name":"betterThird:BetterSerpent","floor":2,"gold_loss":112,"cards_obtained":["Enlightenment"]},{"damage_healed":0,"gold_gain":0,"player_choice":"Donut","damage_taken":0,"max_hp_gain":5,"max_hp_loss":0,"event_name":"Big Fish","floor":3,"gold_loss":0},{"cards_removed":["Strike_R"],"damage_healed":0,"gold_gain":0,"player_choice":"Forget","damage_taken":0,"max_hp_gain":0,"max_hp_loss":0,"event_name":"Living Wall","floor":4,"gold_loss":0},{"damage_healed":0,"gold_gain":0,"player_choice":"Traded Relic","damage_taken":0,"relics_obtained":["Nloth\u0027s Gift"],"max_hp_gain":0,"max_hp_loss":0,"event_name":"N\u0027loth","floor":19,"relics_lost":["reliquary:Buckler"],"gold_loss":0},{"damage_healed":0,"gold_gain":0,"player_choice":"Ignored","damage_taken":0,"max_hp_gain":0,"max_hp_loss":0,"event_name":"betterNote:BetterNote","floor":20,"gold_loss":0,"cards_obtained":["Seek"]}],"is_beta":false,"boss_relics":[{"not_picked":["conspire:RoyalGoblet","Replay:Wanted Poster"],"picked":"Ooze Armor"},{"not_picked":["aspiration:WatcherSkillbook","hubris:HollowSoul"],"picked":"ReplayTheSpireMod:SealedPack"},{"not_picked":["hubris:CrackedHourglass","Velvet Choker"],"picked":"reliquary:WritOfMandamus"},{"not_picked":["halation:PinkAlligatorPlush","ReplayTheSpireMod:Onyx Gauntlets"],"picked":"Empty Cage"}],"items_purged_floors":[28,31,36,39,49,57],"is_endless":true,"potions_floor_spawned":[1,7,8,12,14,21,24,29,40,42,47,47,52,54,63],"ascension_level":1}}