{"host":"tfkz8stxzb1up54p","time":1612165734,"event":{"mods":["AchievementEnabler","BaseMod","Better Note","Block Reminder","Colored Powertips","Curses Come First","Disable Question Mark Monsters","Displayed Cursed Tome","Emptier Cage","Gold Saver","Gremlin Skip","Halation","Highlight Path","Minty Spire (QoL Compilation)","Permanent Neow","Poor People Problems","Relic Filter Mod","Reliquary","Replay The Spire","StSLib"],"gold_per_floor":[942,942,957,957,972,1002,971,971,971,971,996,1026,1041,1071,1071,122,122,222,222,237,237,237,237,252,267,17,47,47,47,47,77,92,107,122,137,137,237,237,252,212,62,77,77,107,122,122,122,152,152,152,152,152,152,152],"floor_reached":55,"language":"ENG","playtime":5959,"items_purged":["Eruption","Zap"],"score":858,"play_id":"f1e0813a-aefd-49aa-b861-ab9478f90320","local_time":"20210201074854","daily_mods":["Chimera","ControlledChaos","Night Terrors"],"is_ascension_mode":false,"campfire_choices":[{"data":"Battle Trance","floor":8,"key":"SMITH"},{"data":"Pommel Strike","floor":15,"key":"SMITH"},{"data":"Midas Touch","floor":17,"key":"SMITH"},{"data":"Blind","floor":36,"key":"SMITH"},{"floor":46,"key":"DIG"},{"data":"Madness","floor":53,"key":"SMITH"}],"circlet_count":0,"master_deck":["Survivor+1","Strike_R","Defend_G+1","Inflame+1","Pommel Strike+1","Battle Trance+1","Midas Touch+1","Panacea+1","DevaForm+1","Blind+1","Shrug It Off","Calculated Gamble+1","Calculated Gamble+1","Reflex+1","Panache+1","Eclipse+1","Dark Embrace+1","Sentinel+1","Seeing Red+1","Madness","Madness+1"],"relics":["Burning Blood","Frozen Eye","Magic Flower","reliquary:SharkskinSheath","FossilizedHelix","Pear","reliquary:WeakTea","halation:VictoryRuler","PrismaticShard","Black Star","DollysMirror","Juzu Bracelet","StoneCalendar","halation:PinkSoulGem","halation:BlackBeret","Replay:Wax Seal","Toy Ornithopter","Astrolabe","Guide Book","Replay:Multitool","Bag of Preparation","reliquary:IridiumChain","Replay:WaspNest","Gremlin Food","MealTicket","halation:StarCompass"],"acts_visited":["Exordium","TheCity","TheBeyond"],"potions_floor_usage":[3,32,33,37,37,44,54,54,54],"damage_taken":[{"damage":3,"enemies":"Jaw Worm","floor":1,"turns":3},{"damage":6,"enemies":"Small Slimes","floor":3,"turns":4},{"damage":0,"enemies":"Cultist","floor":5,"turns":3},{"damage":20,"enemies":"3 Sentries","floor":6,"turns":8},{"damage":21,"enemies":"Lagavulin","floor":12,"turns":5},{"damage":0,"enemies":"Looter","floor":13,"turns":4},{"damage":0,"enemies":"Replay:BlueRogue","floor":14,"turns":7},{"damage":0,"enemies":"Slime Boss","floor":18,"turns":6},{"damage":13,"enemies":"Chosen","floor":20,"turns":5},{"damage":4,"enemies":"3 Byrds","floor":24,"turns":6},{"damage":10,"enemies":"Snecko","floor":25,"turns":5},{"damage":34,"enemies":"Book of Stabbing","floor":27,"turns":6},{"damage":7,"enemies":"Replay:Snechameleon","floor":31,"turns":6},{"damage":28,"enemies":"Snake Plant","floor":32,"turns":6},{"damage":17,"enemies":"3 Cultists","floor":33,"turns":5},{"damage":0,"enemies":"Centurion and Healer","floor":34,"turns":4},{"damage":1,"enemies":"Shelled Parasite and Fungi","floor":35,"turns":5},{"damage":23,"enemies":"Champ","floor":37,"turns":10},{"damage":0,"enemies":"3 Darklings","floor":39,"turns":1},{"damage":23,"enemies":"3 Shapes","floor":42,"turns":5},{"damage":4,"enemies":"Nemesis","floor":44,"turns":5},{"damage":0,"enemies":"Sphere and 2 Shapes","floor":45,"turns":3},{"damage":6,"enemies":"R_Hoarder","floor":48,"turns":5},{"damage":82,"enemies":"Awakened One","floor":54,"turns":9}],"seed_played":"-6699970657251824518","potions_obtained":[{"floor":1,"key":"Adrenaline Potion"},{"floor":12,"key":"CultistPotion"},{"floor":14,"key":"ElixirPotion"},{"floor":27,"key":"LiquidBronze"},{"floor":32,"key":"SneckoOil"},{"floor":35,"key":"SkillPotion"},{"floor":37,"key":"ElixirPotion"},{"floor":44,"key":"Doom Potion"},{"floor":45,"key":"Flashbang"},{"floor":48,"key":"Swift Potion"}],"is_trial":false,"path_per_floor":["M","?","M","?","M","E","?","R","PTL","PTL","T","E","M","E","R","$","R","B",null,"M","?","PTL","PTL","M","M","$","E","?","?","T","E","M","M","M","M","R","B",null,"M","?","$","M","$","E","M","R","T","E","?","?","?","?","R","B",null],"character_chosen":"IRONCLAD","items_purchased":["reliquary:WeakTea","halation:VictoryRuler","Midas Touch","Panacea","PrismaticShard","DollysMirror","Guide Book"],"campfire_rested":0,"item_purchase_floors":[16,16,16,16,16,26,41],"current_hp_per_floor":[80,80,80,64,70,56,56,56,56,56,56,44,53,72,72,72,72,81,90,86,86,86,86,90,89,89,64,64,64,64,66,55,55,64,72,72,74,90,90,90,90,76,76,89,90,90,90,90,90,79,79,79,79,30],"gold":152,"neow_bonus":"","is_daily":true,"chose_seed":false,"campfire_upgraded":5,"win_rate":0.0,"timestamp":1612165734,"path_taken":["M","?","M","?","M","E","?","R","PTL","PTL","T","E","M","E","R","$","R","BOSS","M","?","PTL","PTL","M","?","$","E","?","?","T","E","M","M","M","M","R","BOSS","M","?","$","M","?","E","M","R","T","E","?","?","?","?","R","BOSS"],"items_purchased_type":["Relic","Relic","Card","Card","Relic","Relic","Relic"],"build_version":"2020-12-22","purchased_purges":2,"victory":true,"max_hp_per_floor":[80,80,80,80,80,80,80,80,80,80,80,80,80,90,90,90,90,90,90,90,90,90,90,90,90,90,90,90,90,90,90,90,90,90,90,90,90,90,90,90,90,90,90,90,90,90,90,90,90,90,90,90,90,90],"card_choices":[{"not_picked":["Perfected Strike","Feel No Pain"],"picked":"Inflame","floor":1},{"not_picked":["Anger","Sever Soul"],"picked":"Pommel Strike","floor":3},{"not_picked":["Sword Boomerang","ReplayReversal","Flame Barrier"],"picked":"SKIP","floor":5},{"not_picked":["Entrench","Body Slam"],"picked":"Battle Trance","floor":6},{"not_picked":["Thunderclap","Dual Wield","Sentinel"],"picked":"SKIP","floor":12},{"not_picked":["Sever Soul","Clash","Hemokinesis"],"picked":"SKIP","floor":13},{"not_picked":["ReplayTheSpireMod:Muscle Training","ReplayTheSpireMod:LeadingStrike","Dropkick"],"picked":"SKIP","floor":14},{"not_picked":["Thunder Strike","MasterReality"],"picked":"DevaForm","floor":18},{"not_picked":["Cold Snap","ReplayTheSpireMod:Corrosion Curse+1"],"picked":"Blind","floor":20},{"not_picked":["Consecrate","EmptyMind"],"picked":"Shrug It Off","floor":24},{"not_picked":["Headbutt","Stack+1"],"picked":"Calculated Gamble+1","floor":25},{"not_picked":["Barricade","Thunderclap+1","Blade Dance"],"picked":"SKIP","floor":27},{"not_picked":["Backflip","Twin Strike"],"picked":"Reflex+1","floor":31},{"not_picked":["Multi-Cast","EmptyFist+1","Replay:AtTheReady"],"picked":"SKIP","floor":32},{"not_picked":["Replay:AtTheReady+1","Body Slam","Bane"],"picked":"SKIP","floor":33},{"not_picked":["Conserve Battery","Genetic Algorithm","Thunderclap+1"],"picked":"SKIP","floor":34},{"not_picked":["ReplayTheSpireMod:Limb From Limb","Ball Lightning","Rupture+1"],"picked":"SKIP","floor":35},{"not_picked":["Master of Strategy","Crow Ritual"],"picked":"Panache","floor":37},{"not_picked":["Replay:AtTheReady+1","Cloak And Dagger+1","Shrug It Off"],"picked":"SKIP","floor":39},{"not_picked":["Poisoned Stab+1","Blood for Blood"],"picked":"Seeing Red+1","floor":42},{"not_picked":["Leap","ReplayTheSpireMod:Strike From Hell","Establishment"],"picked":"SKIP","floor":44},{"not_picked":["Concentrate","Capacitor+1","Conserve Battery+1"],"picked":"SKIP","floor":45},{"not_picked":["Steam+1","Tantrum","Self Repair"],"picked":"SKIP","floor":48}],"player_experience":1385983,"relics_obtained":[{"floor":6,"key":"Magic Flower"},{"floor":11,"key":"reliquary:SharkskinSheath"},{"floor":12,"key":"FossilizedHelix"},{"floor":14,"key":"Pear"},{"floor":27,"key":"Juzu Bracelet"},{"floor":27,"key":"StoneCalendar"},{"floor":30,"key":"halation:BlackBeret"},{"floor":31,"key":"Replay:Wax Seal"},{"floor":31,"key":"Toy Ornithopter"},{"floor":44,"key":"Replay:Multitool"},{"floor":44,"key":"Bag of Preparation"},{"floor":46,"key":"reliquary:IridiumChain"},{"floor":47,"key":"Replay:WaspNest"},{"floor":48,"key":"Gremlin Food"},{"floor":48,"key":"MealTicket"}],"event_choices":[{"damage_healed":0,"gold_gain":0,"player_choice":"Entered Light","damage_taken":16,"max_hp_gain":0,"max_hp_loss":0,"event_name":"Shining Light","floor":4,"gold_loss":0,"cards_upgraded":["Defend_G","Survivor"]},{"damage_healed":0,"gold_gain":0,"player_choice":"Left Gold","damage_taken":0,"max_hp_gain":0,"max_hp_loss":0,"event_name":"World of Goop","floor":7,"gold_loss":31},{"damage_healed":0,"gold_gain":0,"cards_transformed":["Strike_G"],"player_choice":"Transformed","damage_taken":0,"max_hp_gain":0,"max_hp_loss":0,"event_name":"Transmorgrifier","floor":21,"gold_loss":0,"cards_obtained":["ReplayTheSpireMod:Corrosion Curse"]},{"cards_removed":["Defend_P"],"damage_healed":0,"gold_gain":0,"player_choice":"Elegance","damage_taken":0,"max_hp_gain":0,"max_hp_loss":0,"event_name":"Back to Basics","floor":28,"gold_loss":0},{"damage_healed":0,"gold_gain":0,"player_choice":"Upgraded Two","damage_taken":0,"max_hp_gain":0,"max_hp_loss":0,"event_name":"Designer","floor":40,"gold_loss":40,"cards_upgraded":["Panacea","Inflame"]},{"cards_removed":["ReplayTheSpireMod:Corrosion Curse"],"damage_healed":0,"gold_gain":0,"player_choice":"Offered Uncommon","damage_taken":0,"max_hp_gain":0,"max_hp_loss":0,"event_name":"Bonfire Elementals","floor":49,"gold_loss":0},{"damage_healed":0,"gold_gain":0,"player_choice":"Embrace Madness","damage_taken":11,"max_hp_gain":0,"max_hp_loss":0,"event_name":"Winding Halls","floor":50,"gold_loss":0,"cards_obtained":["Madness","Madness"]}],"is_beta":false,"boss_relics":[{"not_picked":["Coffee Dripper","reliquary:Craggleroot"],"picked":"Black Star"},{"not_picked":["Runic Dome","Pandora\u0027s Box"],"picked":"Astrolabe"}],"items_purged_floors":[16,26],"is_endless":false,"potions_floor_spawned":[1,12,14,27,31,32,35,37,44,45,48],"ascension_level":0}}