{"host":"btk6hapgokl8j5e3","time":1612214609,"event":{"mods":["Act Like it!","BaseMod","BetterRewards","Colored Powertips","Downfall","Friendly Minions","GifTheSpireLib","Hallownest","Minty Spire (QoL Compilation)","StSLib","The Animator","The Bug Knight","The Necromancer"],"gold_per_floor":[112,128,148,73,83,115,115,129,154,154,154,183,108,248,248,248,248],"floor_reached":16,"language":"ENG","playtime":955,"items_purged":["HollowMod:QuickDashStart"],"score":147,"play_id":"0bce392e-ee29-4d93-8cc0-79507e32311b","local_time":"20210201222329","is_ascension_mode":true,"campfire_choices":[{"data":"HollowMod:FocusHealStart","floor":7,"key":"SMITH"},{"data":"HollowMod:GreatSlash","floor":10,"key":"SMITH"},{"floor":15,"key":"RECALL"}],"circlet_count":0,"master_deck":["HollowMod:NailStrikeStart","HollowMod:NailStrikeStart","HollowMod:NailStrikeStart","HollowMod:QuickDashStart","HollowMod:QuickDashStart","HollowMod:QuickDashStart","HollowMod:FocusHealStart+1","HollowMod:PogoStrike","HollowMod:GreatSlash+1"],"relics":["Busted Crown","Du-Vu Doll","Centennial Puzzle","CeramicFish","Hallownest:BankAccountRelic"],"acts_visited":["Hallownest:Greenpath"],"potions_floor_usage":[6,16,16],"damage_taken":[{"damage":0,"enemies":"Hallownest:2_Baldur","floor":1,"turns":3},{"damage":0,"enemies":"Hallownest:monsterHuskWarrior","floor":2,"turns":3},{"damage":2,"enemies":"Hallownest:2_MossCreeps","floor":3,"turns":4},{"damage":4,"enemies":"Hallownest:Wandering_and_Horned","floor":5,"turns":4},{"damage":13,"enemies":"Hallownest:eliteCrystalGuardian","floor":6,"turns":5},{"damage":14,"enemies":"Hallownest:1_Baldur_1_Crawlid_1_Warrior","floor":8,"turns":7},{"damage":0,"enemies":"Hallownest:eliteVengeflyKing","floor":12,"turns":4},{"damage":72,"enemies":"Hallownest:BossHornet","floor":16,"turns":11}],"seed_played":"-9115920533495696790","potions_obtained":[{"floor":1,"key":"Weak Potion"},{"floor":8,"key":"Slimebound:ThreeZeroPotion"},{"floor":12,"key":"LiquidMemories"}],"is_trial":false,"path_per_floor":["M","M","M","$","M","E","R","M","T","R","?","E","?","?","R","B"],"character_chosen":"THE_BUGKNIGHT","items_purchased":[],"campfire_rested":0,"item_purchase_floors":[],"current_hp_per_floor":[75,75,73,73,69,56,56,54,54,54,54,64,64,64,64,0,0],"gold":248,"neow_bonus":"BOSS_RELIC","is_daily":false,"chose_seed":false,"campfire_upgraded":2,"win_rate":0.0,"timestamp":1612214609,"path_taken":["M","M","M","$","M","E","R","M","T","R","?","E","?","?","R","BOSS"],"items_purchased_type":[],"build_version":"2020-12-22","purchased_purges":1,"victory":false,"max_hp_per_floor":[75,75,75,75,75,75,75,75,75,75,75,75,75,75,75,75,75],"card_choices":[{"not_picked":["HollowMod:SoulEater"],"picked":"SKIP","floor":1},{"not_picked":["HollowMod:NewJinnsSoul"],"picked":"SKIP","floor":2},{"not_picked":[],"picked":"HollowMod:GreatSlash","floor":3},{"not_picked":["HollowMod:NewJinnsSoul"],"picked":"SKIP","floor":5},{"not_picked":["HollowMod:VengefulSpirit"],"picked":"SKIP","floor":6},{"not_picked":["HollowMod:SiblingsSouls"],"picked":"SKIP","floor":8},{"not_picked":["HollowMod:InfectedAttack"],"picked":"SKIP","floor":12}],"player_experience":434272,"relics_obtained":[{"floor":6,"key":"Du-Vu Doll"},{"floor":9,"key":"Centennial Puzzle"},{"floor":12,"key":"CeramicFish"}],"event_choices":[],"is_beta":false,"boss_relics":[],"items_purged_floors":[4],"is_endless":false,"potions_floor_spawned":[1,8,12],"killed_by":"Hallownest:BossHornet","ascension_level":2}}