{"host":"21h5e52imz35vo8g","time":1612169383,"event":{"mods":["AchievementEnabler","BaseMod","Colored Map","Colored Powertips","Googly Eyes","Minty Spire (QoL Compilation)","Quick Restart","Rare Cards Sparkle","StSLib"],"gold_per_floor":[109,109,59,134,153,153,177,211,288,288,288,306,125,170,170,305,305,327,349,372,381,223,264,264,264,264],"floor_reached":25,"language":"ZHS","playtime":1088,"items_purged":["Dualcast","Defend_B"],"score":240,"play_id":"4fd32058-3744-4696-af84-394a2e54a579","local_time":"20210201164943","is_ascension_mode":true,"campfire_choices":[{"data":"Gash","floor":6,"key":"SMITH"},{"floor":11,"key":"REST"},{"floor":15,"key":"REST"},{"floor":24,"key":"REST"}],"circlet_count":0,"master_deck":["Strike_B","Defend_B","Defend_B","Defend_B","Zap","Conserve Battery","Gash+1","White Noise+1","Gash","Melter","Machine Learning","Buffer","Rebound+1","Skim","Go for the Eyes+1","Gash","Scrape"],"relics":["Runic Pyramid","Golden Idol","CeramicFish","Bottled Lightning","Blood Vial","Empty Cage","Vajra"],"acts_visited":["Exordium","TheCity"],"potions_floor_usage":[23,23],"damage_taken":[{"damage":0,"enemies":"2 Louse","floor":1,"turns":2},{"damage":6,"enemies":"Jaw Worm","floor":5,"turns":3},{"damage":0,"enemies":"Small Slimes","floor":7,"turns":4},{"damage":29,"enemies":"3 Sentries","floor":8,"turns":9},{"damage":0,"enemies":"Gremlin Gang","floor":12,"turns":2},{"damage":14,"enemies":"Lagavulin","floor":14,"turns":6},{"damage":23,"enemies":"Hexaghost","floor":16,"turns":9},{"damage":18,"enemies":"3 Byrds","floor":18,"turns":6},{"damage":0,"enemies":"Spheric Guardian","floor":19,"turns":3},{"damage":32,"enemies":"Snecko","floor":20,"turns":5},{"damage":32,"enemies":"Slavers","floor":23,"turns":4},{"damage":15,"enemies":"Gremlin Leader","floor":25,"turns":3}],"seed_played":"9164652899689361491","potions_obtained":[{"floor":5,"key":"LiquidMemories"},{"floor":7,"key":"FocusPotion"},{"floor":16,"key":"LiquidMemories"},{"floor":20,"key":"Fruit Juice"}],"is_trial":false,"path_per_floor":["M","?","?","?","M","R","M","E","T","?","R","M","$","E","R","B",null,"M","M","M","?","$","E","R","E"],"character_chosen":"DEFECT","items_purchased":["Gash","Melter","Scrape"],"campfire_rested":3,"item_purchase_floors":[13,13,22],"current_hp_per_floor":[75,57,57,46,40,40,40,11,11,11,33,33,33,19,41,20,75,57,59,29,29,29,4,28,15,15],"gold":264,"neow_bonus":"BOSS_RELIC","is_daily":false,"chose_seed":false,"campfire_upgraded":1,"win_rate":0.0,"timestamp":1612169383,"path_taken":["M","?","?","?","M","R","M","E","T","?","R","M","$","E","R","BOSS","M","M","?","?","$","E","R","E"],"items_purchased_type":["Card","Card","Card"],"build_version":"2020-12-22","purchased_purges":2,"victory":false,"max_hp_per_floor":[75,75,75,75,75,75,75,75,75,75,75,75,75,75,75,75,75,75,75,75,75,75,80,80,80,80],"card_choices":[{"not_picked":["Steam","Cold Snap"],"picked":"Conserve Battery","floor":1},{"not_picked":["Hologram","Barrage"],"picked":"Gash","floor":5},{"not_picked":["Sweeping Beam","Cold Snap"],"picked":"White Noise","floor":7},{"not_picked":["Consume","Ball Lightning","Compile Driver"],"picked":"SKIP","floor":8},{"not_picked":["Barrage","Redo","Steam"],"picked":"SKIP","floor":12},{"not_picked":["Doom and Gloom","Capacitor"],"picked":"Machine Learning","floor":14},{"not_picked":["Biased Cognition","Thunder Strike"],"picked":"Buffer","floor":16},{"not_picked":["Turbo","Double Energy"],"picked":"Rebound+1","floor":18},{"not_picked":["Capacitor","Double Energy"],"picked":"Skim","floor":19},{"not_picked":["Conserve Battery+1","Rainbow"],"picked":"Go for the Eyes+1","floor":20},{"not_picked":["Genetic Algorithm","Streamline","Ball Lightning"],"picked":"SKIP","floor":23}],"player_experience":346566,"relics_obtained":[{"floor":8,"key":"CeramicFish"},{"floor":9,"key":"Bottled Lightning"},{"floor":14,"key":"Blood Vial"},{"floor":23,"key":"Vajra"}],"event_choices":[{"damage_healed":0,"gold_gain":0,"player_choice":"Take Damage","damage_taken":18,"relics_obtained":["Golden Idol"],"max_hp_gain":0,"max_hp_loss":0,"event_name":"Golden Idol","floor":2,"gold_loss":0},{"cards_removed":["Strike_B"],"damage_healed":0,"gold_gain":0,"player_choice":"Card Removal","damage_taken":0,"max_hp_gain":0,"max_hp_loss":0,"event_name":"The Cleric","floor":3,"gold_loss":50},{"damage_healed":0,"gold_gain":75,"player_choice":"Gather Gold","damage_taken":11,"max_hp_gain":0,"max_hp_loss":0,"event_name":"World of Goop","floor":4,"gold_loss":0},{"damage_healed":0,"gold_gain":0,"player_choice":"Upgraded","damage_taken":0,"max_hp_gain":0,"max_hp_loss":0,"event_name":"Upgrade Shrine","floor":10,"gold_loss":0,"cards_upgraded":["White Noise"]},{"damage_healed":0,"gold_gain":0,"player_choice":"Read","damage_taken":0,"max_hp_gain":0,"max_hp_loss":0,"event_name":"The Library","floor":21,"gold_loss":0,"cards_obtained":["Gash"]}],"is_beta":false,"boss_relics":[{"not_picked":["Nuclear Battery","Runic Dome"],"picked":"Empty Cage"}],"items_purged_floors":[13,22],"is_endless":false,"potions_floor_spawned":[5,7,16,20],"killed_by":"Gremlin Leader","ascension_level":1}}