{"host":"Berg","time":1612151894,"event":{"mods":["AchievementEnabler","BaseMod","Colored Map","Downfall","Gremlin Skip","Highlight Path","Minty Spire (QoL Compilation)","Relic Stats","StSLib"],"gold_per_floor":[99,111,129,140,140,170,243,263,263,273,273,286,302,319,331,331,331,331],"floor_reached":16,"language":"ENG","playtime":2154,"items_purged":[],"score":108,"play_id":"a09778c0-2d64-42db-8954-160340c979c5","local_time":"20210131225814","is_ascension_mode":false,"campfire_choices":[{"data":"Guardian:TwinSlam","floor":1,"key":"SMITH"},{"data":"Guardian:Preprogram","floor":11,"key":"SMITH"}],"circlet_count":0,"master_deck":["Guardian:Strike_Guardian","Guardian:Strike_Guardian","Guardian:Strike_Guardian","Guardian:Strike_Guardian","Guardian:Defend_Guardian","Guardian:Defend_Guardian","Guardian:Defend_Guardian","Guardian:Defend_Guardian","Guardian:CurlUp","Guardian:TwinSlam+1","Guardian:ChargeCore","Guardian:Reroute","Guardian:Preprogram+1","Guardian:BaubleBeam+1","Guardian:ConstructionForm","Guardian:WalkerClaw","Guardian:BronzeArmor","Guardian:TimeBomb"],"relics":["Guardian:ModeShifter","Lantern","Darkstone Periapt"],"acts_visited":["Exordium"],"potions_floor_usage":[16,16],"damage_taken":[{"damage":0,"enemies":"Cultist","floor":2,"turns":4},{"damage":7,"enemies":"2 Louse","floor":3,"turns":2},{"damage":2,"enemies":"Small Slimes","floor":4,"turns":3},{"damage":22,"enemies":"Lagavulin","floor":6,"turns":7},{"damage":3,"enemies":"Exordium Wildlife","floor":8,"turns":3},{"damage":4,"enemies":"Blue Slaver","floor":10,"turns":4},{"damage":8,"enemies":"2 Fungi Beasts","floor":12,"turns":4},{"damage":0,"enemies":"Exordium Thugs","floor":13,"turns":5},{"damage":3,"enemies":"Lots of Slimes","floor":14,"turns":5},{"damage":0,"enemies":"Exordium Wildlife","floor":15,"turns":3},{"damage":47,"enemies":"IC_STATUS_ARCHETYPE","floor":16,"turns":10}],"seed_played":"8810029221530061696","potions_obtained":[{"floor":3,"key":"sneckomod:MuddlingPotion"},{"floor":4,"key":"SkillPotion"},{"floor":8,"key":"GamblersBrew"}],"is_trial":false,"path_per_floor":["R","M","M","M","?","E","T","M","?","M","R","M","M","M","M","B"],"character_chosen":"GUARDIAN","items_purchased":[],"campfire_rested":0,"item_purchase_floors":[],"current_hp_per_floor":[88,88,81,79,79,57,57,54,54,50,50,42,42,39,39,0,0,0],"gold":331,"neow_bonus":"TEN_PERCENT_HP_BONUS","is_daily":false,"chose_seed":false,"campfire_upgraded":2,"win_rate":0.0,"timestamp":1612151894,"path_taken":["R","M","M","?","?","E","T","M","?","M","R","M","M","M","M","BOSS"],"items_purchased_type":[],"build_version":"2020-12-18","purchased_purges":0,"victory":false,"max_hp_per_floor":[88,88,88,88,88,88,88,88,88,88,88,88,88,88,88,88,88,88],"relic_stats":{"Darkstone Periapt":0,"counters":[11,50],"obtain_stats":[{"Darkstone Periapt":7,"Lantern":6,"Guardian:ModeShifter":0},{"Darkstone Periapt":4,"Lantern":4,"Guardian:ModeShifter":0},{"Darkstone Periapt":16,"Lantern":16,"Guardian:ModeShifter":0}]},"card_choices":[{"not_picked":["Guardian:Recover","Guardian:Gem_Lightblue"],"picked":"Guardian:ChargeCore","floor":2},{"not_picked":["Guardian:Gem_Lightblue","Guardian:Gem_Yellow"],"picked":"Guardian:Reroute","floor":3},{"not_picked":["Guardian:Clone","Guardian:RollAttack"],"picked":"Guardian:Preprogram","floor":4},{"not_picked":["Guardian:Gem_Cyan","Guardian:Planning"],"picked":"Guardian:BaubleBeam","floor":6},{"not_picked":["Guardian:VentSteam","Guardian:PrimingBeam"],"picked":"Guardian:Gem_Cyan","floor":8},{"not_picked":["Guardian:Suspension","Guardian:TemporalShield"],"picked":"Guardian:Gem_Green","floor":10},{"not_picked":["Guardian:Harden","Guardian:GuardianWhirl"],"picked":"Guardian:ConstructionForm","floor":12},{"not_picked":["Guardian:TimeCapacitor","Guardian:PolyBeam"],"picked":"Guardian:WalkerClaw","floor":13},{"not_picked":["Guardian:Harden","Guardian:Repulse"],"picked":"Guardian:BronzeArmor","floor":14},{"not_picked":["Guardian:WalkerClaw","Guardian:Incinerate"],"picked":"Guardian:TimeBomb","floor":15}],"player_experience":1366667,"relics_obtained":[{"floor":6,"key":"Lantern"},{"floor":7,"key":"Darkstone Periapt"}],"event_choices":[],"is_beta":true,"boss_relics":[],"items_purged_floors":[],"is_endless":false,"potions_floor_spawned":[3,4,8,12,14],"killed_by":"IC_STATUS_ARCHETYPE","ascension_level":0}}