{"host":"tq7pufgtqftqw8yr","time":1612194130,"event":{"mods":["BaseMod","Downfall","Minty Spire (QoL Compilation)","StSLib"],"gold_per_floor":[99,119,129,146,164,164,164,183,83,96,106,135,35,51,65,166,166,166,178,194,214,227,227,227,327,71,88,88,88,88],"floor_reached":28,"language":"ZHS","playtime":2319,"items_purged":["champ:Strike"],"score":228,"play_id":"7e6bc2af-8d47-4555-aab3-1f92a7246654","local_time":"20210201234210","is_ascension_mode":false,"campfire_choices":[{"floor":1,"key":"RECALL"},{"floor":9,"key":"REST"},{"floor":13,"key":"REST"},{"data":"champ:GladiatorForm","floor":18,"key":"SMITH"},{"floor":23,"key":"REST"}],"circlet_count":0,"master_deck":["champ:Strike","champ:Strike","champ:Strike","champ:Defend","champ:Defend","champ:Defend","champ:Defend","champ:Execute","champ:Taunt+1","champ:CrownThrow","champ:BerserkerStyle","champ:StanceDance","champ:VampiricStrike","champ:FaceSlap","champ:AdrenalArmor","champ:GladiatorStyle","champ:DefensiveShout+1","champ:GladiatorForm+1","champ:Backstep+1","champ:PreciseThrust+1","champ:Circumvent+1","champ:BerserkersShout+1","champ:Endure+1","Apotheosis+1","champ:BringItOn+1"],"relics":["champ:ChampionCrownUpgraded","downfall:HeartBlessingRed","Toxic Egg 2","downfall:HeartBlessingBlue","Omamori"],"acts_visited":["Exordium","TheCity"],"potions_floor_usage":[5,11,12,21,22,27,28],"damage_taken":[{"damage":11,"enemies":"Cultist","floor":2,"turns":4},{"damage":16,"enemies":"Jaw Worm","floor":3,"turns":4},{"damage":11,"enemies":"2 Louse","floor":4,"turns":3},{"damage":34,"enemies":"Large Slime","floor":5,"turns":5},{"damage":23,"enemies":"Blue Slaver","floor":8,"turns":5},{"damage":4,"enemies":"Red Slaver","floor":10,"turns":2},{"damage":27,"enemies":"Exordium Thugs","floor":11,"turns":3},{"damage":14,"enemies":"Gremlin Nob","floor":12,"turns":3},{"damage":0,"enemies":"2 Fungi Beasts","floor":14,"turns":1},{"damage":7,"enemies":"Blue Slaver","floor":15,"turns":2},{"damage":114,"enemies":"SI_SHIV_ARCHETYPE","floor":16,"turns":9},{"damage":48,"enemies":"Shell Parasite","floor":19,"turns":6},{"damage":60,"enemies":"Spheric Guardian","floor":20,"turns":6},{"damage":31,"enemies":"Snake Plant","floor":21,"turns":4},{"damage":40,"enemies":"Snecko","floor":22,"turns":5},{"damage":36,"enemies":"downfall:FleeingMerchant","floor":26,"turns":4},{"damage":50,"enemies":"3 Cultists","floor":27,"turns":7},{"damage":37,"enemies":"Book of Stabbing","floor":28,"turns":5}],"seed_played":"3028743269497560573","potions_obtained":[{"floor":2,"key":"ColorlessPotion"},{"floor":4,"key":"Fire Potion"},{"floor":8,"key":"champ:CounterPotion"},{"floor":14,"key":"SteroidPotion"},{"floor":19,"key":"Explosive Potion"},{"floor":21,"key":"champ:CounterPotion"},{"floor":22,"key":"champ:CounterPotion"},{"floor":27,"key":"AttackPotion"}],"is_trial":false,"path_per_floor":["R","M","M","M","M","?","T","M","R","M","M","E","R","M","M","B",null,"R","M","M","M","M","R","T","?","$","M","E"],"character_chosen":"THE_CHAMP","items_purchased":["Apotheosis+1"],"campfire_rested":3,"item_purchase_floors":[26],"current_hp_per_floor":[90,89,83,82,75,75,75,62,89,85,75,61,100,100,93,41,100,100,79,57,41,32,62,62,62,62,34,0,0,0],"gold":88,"neow_bonus":"UPGRADE_CARD","is_daily":false,"chose_seed":false,"campfire_upgraded":1,"win_rate":0.0,"timestamp":1612194130,"path_taken":["R","M","M","?","M","?","T","?","R","M","M","E","R","M","M","BOSS","R","M","M","M","M","R","T","?","$","M","E"],"items_purchased_type":["Card"],"build_version":"2020-12-22","purchased_purges":1,"victory":false,"max_hp_per_floor":[90,90,90,90,90,90,90,90,90,90,90,90,100,100,100,100,100,100,100,100,100,100,100,100,100,100,100,100,100,100],"card_choices":[{"not_picked":["champ:Backstep","champ:FlashCut"],"picked":"champ:CrownThrow","floor":2},{"not_picked":["champ:EnragedBash","champ:Haymaker"],"picked":"champ:BerserkerStyle","floor":3},{"not_picked":["champ:FalseCounter","champ:PerfectedStrike"],"picked":"champ:StanceDance","floor":4},{"not_picked":["champ:Shatter","champ:Circumvent"],"picked":"champ:VampiricStrike","floor":5},{"not_picked":["champ:Encircle","champ:SetATrap"],"picked":"champ:FaceSlap","floor":8},{"not_picked":["champ:GutPunch","champ:Circumvent","champ:IgnorePain"],"picked":"SKIP","floor":10},{"not_picked":["champ:FanOfKnives","champ:FocusedBerserking"],"picked":"champ:AdrenalArmor","floor":11},{"not_picked":["champ:GutPunch","champ:Circumvent+1","champ:CrownThrow"],"picked":"SKIP","floor":12},{"not_picked":["champ:HeartStrike","champ:RecklessLeap"],"picked":"champ:GladiatorStyle","floor":14},{"not_picked":["champ:StanceDance+1","champ:EndlessRage"],"picked":"champ:DefensiveShout+1","floor":15},{"not_picked":["champ:UltimateStance+1","champ:SteelEdge"],"picked":"champ:GladiatorForm","floor":16},{"not_picked":["champ:FaceSlap","champ:TornadoPunch+1"],"picked":"champ:Backstep+1","floor":19},{"not_picked":["champ:StanceDance+1","champ:FancyFootwork+1"],"picked":"champ:PreciseThrust+1","floor":20},{"not_picked":["champ:PreciseThrust","champ:TornadoPunch"],"picked":"champ:Circumvent+1","floor":21},{"not_picked":["champ:RapidStrikes","champ:AdrenalArmor+1"],"picked":"champ:BerserkersShout+1","floor":22},{"not_picked":["champ:BladeFlurry","champ:CrookedStrike"],"picked":"champ:Endure+1","floor":26},{"not_picked":["champ:ShieldWall","champ:BladeFlurry"],"picked":"champ:BringItOn+1","floor":27}],"player_experience":853783,"relics_obtained":[{"floor":12,"key":"Toxic Egg 2"},{"floor":24,"key":"Omamori"}],"event_choices":[],"is_beta":false,"boss_relics":[{"not_picked":["Runic Dome","Snecko Eye"],"picked":"champ:ChampionCrownUpgraded"}],"items_purged_floors":[26],"is_endless":false,"potions_floor_spawned":[2,4,8,14,19,21,22,27],"killed_by":"Book of Stabbing","ascension_level":0}}