{"host":"sckme7d1fomdxamv","time":1612181313,"event":{"mods":["Act Like it!","BaseMod","Downfall","Friendly Minions","Gensokyo","Kiyohime（清姬）","Marisa（F雨　魔理沙）","Minty Spire (QoL Compilation)","READ ME - Guardian Mod","Rare Cards Sparkle","Remilia（蕾米莉亚）","Replay The Spire","Shop Mod","StSLib","The Bug Knight","The Hierophant","The Servant 0.9.4"],"gold_per_floor":[115,40,40,40,40,40,100,125,125,78,90,108,125,125,125,223,223,241,241,241,241,241,272,272,272,296,296,296],"floor_reached":27,"language":"ZHS","playtime":921,"items_purged":[],"score":267,"play_id":"3b9b5b82-aab8-4f44-94bf-d3ab13d44d38","local_time":"20210201200833","is_ascension_mode":true,"campfire_choices":[{"data":"HollowMod:CoiledNail","floor":6,"key":"SMITH"},{"data":"HollowMod:HeavyBlow","floor":15,"key":"SMITH"},{"floor":24,"key":"RECALL"}],"circlet_count":0,"master_deck":["HollowMod:NailStrikeStart","HollowMod:NailStrikeStart","HollowMod:QuickDashStart","HollowMod:QuickDashStart","HollowMod:QuickDashStart","HollowMod:QuickDashStart","HollowMod:PogoStrike","HollowMod:CoiledNail+1","HollowMod:QuirrelsAssistance","HollowMod:DescendingDark","HollowMod:DescendingDark","HollowMod:BlackTendrils","HollowMod:HeavyBlow+1","HollowMod:SoulMaster","HollowMod:SlysStrikes+1","HollowMod:BlackTendrils+1","HollowMod:CloakDash","HollowMod:MonarchWings","HollowMod:ShapeofUnn+1"],"relics":["HollowMod:VesselMask","NeowsBlessing","Replay:Mystery Machine","TungstenRod","Eternal Feather","Chameleon Ring","Astrolabe","Nilry\u0027s Codex","Pantograph","Potion Belt"],"acts_visited":["Exordium","TheCity"],"potions_floor_usage":[20,21],"damage_taken":[{"damage":0,"enemies":"Jaw Worm","floor":1,"turns":1},{"damage":0,"enemies":"Gremlin Nob","floor":7,"turns":1},{"damage":0,"enemies":"Lagavulin","floor":8,"turns":1},{"damage":0,"enemies":"2 Louse","floor":11,"turns":1},{"damage":0,"enemies":"Small Slimes","floor":12,"turns":2},{"damage":8,"enemies":"Looter","floor":13,"turns":2},{"damage":52,"enemies":"HollowMod:FalseKnight","floor":16,"turns":9},{"damage":36,"enemies":"2 Thieves","floor":18,"turns":3},{"damage":0,"enemies":"Shell Parasite","floor":20,"turns":1},{"damage":0,"enemies":"Snake Plant","floor":21,"turns":2},{"damage":33,"enemies":"HollowMod:Nosk","floor":23,"turns":8},{"damage":5,"enemies":"Replay:Snechameleon","floor":27,"turns":4}],"seed_played":"-7573988460871884732","potions_obtained":[{"floor":1,"key":"ColorlessPotion"},{"floor":12,"key":"EssenceOfSteel"},{"floor":16,"key":"SmokeBomb"},{"floor":18,"key":"SmokeBomb"}],"is_trial":false,"path_per_floor":["M","?","$","?","$","R","?","E","T","$","M","M","M","T","R","B",null,"M","?","M","M","?","E","R","?","T","E"],"character_chosen":"THE_BUGKNIGHT","items_purchased":["HollowMod:DescendingDark"],"campfire_rested":0,"item_purchase_floors":[10],"current_hp_per_floor":[75,80,80,80,80,80,80,80,80,80,80,80,72,72,80,30,80,48,48,48,55,43,18,30,30,30,28,28],"gold":296,"neow_bonus":"THREE_ENEMY_KILL","is_daily":false,"chose_seed":false,"campfire_upgraded":2,"win_rate":0.0,"timestamp":1612181313,"path_taken":["M","?","$","?","$","R","?","E","T","?","M","?","M","?","R","BOSS","M","?","M","M","?","E","R","?","T","E"],"items_purchased_type":["Card"],"build_version":"2020-12-22","purchased_purges":0,"victory":false,"max_hp_per_floor":[75,80,80,80,80,80,80,80,80,80,80,80,80,80,80,80,80,80,80,80,80,80,80,80,80,80,80,80],"card_choices":[{"not_picked":["HollowMod:CornifersMapStart","HollowMod:DoubleDash"],"picked":"HollowMod:CoiledNail","floor":1},{"not_picked":["HollowMod:SoulStrike","HollowMod:NewGlowingWomb"],"picked":"HollowMod:QuirrelsAssistance","floor":7},{"not_picked":["HollowMod:SharpenedShadows","HollowMod:DoubleDash"],"picked":"HollowMod:DescendingDark","floor":8},{"not_picked":["HollowMod:CornifersMapStart","HollowMod:TaintedHusks","HollowMod:GoodIntentions"],"picked":"SKIP","floor":11},{"not_picked":["HollowMod:SoulSplash","HollowMod:GoodIntentions"],"picked":"HollowMod:BlackTendrils","floor":12},{"not_picked":["HollowMod:DoubleDash","HollowMod:CloakDash"],"picked":"HollowMod:HeavyBlow","floor":13},{"not_picked":["HollowMod:PureVessel","HollowMod:NewInfectedGuardian"],"picked":"HollowMod:SoulMaster","floor":16},{"not_picked":["HollowMod:GoodIntentions","HollowMod:NewGlowingWomb"],"picked":"HollowMod:CloakDash","floor":18},{"not_picked":["HollowMod:VengefulSpirit","HollowMod:InfectionAssault+1"],"picked":"HollowMod:ShapeofUnn+1","floor":23}],"player_experience":254923,"relics_obtained":[{"floor":7,"key":"Replay:Mystery Machine"},{"floor":8,"key":"TungstenRod"},{"floor":9,"key":"Eternal Feather"},{"floor":14,"key":"Chameleon Ring"},{"floor":22,"key":"Nilry\u0027s Codex"},{"floor":23,"key":"Pantograph"},{"floor":26,"key":"Potion Belt"}],"event_choices":[{"damage_healed":0,"gold_gain":0,"player_choice":"Leave","damage_taken":0,"max_hp_gain":0,"max_hp_loss":0,"event_name":"The Cleric","floor":4,"gold_loss":0},{"damage_healed":0,"gold_gain":30,"player_choice":"Searched \u00273\u0027 times","damage_taken":0,"max_hp_gain":0,"max_hp_loss":0,"event_name":"Dead Adventurer","floor":7,"gold_loss":0},{"damage_healed":0,"gold_gain":0,"player_choice":"Read","damage_taken":0,"max_hp_gain":0,"max_hp_loss":0,"event_name":"The Library","floor":19,"gold_loss":0,"cards_obtained":["HollowMod:MonarchWings"]},{"damage_healed":0,"gold_gain":0,"player_choice":"Obtained Book","damage_taken":16,"max_hp_gain":0,"max_hp_loss":0,"event_name":"Cursed Tome","floor":22,"gold_loss":0}],"is_beta":false,"boss_relics":[{"not_picked":["Runic Dome","ChewingGum"],"picked":"Astrolabe"}],"items_purged_floors":[],"is_endless":false,"potions_floor_spawned":[1,12,16,18,21],"killed_by":"Replay:Snechameleon","ascension_level":1}}