{"host":"4qkvkh7pd9qr2mca","time":1612214746,"event":{"mods":["AchievementEnabler","Act Like it!","BaseMod","Colored Map","Colored Powertips","Highlight Path","Minty Spire (QoL Compilation)","Pale of the Ancients","Permanent Neow","Quick Restart","Relic Stats","StSLib","SuperFastMode"],"gold_per_floor":[359,370,10,10,10,48,48,81,155,155,180,180,203,246,246,339,339,360,145,145,159,173,214,214,249,323,31,31,31,49,6,6,6,6],"floor_reached":33,"language":"ENG","playtime":1365,"items_purged":["Writhe","Strike_R","Strike_R"],"score":652,"play_id":"e06807fa-2135-4f3d-abb1-df768c4b14ef","local_time":"20210201222546","is_ascension_mode":true,"campfire_choices":[{"floor":7.0,"key":"REST"},{"floor":10.0,"key":"REST"},{"data":"Carnage","floor":12.0,"key":"SMITH"},{"data":"Juggernaut","floor":15.0,"key":"SMITH"},{"floor":24,"key":"REST"},{"floor":32,"key":"REST"}],"circlet_count":0,"master_deck":["AscendersBane","Strike_R","Strike_R","Defend_R","Defend_R","Defend_R","Defend_R","Bash","Flame Barrier","Twin Strike","Feel No Pain","Body Slam","Carnage+1","Juggernaut+1","Inflame","Evolve","Havoc","Fiend Fire","Shrug It Off","Warcry","Shrug It Off","Burning Pact","Juggernaut","Feed","Fiend Fire","Disarm","True Grit+1","Iron Wave","Power Through","Entrench"],"relics":["Burning Blood","Lantern","Golden Idol","Bird Faced Urn","Self Forming Clay","Sozu","Nloth\u0027s Gift","Oddly Smooth Stone","Frozen Egg 2","Letter Opener","Orrery"],"acts_visited":["Exordium","TheCity"],"potions_floor_usage":[],"damage_taken":[{"damage":9.0,"enemies":"Jaw Worm","floor":1.0,"turns":5.0},{"damage":0.0,"enemies":"Small Slimes","floor":2.0,"turns":4.0},{"damage":56.0,"enemies":"Gremlin Nob","floor":6.0,"turns":5.0},{"damage":16.0,"enemies":"3 Sentries","floor":8.0,"turns":14.0},{"damage":0.0,"enemies":"2 Louse","floor":11.0,"turns":2.0},{"damage":8.0,"enemies":"Exordium Thugs","floor":13.0,"turns":4.0},{"damage":0.0,"enemies":"Gremlin Nob","floor":14.0,"turns":2.0},{"damage":57,"enemies":"Slime Boss","floor":16,"turns":13},{"damage":23,"enemies":"Shell Parasite","floor":18,"turns":5},{"damage":7,"enemies":"3 Byrds","floor":21,"turns":5},{"damage":18,"enemies":"Snake Plant","floor":22,"turns":4},{"damage":46,"enemies":"Book of Stabbing","floor":23,"turns":6},{"damage":29,"enemies":"Gremlin Leader","floor":25,"turns":7},{"damage":20,"enemies":"Cultist and Chosen","floor":30,"turns":5},{"damage":61,"enemies":"Automaton","floor":33,"turns":6}],"seed_played":"-5150338446461913685","potions_obtained":[{"floor":8.0,"key":"DistilledChaos"},{"floor":13.0,"key":"SteroidPotion"}],"is_trial":false,"path_per_floor":["M","M","$","?","?","E","R","E","T","R","M","R","M","E","R","B",null,"M","$","?","M","M","E","R","E","T","$","$","?","M","$","R","B"],"character_chosen":"IRONCLAD","items_purchased":["Lantern","Feel No Pain","Body Slam","Warcry","Shrug It Off","Orrery","Entrench"],"campfire_rested":4,"item_purchase_floors":[3,3,3,19,19,27,31],"current_hp_per_floor":[65,71,71,64,64,14,34,24,24,44,50,50,50,68,68,19,56,45,45,45,50,46,16,36,23,23,23,23,37,32,32,53,0,0],"gold":6,"neow_bonus":"TWO_FIFTY_GOLD","is_daily":false,"chose_seed":false,"campfire_upgraded":2,"win_rate":0.0,"timestamp":1612214746,"path_taken":["M","M","$","?","?","E","R","E","T","R","M","R","M","E","R","BOSS","M","$","?","M","M","E","R","E","T","?","$","?","M","?","R","BOSS"],"items_purchased_type":["Relic","Card","Card","Card","Card","Relic","Card"],"build_version":"2020-12-22","purchased_purges":3,"victory":false,"max_hp_per_floor":[75,75,75,75,68,68,68,68,68,68,68,68,68,68,68,68,68,68,68,68,68,68,68,68,68,68,68,68,68,71,71,71,71,71],"relic_stats":{"Sozu":3,"counters":[15,87],"Golden Idol":82,"Self Forming Clay":[105],"Bird Faced Urn":[60],"Nloth\u0027s Gift":4,"Letter Opener":[15],"obtain_stats":[{"Sozu":17,"Lantern":3,"Golden Idol":5,"Self Forming Clay":14,"Bird Faced Urn":8,"Oddly Smooth Stone":23,"Orrery":27,"Nloth\u0027s Gift":20,"Letter Opener":26,"Frozen Egg 2":25,"Burning Blood":0,"Toy Ornithopter":6},{"Sozu":8,"Lantern":2,"Golden Idol":2,"Self Forming Clay":7,"Bird Faced Urn":4,"Oddly Smooth Stone":12,"Orrery":13,"Nloth\u0027s Gift":9,"Letter Opener":13,"Frozen Egg 2":13,"Burning Blood":0,"Toy Ornithopter":3},{"Sozu":49,"Lantern":9,"Golden Idol":9,"Self Forming Clay":36,"Bird Faced Urn":28,"Oddly Smooth Stone":69,"Orrery":76,"Nloth\u0027s Gift":54,"Letter Opener":76,"Frozen Egg 2":76,"Burning Blood":0,"Toy Ornithopter":14}],"Burning Blood":84},"card_choices":[{"not_picked":["Warcry","Shockwave"],"picked":"Flame Barrier","floor":1.0},{"not_picked":["Shrug It Off","Clothesline"],"picked":"Twin Strike","floor":2.0},{"not_picked":["Bloodletting","Twin Strike"],"picked":"Carnage","floor":6.0},{"not_picked":["Flame Barrier","Perfected Strike"],"picked":"Juggernaut","floor":8.0},{"not_picked":["Rupture","Flex"],"picked":"Inflame","floor":11.0},{"not_picked":["Anger","Pommel Strike"],"picked":"Evolve","floor":13.0},{"not_picked":["Seeing Red","Armaments"],"picked":"Havoc","floor":14.0},{"not_picked":["Limit Break","Reaper"],"picked":"Fiend Fire","floor":16},{"not_picked":["Carnage+1","Heavy Blade"],"picked":"Shrug It Off","floor":18},{"not_picked":["Entrench","Hemokinesis"],"picked":"Burning Pact","floor":21},{"not_picked":["Reckless Charge","Thunderclap"],"picked":"Juggernaut","floor":22},{"not_picked":["Shrug It Off","Demon Form"],"picked":"Feed","floor":23},{"not_picked":["Clash","Burning Pact"],"picked":"Fiend Fire","floor":25},{"not_picked":["Spot Weakness","Twin Strike+1"],"picked":"Disarm","floor":27},{"not_picked":["Perfected Strike","Body Slam"],"picked":"True Grit+1","floor":27},{"not_picked":["Carnage+1","Wild Strike"],"picked":"Iron Wave","floor":27},{"not_picked":["Warcry","Bludgeon"],"picked":"Power Through","floor":30}],"player_experience":604624,"relics_obtained":[{"floor":6.0,"key":"Toy Ornithopter"},{"floor":8.0,"key":"Bird Faced Urn"},{"floor":14.0,"key":"Self Forming Clay"},{"floor":23,"key":"Oddly Smooth Stone"},{"floor":25,"key":"Frozen Egg 2"},{"floor":26,"key":"Letter Opener"}],"event_choices":[{"cards_removed":["Strike_R"],"damage_healed":0.0,"max_hp_gain":0.0,"max_hp_loss":0.0,"gold_gain":0.0,"event_name":"Golden Wing","player_choice":"Card Removal","floor":4.0,"gold_loss":0.0,"damage_taken":7.0},{"damage_healed":0.0,"max_hp_gain":0.0,"max_hp_loss":7.0,"gold_gain":0.0,"event_name":"Golden Idol","player_choice":"Lose Max HP","floor":5.0,"gold_loss":0.0,"damage_taken":0.0,"relics_obtained":["Golden Idol"]},{"damage_healed":0,"gold_gain":0,"player_choice":"Traded Relic","damage_taken":0,"relics_obtained":["Nloth\u0027s Gift"],"max_hp_gain":0,"max_hp_loss":0,"event_name":"N\u0027loth","floor":20,"relics_lost":["Toy Ornithopter"],"gold_loss":0},{"damage_healed":14,"gold_gain":0,"player_choice":"Heal","damage_taken":0,"max_hp_gain":0,"max_hp_loss":0,"event_name":"The Library","floor":29,"gold_loss":0}],"is_beta":false,"boss_relics":[{"not_picked":["Tiny House","Runic Pyramid"],"picked":"Sozu"}],"items_purged_floors":[3,19,27],"is_endless":false,"potions_floor_spawned":[8,13,23,25,30],"killed_by":"Automaton","ascension_level":20}}