{"host":"rm0ctv8qd8mnbkg1","time":1612196959,"event":{"mods":["BaseMod","BetterRewards","Colored Map","DNKmod","Dark Map","Defuse TimeMaze Blight","Friendly Minions","Hubris","Infinite Spire","Lobotomy","LobotomyExtend","Minty Spire (QoL Compilation)","MostiFishMod","Permanent Neow","Quarter Circle Forward PUNCH!","RRrroohrrRGHHhhh!!","Rare Cards Sparkle","Relic Sorter","Reliquary","Replay The Spire","RumiaBox-????????","Shop Mod","Spicy Shops","Spire Arcade","StS++","StSLib","Wandering Minibosses","[IsaacMod]????","??????REMEMod"],"gold_per_floor":[10011,10027,10044,10056,10071,10071,9173,9173,9255,9255,8723,8766,8780,8936,8936,9066,9066,9082,9082,8193,8212,8512,8670,8670,8714,8738,8186,8336,8349,8349,8349,8349,8470,8470,8486,8786,8802,8802,7191,7210,7230,7230,7300,7321,7321,7321,7342,5980,5980,6030],"floor_reached":51,"language":"ENG","playtime":2295,"items_purged":["AddBullet","hubris:Despair","rorgmod:Ache","Languid"],"score":1170,"play_id":"d19712cd-d4c0-477c-b1ca-75529bda8f49","local_time":"20210201162919","is_ascension_mode":false,"campfire_choices":[],"circlet_count":0,"master_deck":["SpecialBullet","SpecialBullet","SpecialBullet","SpecialBullet","SpecialBullet","SpecialBullet","SpecialBullet","SpecialBullet","EpicFetus","TrainingCode","RecordCode","WelfareCode","MostiFishMod:PerfectForm","Horn","Rudolta","Murderer","Regret_ego","SpiderBud","Beak","CUTE","BlueStar","BlackSwan_ego","Soda+1","Soda+1","CENSORED_ego","Mayhem","Swift Strike","SwordSharpenedByTears","Wellcheers","Mimicry","Scorched","OldLady","ParadiseLost","SpecialBullet","WallGazer","SpecialBullet","CherryBlossom","MostiFishMod:Kaleido","Mind Blast","FieryBird","Lamp+5","MeatLantern","GrinderMk4","ShyLook","Ecstasy","UniverseFragment","GreedKing","BigBird","Logging","Soda+1","CENSORED_ego","WhitesApple","CherryBlossom","MostiFishMod:StoryBook"],"relics":["CogitoBucket","AtMidnight","HellTrain","REME_ComplimentaryCards","HushsDoor","DaveBox","JellyFishMachine","Leech","SynthV:TestCard","LetterFromLob","Replay:Arrowhead","Counterbalance","PreservedInsect","reliquary:BrokenClock","DoctorsRemote","Golden Idol","rorgmod:Ceramic Fish","AspirationHeart","SynthV:C4","ExusiaiGun","StSpp:SailingBoat","rorgmod:The Boot","Bottled Lightning","Red Mask","Strawberry","DeadEye","Juzu Bracelet","Dodecahedron","Regal Pillow","SkinProphecy","hubris:Backtick","The Courier","GuppysTail","Gaze_r","HonorFeather","Lantern","Technique","TheAbacus","infinitespire:Broken Mirror","Garlic","Ice Cream","Mercury Hourglass","Turnip","Anchor","Ring of Fangs","Ring of Fury","ReplayTheSpireMod:Shallot","reliquary:Knoch","Blue Doll","HandDrill","infinitespire:Beetle Shell","Replay:Towering Pillar of Hats","hubris:MobiusCoin"],"acts_visited":["Exordium","TheCity","TheBeyond"],"potions_floor_usage":[13,16,16,16,18,23],"damage_taken":[{"damage":0,"enemies":"2 Louse","floor":1,"turns":1},{"damage":0,"enemies":"infinitespire:Voidling","floor":2,"turns":2},{"damage":0,"enemies":"Small Slimes","floor":3,"turns":2},{"damage":5,"enemies":"3 Louse","floor":4,"turns":2},{"damage":11,"enemies":"Exordium Wildlife","floor":5,"turns":2},{"damage":0,"enemies":"Lagavulin","floor":12,"turns":3},{"damage":9,"enemies":"Exordium Thugs","floor":13,"turns":1},{"damage":0,"enemies":"Replay:BlueRogue","floor":14,"turns":2},{"damage":0,"enemies":"Slime Boss","floor":16,"turns":2},{"damage":0,"enemies":"2 Thieves","floor":18,"turns":2},{"damage":0,"enemies":"Chosen","floor":21,"turns":1},{"damage":0,"enemies":"Book of Stabbing","floor":23,"turns":1},{"damage":0,"enemies":"Masked Bandits","floor":25,"turns":2},{"damage":0,"enemies":"REME_1_Revenger","floor":28,"turns":1},{"damage":35,"enemies":"Shelled Parasite and Fungi","floor":29,"turns":3},{"damage":0,"enemies":"Automaton","floor":33,"turns":1},{"damage":0,"enemies":"3 Darklings","floor":35,"turns":1},{"damage":6,"enemies":"3 Shapes","floor":37,"turns":1},{"damage":0,"enemies":"Transient","floor":38,"turns":1},{"damage":0,"enemies":"Transient","floor":38,"turns":1},{"damage":6,"enemies":"Transient","floor":40,"turns":2},{"damage":0,"enemies":"4 Shapes","floor":41,"turns":1},{"damage":0,"enemies":"Jaw Worm Horde","floor":44,"turns":1},{"damage":0,"enemies":"Writhing Mass","floor":47,"turns":1},{"damage":0,"enemies":"Replay:Hell Engine","floor":50,"turns":5},{"damage":0,"enemies":"Malkuth","floor":51,"turns":2},{"damage":0,"enemies":"Hod","floor":51,"turns":1},{"damage":0,"enemies":"Tiphereth","floor":51,"turns":2}],"seed_played":"-4016744628025245289","potions_obtained":[{"floor":1,"key":"Energy Potion"},{"floor":5,"key":"ColorlessPotion"},{"floor":12,"key":"AttackPotion"},{"floor":13,"key":"Explosive Potion"},{"floor":14,"key":"EssenceOfSteel"},{"floor":23,"key":"REME_GoldPotion"},{"floor":33,"key":"FearPotion"},{"floor":35,"key":"ColorlessPotion"}],"is_trial":false,"path_per_floor":["M","M","M","M","M","R","$","R","T","?","$","E","M","E","R","B",null,"M","?","$","M","?","E","R","?","T","$","E","M","R","?","R","B",null,"M","?","M","M","$","M","M","R","T","M","R","?","M","$","R","B",null],"character_chosen":"Angela","items_purchased":["Replay:Arrowhead","Counterbalance","PreservedInsect","reliquary:BrokenClock","Soda","CENSORED_ego","Mayhem","Swift Strike","SwordSharpenedByTears","FairyPotion","StSpp:SailingBoat","rorgmod:The Boot","CherryBlossom","MostiFishMod:Kaleido","Mind Blast","DeadEye","Juzu Bracelet","Dodecahedron","GuppysTail","Lantern","Technique","TheAbacus","infinitespire:Broken Mirror","Garlic","Ice Cream","Mercury Hourglass","Turnip","Anchor","Logging","ReplayTheSpireMod:Shallot","reliquary:Knoch","Blue Doll","HandDrill","infinitespire:Beetle Shell","Replay:Towering Pillar of Hats","hubris:MobiusCoin","MostiFishMod:StoryBook"],"campfire_rested":0,"item_purchase_floors":[7,7,7,7,11,11,11,11,11,17,20,20,20,20,20,27,27,27,34,39,39,39,39,39,39,39,39,39,39,48,48,48,48,48,48,48,48],"current_hp_per_floor":[1005,1005,1005,1000,990,990,990,990,990,990,990,997,999,1000,1000,1001,1006,1006,1006,1006,1006,1006,1006,1006,1006,1013,1013,1013,978,978,978,978,974,1005,1003,1003,995,1,1,1,1,7,7,4,9,9,5,5,11,15],"gold":6030,"neow_bonus":"RANDOM_EVENT","is_daily":false,"chose_seed":false,"campfire_upgraded":0,"win_rate":0.0,"timestamp":1612196959,"path_taken":["M","M","M","?","M","R","$","R","T","?","$","E","M","E","R","BOSS","M","?","$","M","?","E","R","?","T","$","E","M","R","?","R","BOSS","M","?","M","M","$","M","M","R","T","M","R","?","M","$","R","BOSS"],"items_purchased_type":["Relic","Relic","Relic","Relic","Card","Card","Card","Card","Card","Potion","Relic","Relic","Card","Card","Card","Relic","Relic","Relic","Relic","Card","Relic","Relic","Relic","Relic","Relic","Relic","Relic","Relic","Card","Relic","Relic","Relic","Relic","Relic","Relic","Relic","Card"],"build_version":"2020-12-22","purchased_purges":4,"victory":true,"max_hp_per_floor":[1005,1005,1005,1005,1005,1005,1005,1005,1005,1005,1005,1005,1015,1015,1015,1015,1006,1006,1006,1006,1006,1006,1006,1006,1006,1013,1013,1013,1013,1013,1013,1013,1015,1005,1007,1007,1009,1,1,3,7,7,7,9,9,9,11,11,11,15],"card_choices":[{"not_picked":[],"picked":"EpicFetus","floor":0},{"not_picked":["BlackSwan_ego"],"picked":"Horn","floor":1},{"not_picked":["Yin","CrumblingArmor"],"picked":"Rudolta","floor":1},{"not_picked":["OldLady","GreedKing"],"picked":"Murderer","floor":2},{"not_picked":["SoundOfStar","Loneliness","Discord"],"picked":"Regret_ego","floor":2},{"not_picked":["Mercenary","Bloodbath"],"picked":"SpiderBud","floor":3},{"not_picked":["Wingbeat","TodaysExpression","Bomb"],"picked":"Beak","floor":3},{"not_picked":["Lantern","RapturousDream","Noise"],"picked":"CUTE","floor":4},{"not_picked":["MHz","LittleHelper"],"picked":"BlueStar","floor":5},{"not_picked":["Wingbeat","RapturousDream","SwordSharpenedByTears"],"picked":"BlackSwan_ego","floor":5},{"not_picked":["CherryBlossoms","Freischutz"],"picked":"Wellcheers","floor":12},{"not_picked":["Wingbeat","InTheNameOfLoveAndHate","TheSmile","Bomb"],"picked":"SKIP","floor":12},{"not_picked":["BlueScar","FrostShard","Lantern"],"picked":"Mimicry","floor":13},{"not_picked":["MeatLantern","BeautyBeast"],"picked":"Scorched","floor":13},{"not_picked":["Bloodbath","VoidDream"],"picked":"OldLady","floor":14},{"not_picked":["Soda","Christmas","Tough"],"picked":"ParadiseLost","floor":14},{"not_picked":["OSAHOGD","Variant"],"picked":"WallGazer","floor":16},{"not_picked":["Tough+1","TodaysExpression","BearPaw","RapturousDream+1"],"picked":"SKIP","floor":18},{"not_picked":["FairyFestival","SnowQueen"],"picked":"FieryBird","floor":21},{"not_picked":["Lantern","CUTE","Regret_ego"],"picked":"Lamp","floor":21},{"not_picked":["QueenOfHatred","CrumblingArmor"],"picked":"MeatLantern","floor":23},{"not_picked":["BlackSwan_ego+1","SomewhereSpear","Hornet"],"picked":"GrinderMk4","floor":23},{"not_picked":["Laetitia","Funeral"],"picked":"ShyLook","floor":25},{"not_picked":["Regret_ego+1","GrinderMk4","Amita"],"picked":"Ecstasy","floor":25},{"not_picked":["CherryBlossoms","BlackSwan"],"picked":"UniverseFragment","floor":28},{"not_picked":["Adoration","MagicBullet","Wingbeat+1","Reverberation"],"picked":"SKIP","floor":28},{"not_picked":["DreamingCurrent","BlackArmy"],"picked":"GreedKing","floor":29},{"not_picked":["Discord+1","Loneliness","SomewhereSpear+1","Gaze+1"],"picked":"SKIP","floor":29},{"not_picked":["RedShoes","CherryBlossoms"],"picked":"BigBird","floor":33},{"not_picked":["BlueScar+1","Beak","Wingbeat","WristCuter+1"],"picked":"SKIP","floor":35},{"not_picked":["Hornet+1","CherryBlossom+1","FeatherOfHonor","RapturousDream"],"picked":"SKIP","floor":37},{"not_picked":["Regret_ego+1","Moonlight","Tough","SolemnVow+1"],"picked":"SKIP","floor":40},{"not_picked":["Lamp+1","SwordSharpenedByTears","Loneliness"],"picked":"Soda+1","floor":41},{"not_picked":["FourthMatchFlame+1","Loneliness+1","WristCuter+1"],"picked":"CENSORED_ego","floor":44},{"not_picked":["Scarecrow","QueenOfHatred"],"picked":"WhitesApple","floor":47},{"not_picked":["Regret_ego+1","RapturousDream","Harmony+1"],"picked":"CherryBlossom","floor":47},{"not_picked":["Beak","Lantern+1","Pleasure+1","CUTE+1"],"picked":"SKIP","floor":47}],"player_experience":176027,"relics_obtained":[{"floor":1,"key":"SynthV:TestCard"},{"floor":1,"key":"LetterFromLob"},{"floor":9,"key":"DoctorsRemote"},{"floor":12,"key":"rorgmod:Ceramic Fish"},{"floor":14,"key":"SynthV:C4"},{"floor":23,"key":"Bottled Lightning"},{"floor":25,"key":"Red Mask"},{"floor":26,"key":"Strawberry"},{"floor":28,"key":"Regal Pillow"},{"floor":41,"key":"AtMidnight"},{"floor":46,"key":"Ring of Fangs"},{"floor":46,"key":"Ring of Fury"}],"event_choices":[{"damage_healed":0,"gold_gain":0,"player_choice":"Donut","damage_taken":0,"max_hp_gain":5,"max_hp_loss":0,"event_name":"Big Fish","floor":0,"gold_loss":0},{"damage_healed":0,"gold_gain":0,"player_choice":"Take Wound","damage_taken":0,"relics_obtained":["Golden Idol"],"max_hp_gain":0,"max_hp_loss":0,"event_name":"Golden Idol","floor":10,"gold_loss":0,"cards_obtained":["rorgmod:Ache"]},{"damage_healed":0,"gold_gain":0,"player_choice":"Simplicity","damage_taken":0,"max_hp_gain":0,"max_hp_loss":0,"event_name":"Back to Basics","floor":19,"gold_loss":0,"cards_upgraded":[]},{"damage_healed":0,"gold_gain":0,"player_choice":"Fought Bandits","damage_taken":0,"max_hp_gain":0,"max_hp_loss":0,"event_name":"Masked Bandits","floor":25,"gold_loss":0}],"is_beta":false,"boss_relics":[{"not_picked":["ChewingGum","ReplayTheSpireMod:DimensionalGlitch"],"picked":"ExusiaiGun"},{"not_picked":[]},{"not_picked":["Runic Pyramid","Busted Crown"],"picked":"hubris:Backtick"},{"not_picked":[]}],"items_purged_floors":[17,20,20,48],"is_endless":false,"potions_floor_spawned":[1,5,12,13,14,23,33,35,38,44],"ascension_level":0}}