{"host":"rwmcmr2m88k7tuzm","time":1612205432,"event":{"mods":["BaseMod","BetterRewards","Conspire","Downfall","Hubris","Infinite Spire","Minty Spire (QoL Compilation)","Quick Restart","Replay The Spire","Shop Mod","StSLib","SuperFastMode","The Hayseed"],"gold_per_floor":[111,48,67,94,104,104,131,131,131,141,231,252,252,263,263,361,361,326,326,345,35,55,55,55],"floor_reached":23,"language":"ENG","playtime":887,"items_purged":[],"score":191,"play_id":"ae78470c-1038-4ff8-acd5-8b22171f1506","local_time":"20210201185032","is_ascension_mode":false,"campfire_choices":[{"floor":6,"key":"REST"},{"floor":8,"key":"REST"},{"floor":15,"key":"REST"}],"circlet_count":0,"master_deck":["TheSimpletonMod:Strike_TheSimpleton","TheSimpletonMod:Strike_TheSimpleton","TheSimpletonMod:Strike_TheSimpleton","TheSimpletonMod:Strike_TheSimpleton+1","TheSimpletonMod:Defend_TheSimpleton+1","TheSimpletonMod:Defend_TheSimpleton","TheSimpletonMod:Defend_TheSimpleton","TheSimpletonMod:Defend_TheSimpleton","TheSimpletonMod:Haymaker","TheSimpletonMod:ReapAndSow","Flash of Steel","TheSimpletonMod:Artichokes","TheSimpletonMod:Artichokes","TheSimpletonMod:Swelter","TheSimpletonMod:Fertilaser","TheSimpletonMod:RootDown","TheSimpletonMod:ToughenUp","TheSimpletonMod:Innovate","TheSimpletonMod:VineRipen","TheSimpletonMod:Squash","TheSimpletonMod:Squash","TheSimpletonMod:Fertilaser","TheSimpletonMod:Squash","TheSimpletonMod:RootDown","TheSimpletonMod:Fertilaser","TheSimpletonMod:Sunchoke","TheSimpletonMod:TakeHeart","TheSimpletonMod:Germinate","infinitespire:Punishment","TheSimpletonMod:ControlledBurn","TheSimpletonMod:StockTheCellar"],"relics":["TheSimpletonMod:SpudOfTheInnocent","TheSimpletonMod:NightSoil","TheSimpletonMod:TheHarvester","Orichalcum","Counterbalance","Nunchaku","infinitespire:Joker Card","Mirror","Replay:Arrowhead","Odd Mushroom","Simple Rune","Strange Spoon"],"acts_visited":["Exordium","TheCity"],"potions_floor_usage":[12,22,23],"damage_taken":[{"damage":0,"enemies":"2 Louse","floor":1,"turns":3},{"damage":4,"enemies":"Cultist","floor":3,"turns":4},{"damage":17,"enemies":"conspire:MimicChest","floor":4,"turns":6},{"damage":4,"enemies":"Small Slimes","floor":5,"turns":3},{"damage":24,"enemies":"Lagavulin","floor":7,"turns":5},{"damage":7,"enemies":"Exordium Wildlife","floor":10,"turns":5},{"damage":0,"enemies":"The Mushroom Lair","floor":12,"turns":4},{"damage":0,"enemies":"3 Louse","floor":14,"turns":3},{"damage":10,"enemies":"Slime Boss","floor":16,"turns":10},{"damage":25,"enemies":"2 Thieves","floor":18,"turns":5},{"damage":36,"enemies":"conspire:FuzzyDice","floor":20,"turns":6},{"damage":9,"enemies":"Snake Plant","floor":22,"turns":4},{"damage":26,"enemies":"Nightmare","floor":23,"turns":4}],"seed_played":"-6274846330763740582","potions_obtained":[{"floor":5,"key":"SneckoOil"},{"floor":7,"key":"Dexterity Potion"},{"floor":16,"key":"Elixir"}],"is_trial":false,"path_per_floor":["M","?","M","?","M","R","E","R","T","M","?","?","?","M","R","B",null,"M","?","M","$","M","NM"],"character_chosen":"THE_SIMPLETON","items_purchased":["Orichalcum","Flash of Steel","TheSimpletonMod:Artichokes","TheSimpletonMod:Artichokes","TheSimpletonMod:Swelter","TheSimpletonMod:Fertilaser","Counterbalance","Nunchaku","Simple Rune","Strange Spoon"],"campfire_rested":3,"item_purchase_floors":[0,0,0,0,0,0,0,0,21,21],"current_hp_per_floor":[44,44,40,27,23,45,25,47,47,44,26,26,26,26,48,46,75,59,40,14,14,15,0,0],"gold":55,"neow_bonus":"","is_daily":false,"chose_seed":false,"campfire_upgraded":0,"win_rate":0.0,"timestamp":1612205432,"path_taken":["M","?","?","?","M","R","E","R","T","M","?","?","?","M","R","BOSS","M","?","M","$","M","NM"],"items_purchased_type":["Relic","Card","Card","Card","Card","Card","Relic","Relic","Relic","Relic"],"build_version":"2020-12-22","purchased_purges":0,"victory":false,"max_hp_per_floor":[75,75,75,75,75,75,75,75,75,75,75,75,75,75,75,75,75,75,75,75,75,75,75,75],"card_choices":[{"not_picked":["TheSimpletonMod:VineRipen","TheSimpletonMod:ControlledBurn"],"picked":"TheSimpletonMod:RootDown","floor":1},{"not_picked":["TheSimpletonMod:SeedCoat","TheSimpletonMod:RootDown"],"picked":"TheSimpletonMod:ToughenUp","floor":3},{"not_picked":["TheSimpletonMod:CullingStrike","TheSimpletonMod:DoubleBarrel"],"picked":"TheSimpletonMod:Innovate","floor":4},{"not_picked":["TheSimpletonMod:ControlledBurn","TheSimpletonMod:GoToMarket"],"picked":"TheSimpletonMod:VineRipen","floor":5},{"not_picked":["TheSimpletonMod:Artichokes","TheSimpletonMod:SlashAndBurn"],"picked":"TheSimpletonMod:Squash","floor":7},{"not_picked":["TheSimpletonMod:SaladShooter","TheSimpletonMod:Aerate"],"picked":"TheSimpletonMod:Squash","floor":10},{"not_picked":["TheSimpletonMod:SaladShooter","TheSimpletonMod:Sunseed"],"picked":"TheSimpletonMod:Fertilaser","floor":11},{"not_picked":["TheSimpletonMod:Swelter","TheSimpletonMod:VineRipen"],"picked":"TheSimpletonMod:Squash","floor":11},{"not_picked":["TheSimpletonMod:OnionBloom","TheSimpletonMod:SoilSample"],"picked":"TheSimpletonMod:RootDown","floor":11},{"not_picked":["TheSimpletonMod:Rototilling","TheSimpletonMod:PestManagement"],"picked":"TheSimpletonMod:Fertilaser","floor":12},{"not_picked":["TheSimpletonMod:Ferment","TheSimpletonMod:Rake"],"picked":"TheSimpletonMod:Sunchoke","floor":14},{"not_picked":["TheSimpletonMod:Chilis","TheSimpletonMod:BirdFeeder"],"picked":"TheSimpletonMod:TakeHeart","floor":16},{"not_picked":["TheSimpletonMod:CullingStrike","TheSimpletonMod:StockTheCellar"],"picked":"TheSimpletonMod:Germinate","floor":18},{"not_picked":["infinitespire:Collect","ReplayTheSpireMod:??????????????????????"],"picked":"infinitespire:Punishment","floor":19},{"not_picked":["TheSimpletonMod:Rototilling","TheSimpletonMod:Innovate"],"picked":"TheSimpletonMod:ControlledBurn","floor":20},{"not_picked":["TheSimpletonMod:CloseScrape","TheSimpletonMod:Squash"],"picked":"TheSimpletonMod:StockTheCellar","floor":22}],"player_experience":185586,"relics_obtained":[{"floor":7,"key":"Mirror"},{"floor":9,"key":"Replay:Arrowhead"},{"floor":12,"key":"Odd Mushroom"}],"event_choices":[{"damage_healed":0,"gold_gain":0,"player_choice":"Paid Gold","damage_taken":0,"relics_obtained":["infinitespire:Joker Card"],"max_hp_gain":0,"max_hp_loss":0,"event_name":"WeMeetAgain","floor":2,"gold_loss":63},{"damage_healed":0,"gold_gain":0,"player_choice":"Fought Mushrooms","damage_taken":0,"max_hp_gain":0,"max_hp_loss":0,"event_name":"Mushrooms","floor":12,"gold_loss":0}],"is_beta":false,"boss_relics":[{"not_picked":["Abe\u0027s Treasure","ChewingGum","hubris:TerracottaHorce"]}],"items_purged_floors":[],"is_endless":false,"potions_floor_spawned":[5,7,16],"killed_by":"Nightmare","ascension_level":0}}