{"host":"rk1e5mmpnpniq13w","time":1612148021,"event":{"mods":["BaseMod","Colored Powertips","Hubris","Minty Spire (QoL Compilation)","Replay The Spire","StSLib","The Bug Knight"],"gold_per_floor":[110,35,135,145,75,110,121,135,135,135,135,160,235,259,259,367,367,394,394,394,394,421,425,425],"floor_reached":23,"language":"ENG","playtime":1360,"items_purged":["HollowMod:NailStrikeStart"],"score":199,"play_id":"0093bcb6-edc2-46ef-b7e8-f943a7449918","local_time":"20210131215341","is_ascension_mode":false,"campfire_choices":[{"data":"HollowMod:SoulMaster","floor":11,"key":"SMITH"},{"floor":15,"key":"REST"}],"circlet_count":0,"master_deck":["HollowMod:NailStrikeStart","HollowMod:NailStrikeStart","HollowMod:NailStrikeStart","HollowMod:QuickDashStart","HollowMod:QuickDashStart","HollowMod:QuickDashStart","HollowMod:QuickDashStart","HollowMod:FocusHealStart","HollowMod:PogoStrike","HollowMod:Hiveblood","HollowMod:GoodIntentions","HollowMod:DashSlash","HollowMod:BlackTendrils","HollowMod:VengefulVoid","HollowMod:WraithStrike","HollowMod:SoulMaster+1","HollowMod:VengefulVoid","HollowMod:SiblingsSouls","HollowMod:LordofShades","Cloak And Dagger","HollowMod:FastStrike+1"],"relics":["HollowMod:VesselMask","HornCleat","Juzu Bracelet","Replay:Bandana","hubris:GrandSneckoEye","hubris:Icosahedron"],"acts_visited":["Exordium","TheCity"],"potions_floor_usage":[12,16,16,16,16,16,16,22,23],"damage_taken":[{"damage":17,"enemies":"Small Slimes","floor":1,"turns":7},{"damage":0,"enemies":"Cultist","floor":4,"turns":4},{"damage":38,"enemies":"3 Sentries","floor":6,"turns":16},{"damage":10,"enemies":"2 Louse","floor":7,"turns":6},{"damage":11,"enemies":"Exordium Wildlife","floor":8,"turns":4},{"damage":19,"enemies":"Gremlin Nob","floor":12,"turns":5},{"damage":23,"enemies":"Lots of Slimes","floor":14,"turns":4},{"damage":41,"enemies":"Hexaghost","floor":16,"turns":12},{"damage":0,"enemies":"Chosen","floor":18,"turns":4},{"damage":10,"enemies":"2 Thieves","floor":22,"turns":4},{"damage":63,"enemies":"Gremlin Leader","floor":23,"turns":3}],"seed_played":"7372603080503368422","potions_obtained":[{"floor":4,"key":"EntropicBrew"},{"floor":6,"key":"EssenceOfSteel"},{"floor":8,"key":"Weak Potion"},{"floor":14,"key":"Swift Potion"},{"floor":16,"key":"Explosive Potion"},{"floor":18,"key":"Adrenaline Potion"},{"floor":22,"key":"SteroidPotion"}],"is_trial":false,"path_per_floor":["M","$","?","M","$","E","M","M","T","?","R","E","?","M","R","B",null,"M","?","?","?","M","E"],"character_chosen":"THE_BUGKNIGHT","items_purchased":["HollowMod:BlackTendrils"],"campfire_rested":1,"item_purchase_floors":[5],"current_hp_per_floor":[64,64,64,70,70,59,69,61,61,61,61,44,33,12,34,11,75,75,75,75,61,51,0,0],"gold":425,"neow_bonus":"THREE_RARE_CARDS","is_daily":false,"chose_seed":false,"campfire_upgraded":1,"win_rate":0.0,"timestamp":1612148021,"path_taken":["M","$","?","M","?","E","M","?","T","?","R","E","?","M","R","BOSS","M","?","?","?","M","E"],"items_purchased_type":["Card"],"build_version":"2020-12-22","purchased_purges":1,"victory":false,"max_hp_per_floor":[75,75,75,75,75,75,75,75,75,75,75,75,75,75,75,75,75,75,75,75,80,80,80,80],"card_choices":[{"not_picked":["HollowMod:VoidDash","HollowMod:AwokenDreamNail"],"picked":"HollowMod:Hiveblood","floor":0},{"not_picked":["HollowMod:QuirrelsAssistance","HollowMod:BrokenVessel"],"picked":"HollowMod:GoodIntentions","floor":1},{"not_picked":["HollowMod:GoodIntentions","HollowMod:NewLittleFool"],"picked":"HollowMod:DashSlash","floor":4},{"not_picked":["HollowMod:GoodIntentions","HollowMod:SiblingsSouls"],"picked":"HollowMod:VengefulVoid","floor":6},{"not_picked":["HollowMod:VengefulVoid","HollowMod:FallenFury"],"picked":"HollowMod:WraithStrike","floor":7},{"not_picked":["HollowMod:SoulEater","HollowMod:WraithStrike"],"picked":"HollowMod:SoulMaster","floor":8},{"not_picked":["HollowMod:HowlingWraiths","HollowMod:FastStrike"],"picked":"HollowMod:VengefulVoid","floor":12},{"not_picked":["HollowMod:HowlingWraiths","HollowMod:LifebloodCocoon"],"picked":"HollowMod:SiblingsSouls","floor":14},{"not_picked":["HollowMod:ZotesMagnificence","HollowMod:HornetsHelp"],"picked":"HollowMod:LordofShades","floor":16},{"not_picked":["HollowMod:CycloneSlash+1","HollowMod:HowlingWraiths"],"picked":"HollowMod:FastStrike+1","floor":18},{"not_picked":["HollowMod:TaintedHusks","HollowMod:InfectedAttack"],"picked":"HollowMod:FastStrike+1","floor":22}],"player_experience":416325,"relics_obtained":[{"floor":6,"key":"HornCleat"},{"floor":9,"key":"Juzu Bracelet"},{"floor":12,"key":"Replay:Bandana"}],"event_choices":[{"damage_healed":0,"gold_gain":100,"player_choice":"Pray","damage_taken":0,"max_hp_gain":0,"max_hp_loss":0,"event_name":"Golden Shrine","floor":3,"gold_loss":0},{"damage_healed":0,"gold_gain":75,"player_choice":"Gather Gold","damage_taken":11,"max_hp_gain":0,"max_hp_loss":0,"event_name":"World of Goop","floor":13,"gold_loss":0},{"cards_removed":["HollowMod:FastStrike"],"damage_healed":0,"gold_gain":0,"player_choice":"Took Card","damage_taken":0,"max_hp_gain":0,"max_hp_loss":0,"event_name":"NoteForYourself","floor":20,"gold_loss":0,"cards_obtained":["Cloak And Dagger"]},{"damage_healed":0,"gold_gain":0,"player_choice":"Shed Blood","damage_taken":19,"max_hp_gain":5,"max_hp_loss":0,"event_name":"Forgotten Altar","floor":21,"gold_loss":0}],"is_beta":false,"boss_relics":[{"not_picked":["SlaversCollar","Calling Bell"],"picked":"hubris:GrandSneckoEye"}],"items_purged_floors":[2],"is_endless":false,"potions_floor_spawned":[4,6,8,14,16,18,22],"killed_by":"Gremlin Leader","ascension_level":0}}