{"host":"6h0diz2ap0m56grs","time":1612156904,"event":{"mods":["2.2 Compatiblity","BaseMod","Colored Map","Marisa????????","Minty Spire (QoL Compilation)","Quick Restart","Replay The Spire","Shop Mod","StSLib","The Servant 0.9.4"],"gold_per_floor":[119,131,131,59,72,100,128,157,157,189,189,189,264,128,128,224,224,244,225,225,324,324,355,386,416,416,445,445],"floor_reached":27,"language":"ENG","playtime":688,"items_purged":[],"score":537,"play_id":"87d4fc22-9dd3-4b99-9b0b-4df89378d4f6","local_time":"20210131232144","daily_mods":["SealedDeck","Heirloom","Time Dilation","Flight"],"is_ascension_mode":true,"campfire_choices":[{"data":"MilkyWay","floor":12,"key":"SMITH"},{"data":"MilkyWay","floor":15,"key":"SMITH"}],"circlet_count":0,"master_deck":["SporeBomb","GalacticHalo","OneTimeOff","PowerUp","6A","UnstableBomb","MilkyWay+1","UnstableBomb","PowerUp+1","MilkyWay+1","MachineGunSpark","UnstableBomb","AsteroidBelt","OneTimeOff","MilkyWay+1","CollectingQuirk","MilkyWay+1","PulseMagic","Clumsy"],"relics":["MiniHakkero","replay:Trail_Library","Turnip","ReplayTheSpireMod:Shallot","Pet Ghost","Frozen Egg 2","Replay:Mystery Machine","War Paint","Shovel","Replay:Wax Seal","RampagingMagicTools","Cursed Key","Runic Pyramid","MerchantsRug","MutagenicStrength","Incense Burner","Oddly Smooth Stone","Torii","Mummified Hand","Lantern"],"acts_visited":["Exordium","TheCity"],"potions_floor_usage":[],"damage_taken":[{"damage":0,"enemies":"Small Slimes","floor":1,"turns":2},{"damage":0,"enemies":"Cultist","floor":2,"turns":2},{"damage":0,"enemies":"Jaw Worm","floor":5,"turns":2},{"damage":13,"enemies":"3 Sentries","floor":6,"turns":4},{"damage":4,"enemies":"Gremlin Nob","floor":7,"turns":3},{"damage":2,"enemies":"3 Sentries","floor":8,"turns":4},{"damage":0,"enemies":"Lagavulin","floor":10,"turns":3},{"damage":0,"enemies":"The Guardian","floor":16,"turns":4},{"damage":0,"enemies":"Shell Parasite","floor":18,"turns":3},{"damage":0,"enemies":"Slavers","floor":23,"turns":2},{"damage":0,"enemies":"Book of Stabbing","floor":24,"turns":2},{"damage":3,"enemies":"Replay:Snechameleon","floor":25,"turns":2},{"damage":0,"enemies":"Gremlin Leader","floor":27,"turns":3}],"seed_played":"1754090404539565726","potions_obtained":[{"floor":6,"key":"Languid Potion"},{"floor":8,"key":"Swift Potion"},{"floor":18,"key":"Fire Potion"}],"is_trial":true,"path_per_floor":["M","M","?","$","M","E","E","E","T","E","?","R","?","$","R","B",null,"M","$","?","?","?","E","E","E","T","E"],"character_chosen":"MARISA","items_purchased":["UnstableBomb","AsteroidBelt","Replay:Wax Seal","MilkyWay","MerchantsRug"],"campfire_rested":0,"item_purchase_floors":[4,4,14,14,19],"current_hp_per_floor":[75,75,75,75,75,62,58,56,56,56,38,38,27,27,27,27,75,75,75,75,75,75,75,75,72,72,72,72],"gold":445,"neow_bonus":"","is_daily":false,"chose_seed":false,"campfire_upgraded":2,"win_rate":0.0,"timestamp":1612156904,"path_taken":["M","M","?","$","?","E","E","E","T","E","?","R","?","?","R","BOSS","M","$","?","?","?","E","E","E","T","E"],"items_purchased_type":["Card","Card","Relic","Card","Relic"],"build_version":"2020-12-22","purchased_purges":0,"victory":false,"max_hp_per_floor":[75,75,75,75,75,75,75,75,75,75,75,75,75,75,75,75,75,75,75,75,75,75,75,75,75,75,75,75],"card_choices":[{"not_picked":["AsteroidBelt","NonDirectionalLaser"],"picked":"MachineGunSpark","floor":1},{"not_picked":["DarkMatter","MysteriousBeam","ChargingUp"],"picked":"SKIP","floor":2},{"not_picked":["Acceleration","DC","UnstableBomb"],"picked":"SKIP","floor":5},{"not_picked":["MagicChant","Singularity","WitchLeyline"],"picked":"SKIP","floor":6},{"not_picked":["WitchOfGreed","LuminesStrike","SuperPerseids"],"picked":"SKIP","floor":7},{"not_picked":["AsteroidBelt","WitchOfGreed+1","BlazingStar"],"picked":"SKIP","floor":8},{"not_picked":["DragonMeteor","PowerUp","OpenUniverse"],"picked":"SKIP","floor":10},{"not_picked":["BinaryStars","TreasureHunter"],"picked":"CollectingQuirk","floor":16},{"not_picked":["ChargingUp","DarkSpark"],"picked":"MilkyWay+1","floor":18},{"not_picked":["ManaRampage","GalacticHalo","ManaConvection+1"],"picked":"SKIP","floor":23},{"not_picked":["GravityBeat","MysteriousBeam","GrandCross"],"picked":"SKIP","floor":24},{"not_picked":["WitchOfGreed+1","DeepEcoloBomb+1"],"picked":"PulseMagic","floor":25},{"not_picked":["GravityBeat","GrandCross","OneTimeOff+1"],"picked":"SKIP","floor":27}],"player_experience":238817,"relics_obtained":[{"floor":6,"key":"ReplayTheSpireMod:Shallot"},{"floor":7,"key":"Pet Ghost"},{"floor":8,"key":"Frozen Egg 2"},{"floor":9,"key":"Replay:Mystery Machine"},{"floor":10,"key":"War Paint"},{"floor":23,"key":"Incense Burner"},{"floor":24,"key":"Oddly Smooth Stone"},{"floor":25,"key":"Torii"},{"floor":26,"key":"Mummified Hand"},{"floor":27,"key":"Lantern"}],"event_choices":[{"damage_healed":0,"gold_gain":0,"player_choice":"Full Heal","damage_taken":0,"max_hp_gain":0,"max_hp_loss":0,"event_name":"Wheel of Change","floor":3,"gold_loss":0},{"damage_healed":0,"gold_gain":0,"player_choice":"Success","damage_taken":18,"relics_obtained":["Shovel"],"max_hp_gain":0,"max_hp_loss":0,"event_name":"Scrap Ooze","floor":11,"gold_loss":0},{"damage_healed":0,"gold_gain":75,"player_choice":"Gather Gold","damage_taken":11,"max_hp_gain":0,"max_hp_loss":0,"event_name":"World of Goop","floor":13,"gold_loss":0},{"damage_healed":0,"gold_gain":0,"player_choice":"Ignored","damage_taken":0,"max_hp_gain":0,"max_hp_loss":0,"event_name":"Ghosts","floor":20,"gold_loss":0},{"damage_healed":0,"gold_gain":99,"player_choice":"Stole From Cult","damage_taken":0,"max_hp_gain":0,"max_hp_loss":0,"event_name":"Nest","floor":21,"gold_loss":0},{"damage_healed":0,"gold_gain":0,"player_choice":"Inject Mutagens","damage_taken":0,"relics_obtained":["MutagenicStrength"],"max_hp_gain":0,"max_hp_loss":0,"event_name":"Drug Dealer","floor":22,"gold_loss":0}],"is_beta":false,"boss_relics":[{"not_picked":["Replay:Wanted Poster","Philosopher\u0027s Stone"],"picked":"Replay:Grab Bag"},{"not_picked":["Busted Crown","ReplayTheSpireMod:Onyx Gauntlets"],"picked":"RampagingMagicTools"},{"not_picked":["Ectoplasm","ChewingGum"],"picked":"Cursed Key"},{"not_picked":["Snecko Eye","Black Star"],"picked":"Runic Pyramid"}],"items_purged_floors":[],"is_endless":false,"potions_floor_spawned":[6,8,18,25,27],"killed_by":"Gremlin Leader","ascension_level":1}}