{"host":"takgv9cv6xf64vhq","time":1612166590,"event":{"mods":["BaseMod","Colored Powertips","Conspire","Decade(王小明)","Downfall","Energized Spire","Hermit","Hubris","LagranYue(拉格朗・月)","Marisa（F雨　魔理沙）","Minty Spire (QoL Compilation)","Replay The Spire","StSLib","The Cursed","The Hierophant","The Jungle","The Servant 0.9.4","TheHeartMod"],"gold_per_floor":[111,128,88,1,12,12,30,54,54,54,69,80,96,114,114,211,211,221,221,221,234,251,251,251],"floor_reached":23,"language":"ZHS","playtime":1749,"items_purged":[],"score":196,"play_id":"668bce67-c4af-4f78-93c0-b21f20507b17","local_time":"20210201160310","is_ascension_mode":true,"campfire_choices":[{"data":"Cloak And Dagger","floor":6.0,"key":"SMITH"},{"data":"Deflect","floor":15.0,"key":"SMITH"}],"circlet_count":0,"master_deck":["Strike_G","Strike_G","Strike_G","Strike_G","Defend_G","Defend_G","Defend_G","Defend_G","Defend_G","Survivor","Neutralize","Hidden Blade","Cloak And Dagger+1","Blind","Slice","Deflect+1","ReplayTheSpireMod:The Works","Amplify+1","Acrobatics","Quick Slash","Fluid Movement","Calculated Gamble","Glass Knife","hubris:Wrath","Languid","Hallucinations","Poisoned Stab+1","Prepared+1","Backflip"],"relics":["conspire:RunicOctahedron","Odd Mushroom","conspire:BottledYoYo","Replay:Ancient Bell","bronze:BronzeIdol","Ornamental Fan","Pondfish Scales","Shovel","Torii"],"acts_visited":["Exordium","Exordium"],"potions_floor_usage":[23],"damage_taken":[{"damage":1.0,"enemies":"Jaw Worm","floor":1.0,"turns":5.0},{"damage":1.0,"enemies":"Cultist","floor":2.0,"turns":4.0},{"damage":3.0,"enemies":"Small Slimes","floor":5.0,"turns":4.0},{"damage":3.0,"enemies":"Red Slaver","floor":7.0,"turns":4.0},{"damage":21.0,"enemies":"The Mushroom Lair","floor":8.0,"turns":6.0},{"damage":0.0,"enemies":"Exordium Wildlife","floor":11.0,"turns":3.0},{"damage":1.0,"enemies":"Exordium Thugs","floor":12.0,"turns":4.0},{"damage":4.0,"enemies":"Blue Slaver","floor":13.0,"turns":2.0},{"damage":0.0,"enemies":"2 Fungi Beasts","floor":14.0,"turns":4.0},{"damage":15.0,"enemies":"The Guardian","floor":16.0,"turns":12.0},{"damage":0.0,"enemies":"Shell Parasite","floor":18.0,"turns":5.0},{"damage":1.0,"enemies":"theJungle:MUSHROOMGANG","floor":21.0,"turns":6.0},{"damage":2.0,"enemies":"theJungle:JungleHuntersEncounter","floor":22.0,"turns":11.0},{"damage":60,"enemies":"theJungle:MamaSnecko","floor":23,"turns":10}],"seed_played":"-4487404542579943403","potions_obtained":[{"floor":3.0,"key":"Regen Potion"},{"floor":3.0,"key":"LiquidMemories"},{"floor":3.0,"key":"Elixir"},{"floor":11.0,"key":"bronze:BurnAndBuffPotion"},{"floor":12.0,"key":"champ:CounterPotion"},{"floor":22.0,"key":"SkillPotion"}],"is_trial":false,"path_per_floor":["M","M","?","$","M","R","M","?","T","?","M","M","M","M","R","B",null,"M","?","T","M","M","E"],"character_chosen":"THE_SILENT","items_purchased":["Blind"],"campfire_rested":0,"item_purchase_floors":[4],"current_hp_per_floor":[69,68,68,68,65,65,62,52,52,52,52,51,47,47,47,32,70,70,56,56,55,53,0,0],"gold":251,"neow_bonus":"BOSS_RELIC","is_daily":false,"chose_seed":false,"campfire_upgraded":2,"win_rate":0.0,"timestamp":1612166590,"path_taken":["M","M","?","$","M","R","?","?","T","?","M","M","?","M","R","BOSS","M","?","?","M","?","E"],"items_purchased_type":["Card"],"build_version":"2020-12-22","purchased_purges":0,"victory":false,"max_hp_per_floor":[70,70,70,70,70,70,70,70,70,70,70,70,70,70,70,70,70,70,70,70,70,70,70,70],"card_choices":[{"not_picked":["Dagger Spray","hubris:SlightOfHand"],"picked":"Hidden Blade","floor":1.0},{"not_picked":["Sucker Punch","Acrobatics"],"picked":"Cloak And Dagger","floor":2.0},{"not_picked":["Blade Dance","Backflip"],"picked":"Slice","floor":5.0},{"not_picked":["Dagger Spray","Replay:Poison Smokescreen"],"picked":"Deflect","floor":7.0},{"not_picked":["Sneak Up","Sucker Punch"],"picked":"ReplayTheSpireMod:The Works","floor":8.0},{"not_picked":["ReplayTheSpireMod:Shiv Toss","Skewer"],"picked":"Acrobatics","floor":11.0},{"not_picked":["Outmaneuver","Phantasmal Killer"],"picked":"Quick Slash","floor":12.0},{"not_picked":["ReplayTheSpireMod:Exploit Weakness","Slice"],"picked":"Fluid Movement","floor":13.0},{"not_picked":["Escape Plan","Dodge and Roll"],"picked":"Calculated Gamble","floor":14.0},{"not_picked":["ReplayTheSpireMod:From All Sides","Venomology"],"picked":"Glass Knife","floor":16.0},{"not_picked":["Normality","Voices"],"picked":"hubris:Wrath","floor":17.0},{"not_picked":["Clumsy","hubris:Despair"],"picked":"Languid","floor":17.0},{"not_picked":["Normality","Decay"],"picked":"Hallucinations","floor":17.0},{"not_picked":["Glass Knife","Riddle With Holes"],"picked":"Poisoned Stab+1","floor":18.0},{"not_picked":["Escape Plan","Riddle With Holes+1"],"picked":"Prepared+1","floor":21.0},{"not_picked":["Flying Knee+1","Endless Agony+1"],"picked":"Backflip","floor":22.0}],"player_experience":306617,"relics_obtained":[{"floor":8.0,"key":"Odd Mushroom"},{"floor":9.0,"key":"conspire:BottledYoYo"},{"floor":20.0,"key":"Torii"}],"event_choices":[{"damage_healed":0.0,"max_hp_gain":0.0,"max_hp_loss":0.0,"gold_gain":0.0,"event_name":"The Woman in Blue","player_choice":"Bought 3 Potions","floor":3.0,"gold_loss":0.0,"damage_taken":0.0},{"damage_healed":0.0,"max_hp_gain":0.0,"max_hp_loss":0.0,"gold_gain":0.0,"event_name":"Mushrooms","player_choice":"Fought Mushrooms","floor":8.0,"gold_loss":0.0,"damage_taken":0.0},{"cards_removed":["Strike_G"],"damage_healed":0.0,"max_hp_gain":0.0,"max_hp_loss":0.0,"gold_gain":0.0,"event_name":"NoteForYourself","player_choice":"Took Card","floor":10.0,"gold_loss":0.0,"damage_taken":0.0,"cards_obtained":["Amplify"]}],"is_beta":false,"boss_relics":[{"not_picked":["bronze:MakeshiftBattery","Ectoplasm"],"picked":"Replay:Ancient Bell"},{"not_picked":["hubris:SlimyHat","LagranYue:GuidanceLightRelic"],"picked":"bronze:BronzeIdol"},{"not_picked":["Snack Pack","Question Card"],"picked":"Ornamental Fan"},{"not_picked":["Unceasing Top","Replay:Kaleidoscope"],"picked":"Pondfish Scales"}],"items_purged_floors":[],"is_endless":false,"potions_floor_spawned":[11,12,13,22],"killed_by":"theJungle:MamaSnecko","ascension_level":1}}