{"host":"hcg1n1zeml53gytb","time":1612177065,"event":{"mods":["BaseMod","Better Third Choice","Colored Powertips","Displayed Cursed Tome","Hermit","Highlight Path","Minty Spire (QoL Compilation)","Quick Restart","Rare Cards Sparkle","Relic Stats","Replay The Spire","StSLib","The Cursed"],"gold_per_floor":[118,118,118,118,118,118,154,154,154,188,188,188,218,270,370,399,399,543,543,574,606,60,60,74,74],"floor_reached":24,"language":"ENG","playtime":1006,"items_purged":[],"score":299,"play_id":"e33ae8ae-bf1c-446a-af59-8ebc3a3c1323","local_time":"20210201045745","is_ascension_mode":true,"campfire_choices":[{"data":"Neutralize","floor":6.0,"key":"SMITH"},{"data":"Footwork","floor":12.0,"key":"SMITH"},{"data":"Cloak And Dagger","floor":17.0,"key":"SMITH"}],"circlet_count":0,"master_deck":["Strike_G","Strike_G","Strike_G","Defend_G","Defend_G","Defend_G","Defend_G","Defend_G","Survivor","Neutralize+1","Flying Knee","Footwork+1","Predator","Cloak And Dagger+1","Escape Plan","Corpse Explosion","Blade Dance+1","Unload","PiercingWail"],"relics":["Ring of the Snake","NeowsBlessing","Golden Idol","Ring of Fangs","Boot","Replay:Bandana","StrikeDummy","ReplayFunnel","WristBlade","Divine Protection","Durian"],"acts_visited":["Exordium","TheCity"],"potions_floor_usage":[],"damage_taken":[{"damage":0.0,"enemies":"Jaw Worm","floor":1.0,"turns":1.0},{"damage":0.0,"enemies":"Gremlin Nob","floor":7.0,"turns":1.0},{"damage":0.0,"enemies":"3 Sentries","floor":10.0,"turns":1.0},{"damage":0.0,"enemies":"Small Slimes","floor":13.0,"turns":3.0},{"damage":19.0,"enemies":"Replay:BlueRogue","floor":14.0,"turns":7.0},{"damage":0.0,"enemies":"2 Louse","floor":16.0,"turns":3.0},{"damage":46.0,"enemies":"Fading Forest","floor":18.0,"turns":11.0},{"damage":4,"enemies":"Shell Parasite","floor":20,"turns":7},{"damage":17,"enemies":"2 Thieves","floor":21,"turns":3},{"damage":0,"enemies":"Sentry and Sphere","floor":24,"turns":2}],"seed_played":"7716915713730747448","potions_obtained":[{"floor":1.0,"key":"Fire Potion"},{"floor":7.0,"key":"ColorlessPotion"},{"floor":18.0,"key":"Elixir"},{"floor":21,"key":"SkillPotion"}],"is_trial":false,"path_per_floor":["M","?","?","?","?","R","E","PTL","PTL","E","T","R","M","E","?","M","R","B",null,"M","M","$","?","M"],"character_chosen":"THE_SILENT","items_purchased":["Divine Protection","Durian"],"campfire_rested":0,"item_purchase_floors":[22,22],"current_hp_per_floor":[70,53,58,58,58,58,58,58,58,58,58,58,58,39,39,39,39,8,75,71,54,59,59,59,59],"gold":74,"neow_bonus":"THREE_ENEMY_KILL","is_daily":false,"chose_seed":false,"campfire_upgraded":3,"win_rate":0.0,"timestamp":1612177065,"path_taken":["M","?","?","?","?","R","E","PTL","PTL","E","T","R","M","E","?","M","R","BOSS","M","?","$","?","M"],"items_purchased_type":["Relic","Relic"],"build_version":"2020-12-22","purchased_purges":0,"victory":false,"max_hp_per_floor":[70,70,75,75,75,75,75,75,75,75,75,75,75,75,75,75,75,75,75,75,75,80,80,80,80],"relic_stats":{"counters":[10,39],"Golden Idol":63,"Boot":[76],"obtain_stats":[{"ReplayFunnel":14,"Divine Protection":22,"Replay:Bandana":10,"Ring of Fangs":5,"NeowsBlessing":0,"WristBlade":19,"Golden Idol":2,"Durian":22,"Boot":7,"StrikeDummy":11,"Ring of the Snake":0},{"ReplayFunnel":5,"Divine Protection":9,"Replay:Bandana":3,"Ring of Fangs":1,"NeowsBlessing":0,"WristBlade":7,"Golden Idol":1,"Durian":9,"Boot":2,"StrikeDummy":3,"Ring of the Snake":0},{"ReplayFunnel":13,"Divine Protection":37,"Replay:Bandana":3,"Ring of Fangs":1,"NeowsBlessing":0,"WristBlade":27,"Golden Idol":1,"Durian":37,"Boot":2,"StrikeDummy":3,"Ring of the Snake":0}],"Ring of the Snake":[20]},"card_choices":[{"not_picked":["Accuracy","Backflip"],"picked":"Flying Knee","floor":1.0},{"not_picked":["Flying Knee","Dodge and Roll","Slice"],"picked":"SKIP","floor":7.0},{"not_picked":["Backflip","Accuracy"],"picked":"Footwork","floor":10.0},{"not_picked":["PiercingWail","Slice"],"picked":"Predator","floor":13.0},{"not_picked":["Flying Knee","Blur"],"picked":"Cloak And Dagger","floor":14.0},{"not_picked":["ReplayTheSpireMod:The Works","Unload"],"picked":"Escape Plan","floor":16.0},{"not_picked":["Atom Bomb","Storm of Steel"],"picked":"Corpse Explosion","floor":18.0},{"not_picked":["All Out Attack+1","Acrobatics"],"picked":"Blade Dance+1","floor":20},{"not_picked":["Sucker Punch+1","Blade Dance","Doppelganger"],"picked":"SKIP","floor":21}],"player_experience":509838,"relics_obtained":[{"floor":5.0,"key":"Ring of Fangs"},{"floor":7.0,"key":"Boot"},{"floor":10.0,"key":"Replay:Bandana"},{"floor":11.0,"key":"StrikeDummy"},{"floor":14.0,"key":"ReplayFunnel"}],"event_choices":[{"damage_healed":0.0,"max_hp_gain":0.0,"max_hp_loss":0.0,"gold_gain":0.0,"event_name":"Golden Idol","player_choice":"Take Damage","floor":2.0,"gold_loss":0.0,"damage_taken":17.0,"relics_obtained":["Golden Idol"]},{"damage_healed":0.0,"max_hp_gain":5.0,"max_hp_loss":0.0,"gold_gain":0.0,"event_name":"Big Fish","player_choice":"Donut","floor":3.0,"gold_loss":0.0,"damage_taken":0.0},{"damage_healed":0.0,"max_hp_gain":0.0,"max_hp_loss":0.0,"gold_gain":0.0,"event_name":"betterThird:BetterSerpent","player_choice":"Ignored","floor":4.0,"gold_loss":0.0,"damage_taken":118.0},{"damage_healed":0.0,"max_hp_gain":0.0,"max_hp_loss":0.0,"gold_gain":100.0,"event_name":"Golden Shrine","player_choice":"Pray","floor":15.0,"gold_loss":0.0,"damage_taken":0.0},{"damage_healed":0,"gold_gain":0,"cards_transformed":["Strike_G","Strike_G"],"player_choice":"Became Test Subject","damage_taken":0,"max_hp_gain":0,"max_hp_loss":0,"event_name":"Drug Dealer","floor":23,"gold_loss":0,"cards_obtained":["Unload","PiercingWail"]}],"is_beta":false,"boss_relics":[{"not_picked":["Calling Bell","Snecko Heart"],"picked":"WristBlade"}],"items_purged_floors":[],"is_endless":false,"potions_floor_spawned":[1,7,18,21],"killed_by":"Sentry and Sphere","ascension_level":3}}