{"host":"o6rpelx2jpc8yies","time":1612149079,"event":{"mods":["BaseMod","Downfall","Minty Spire (QoL Compilation)","StSLib"],"gold_per_floor":[99,109,120,120,131,131,157,157,57,16,41,54,79,97,117,117,117,117],"floor_reached":16,"language":"ENG","playtime":691,"items_purged":[],"score":224,"play_id":"2045a822-9033-4125-a6a2-e60373151df4","local_time":"20210131201119","is_ascension_mode":true,"campfire_choices":[{"data":"champ:Execute","floor":1.0,"key":"SMITH"},{"floor":6.0,"key":"RECALL"},{"data":"champ:TornadoPunch","floor":9.0,"key":"SMITH"}],"circlet_count":0,"master_deck":["AscendersBane","champ:Strike","champ:Strike","champ:Strike","champ:Strike","champ:Defend","champ:Defend","champ:Defend","champ:Defend","champ:Execute+1","champ:Taunt","champ:TornadoPunch+1","champ:FocusedBerserking","champ:CrownThrow","champ:EnchantSword","champ:DefensiveShout","champ:CalledShot","champ:ShieldWall","champ:StanceDance","champ:FlashCut","champ:ShieldThrow"],"relics":["champ:ChampionCrown","downfall:BrokenWingStatue","downfall:HeartBlessingBlue","Ice Cream","Singing Bowl"],"acts_visited":["Exordium"],"potions_floor_usage":[16,16],"damage_taken":[{"damage":10.0,"enemies":"2 Louse","floor":2.0,"turns":3.0},{"damage":18.0,"enemies":"Small Slimes","floor":3.0,"turns":3.0},{"damage":19.0,"enemies":"Jaw Worm","floor":5.0,"turns":4.0},{"damage":10.0,"enemies":"downfall:FleeingMerchant","floor":10.0,"turns":4.0},{"damage":18.0,"enemies":"3 Sentries","floor":11.0,"turns":7.0},{"damage":19.0,"enemies":"Blue Slaver","floor":12.0,"turns":3.0},{"damage":27.0,"enemies":"Lagavulin","floor":13.0,"turns":7.0},{"damage":19,"enemies":"3 Louse","floor":14,"turns":3},{"damage":25,"enemies":"Large Slime","floor":15,"turns":6},{"damage":25,"enemies":"WA_ARCHETYPE_RETAIN","floor":16,"turns":5}],"seed_played":"4177970599770323964","potions_obtained":[{"floor":3.0,"key":"SkillPotion"},{"floor":5.0,"key":"DuplicationPotion"},{"floor":11.0,"key":"Guardian:BlockOnCardUsePotion"}],"is_trial":false,"path_per_floor":["R","M","M","?","M","R","T","?","R","$","E","M","E","M","M","B"],"character_chosen":"THE_CHAMP","items_purchased":["champ:DefensiveShout"],"campfire_rested":0,"item_purchase_floors":[10],"current_hp_per_floor":[81,81,73,73,64,64,64,64,74,74,61,52,40,26,20,0,0,0],"gold":117,"neow_bonus":"TEN_PERCENT_HP_BONUS","is_daily":false,"chose_seed":false,"campfire_upgraded":2,"win_rate":0.0,"timestamp":1612149079,"path_taken":["R","M","M","?","M","R","T","?","R","?","E","M","E","M","M","BOSS"],"items_purchased_type":["Card"],"build_version":"2020-12-22","purchased_purges":0,"victory":false,"max_hp_per_floor":[89,89,89,89,89,89,89,89,99,99,99,99,99,99,99,99,99,99],"card_choices":[{"not_picked":["champ:Shatter","champ:CrookedStrike"],"picked":"champ:TornadoPunch","floor":2.0},{"not_picked":["champ:FlashCut","champ:EnGarde"],"picked":"champ:FocusedBerserking","floor":3.0},{"not_picked":["champ:EndlessRage","champ:BladeFlurry"],"picked":"champ:CrownThrow","floor":5.0},{"not_picked":["champ:TornadoPunch","champ:GutPunch"],"picked":"champ:EnchantSword","floor":10.0},{"not_picked":["champ:RapidStrikes","champ:Haymaker"],"picked":"champ:CalledShot","floor":11.0},{"not_picked":["champ:PerfectedStrike","champ:Backstep"],"picked":"champ:ShieldWall","floor":12.0},{"not_picked":["champ:FlashCut","champ:DefensiveStyle"],"picked":"champ:StanceDance","floor":13.0},{"not_picked":["champ:Shatter","champ:BringItOn"],"picked":"champ:FlashCut","floor":14},{"not_picked":["champ:GladiatorStyle","champ:Parry"],"picked":"champ:ShieldThrow","floor":15}],"player_experience":1908433,"relics_obtained":[{"floor":11.0,"key":"Ice Cream"},{"floor":13.0,"key":"Singing Bowl"}],"event_choices":[],"is_beta":false,"boss_relics":[],"items_purged_floors":[],"is_endless":false,"potions_floor_spawned":[3,5,11,14],"killed_by":"WA_ARCHETYPE_RETAIN","ascension_level":20}}