{"host":"zk71suw73lg2r165","time":1612197318,"event":{"mods":["BaseMod","Colored Map","Minty Spire (QoL Compilation)","Permanent Neow","Relic Stats","StSLib"],"gold_per_floor":[109,120,131,143,155,188,188,220,220,230,256,54,54,71,71,149,149,168,188,188,207,46,46,46],"floor_reached":23,"language":"ENG","playtime":808,"items_purged":[],"score":430,"play_id":"19492ffb-01c7-4b0f-9122-56c52b79fb95","local_time":"20210201113518","is_ascension_mode":true,"campfire_choices":[{"floor":7,"key":"REST"},{"floor":13,"key":"REST"},{"floor":15,"key":"RECALL"}],"circlet_count":0,"master_deck":["AscendersBane","Strike_B+1","Strike_B","Strike_B+1","Strike_B","Defend_B","Defend_B","Defend_B","Defend_B","Zap","Dualcast","Doom and Gloom","Leap","Compile Driver","Conserve Battery","Capacitor","Multi-Cast","Self Repair","Buffer","Apotheosis","Hello World","Reboot","Stack","Coolheaded","Steam Power"],"relics":["Fusion Hammer","Matryoshka","Blood Vial","Whetstone","Lizard Tail","StoneCalendar","SacredBark","Oddly Smooth Stone"],"acts_visited":["Exordium","TheCity"],"potions_floor_usage":[6,16,23],"damage_taken":[{"damage":7,"enemies":"Cultist","floor":1,"turns":4},{"damage":6,"enemies":"2 Louse","floor":2,"turns":3},{"damage":3,"enemies":"Jaw Worm","floor":3,"turns":3},{"damage":1,"enemies":"Looter","floor":4,"turns":3},{"damage":0,"enemies":"Red Slaver","floor":5,"turns":5},{"damage":32,"enemies":"Gremlin Nob","floor":6,"turns":4},{"damage":26,"enemies":"3 Sentries","floor":8,"turns":8},{"damage":6,"enemies":"Blue Slaver","floor":10,"turns":2},{"damage":36,"enemies":"Lagavulin","floor":11,"turns":8},{"damage":5,"enemies":"Exordium Thugs","floor":14,"turns":6},{"damage":1,"enemies":"The Guardian","floor":16,"turns":9},{"damage":19,"enemies":"Spheric Guardian","floor":18,"turns":6},{"damage":17,"enemies":"Shell Parasite","floor":19,"turns":7},{"damage":29,"enemies":"Shelled Parasite and Fungi","floor":21,"turns":7},{"damage":32,"enemies":"Book of Stabbing","floor":23,"turns":3}],"seed_played":"1988876886633871399","potions_obtained":[{"floor":1,"key":"SkillPotion"},{"floor":4,"key":"FearPotion"},{"floor":5,"key":"Ancient Potion"},{"floor":8,"key":"Weak Potion"},{"floor":21,"key":"PowerPotion"}],"is_trial":false,"path_per_floor":["M","M","M","M","M","E","R","E","T","M","E","$","R","M","R","B",null,"M","M","?","M","$","E"],"character_chosen":"DEFECT","items_purchased":["Apotheosis","Oddly Smooth Stone"],"campfire_rested":2,"item_purchase_floors":[12,22],"current_hp_per_floor":[57,51,48,47,47,15,36,10,10,13,26,26,47,54,54,65,70,62,57,57,30,30,0,0],"gold":46,"neow_bonus":"BOSS_RELIC","is_daily":false,"chose_seed":false,"campfire_upgraded":0,"win_rate":0.0,"timestamp":1612197318,"path_taken":["M","M","M","M","M","E","R","E","T","M","E","$","R","M","R","BOSS","M","?","?","?","?","E"],"items_purchased_type":["Card","Relic"],"build_version":"2020-12-22","purchased_purges":0,"victory":false,"max_hp_per_floor":[71,71,71,71,71,71,71,71,71,71,71,71,71,71,71,71,71,71,71,71,71,71,71,71],"relic_stats":{"Blood Vial":15,"Lizard Tail":35,"counters":[15,78],"StoneCalendar":[121],"Whetstone":["Strike_B","Strike_B"],"obtain_stats":[{"Blood Vial":8,"Lizard Tail":9,"Matryoshka":6,"SacredBark":17,"Oddly Smooth Stone":22,"StoneCalendar":11,"Fusion Hammer":0,"Whetstone":9,"Cracked Core":0},{"Blood Vial":7,"Lizard Tail":7,"Matryoshka":6,"SacredBark":11,"Oddly Smooth Stone":14,"StoneCalendar":9,"Fusion Hammer":0,"Whetstone":7,"Cracked Core":0},{"Blood Vial":30,"Lizard Tail":30,"Matryoshka":22,"SacredBark":55,"Oddly Smooth Stone":75,"StoneCalendar":40,"Fusion Hammer":0,"Whetstone":30,"Cracked Core":0}]},"card_choices":[{"not_picked":["Rebound","Stack"],"picked":"Doom and Gloom","floor":1},{"not_picked":["Aggregate","Barrage"],"picked":"Leap","floor":2},{"not_picked":["Turbo","Conserve Battery"],"picked":"Compile Driver","floor":3},{"not_picked":["Turbo","Gash"],"picked":"Conserve Battery","floor":4},{"not_picked":["Stack","Beam Cell"],"picked":"Capacitor","floor":5},{"not_picked":["Sweeping Beam","Go for the Eyes"],"picked":"Multi-Cast","floor":6},{"not_picked":["Conserve Battery","Aggregate"],"picked":"Self Repair","floor":8},{"not_picked":["Streamline","Go for the Eyes","Compile Driver"],"picked":"SKIP","floor":10},{"not_picked":["Lockon","Conserve Battery"],"picked":"Buffer","floor":11},{"not_picked":["Beam Cell","Gash","Hello World"],"picked":"SKIP","floor":14},{"not_picked":["Beam Cell","Gash"],"picked":"Hello World","floor":14},{"not_picked":["Thunder Strike","All For One"],"picked":"Reboot","floor":16},{"not_picked":["Conserve Battery","Aggregate"],"picked":"Stack","floor":18},{"not_picked":["Barrage","Beam Cell"],"picked":"Coolheaded","floor":19},{"not_picked":["Gash","Stack"],"picked":"Steam Power","floor":21}],"player_experience":1434447,"relics_obtained":[{"floor":6,"key":"Matryoshka"},{"floor":8,"key":"Blood Vial"},{"floor":9,"key":"Whetstone"},{"floor":9,"key":"Lizard Tail"},{"floor":11,"key":"StoneCalendar"}],"event_choices":[{"damage_healed":0,"gold_gain":0,"player_choice":"0 cards matched","damage_taken":0,"max_hp_gain":0,"max_hp_loss":0,"event_name":"Match and Keep!","floor":20,"gold_loss":0,"cards_obtained":[]}],"is_beta":false,"boss_relics":[{"not_picked":["Busted Crown","Coffee Dripper"],"picked":"SacredBark"}],"items_purged_floors":[],"is_endless":false,"potions_floor_spawned":[1,4,5,8,11,21],"killed_by":"Book of Stabbing","ascension_level":20}}