{"host":"x8sop9v6zw8yitbt","time":1612212673,"event":{"mods":["BaseMod","Best Route Mod","Block Reminder","Challenge The Spire","Colored Powertips","Dark Map","DeckTracker","Minty Spire (QoL Compilation)","Permanent Neow","Quick Restart","Rare Cards Sparkle","Reliquary","Spicy Shops","Spikes Relics","StSLib","Virulent Crown"],"gold_per_floor":[210,210,229,51,126,126,152,152,223,252,264,278,278,305,305,401,401,414,3,15,34,34,34,47,47,47,47,66,66,66,93,93,197,197,212,222,238,250,265,265,265,265,333,350,377,395,413,438,438,438],"floor_reached":51,"language":"ENG","playtime":1611,"items_purged":["Defend_G","Strike_G"],"score":863,"play_id":"46fb9897-a0de-47a8-bf9c-b10739480f4c","local_time":"20210201155113","is_ascension_mode":true,"campfire_choices":[{"data":"Neutralize","floor":6.0,"key":"SMITH"},{"floor":8.0,"key":"REST"},{"data":"Finisher","floor":13.0,"key":"SMITH"},{"data":"Glass Knife","floor":15.0,"key":"SMITH"},{"data":"Blade Dance","floor":23.0,"key":"SMITH"},{"data":"Blade Dance","floor":25.0,"key":"SMITH"},{"data":"Adrenaline","floor":27.0,"key":"SMITH"},{"data":"Adrenaline","floor":30.0,"key":"SMITH"},{"data":"Footwork","floor":32.0,"key":"SMITH"},{"data":"Leg Sweep","floor":40.0,"key":"SMITH"},{"data":"Sharp Hide","floor":42.0,"key":"SMITH"},{"floor":49,"key":"REST"}],"circlet_count":0,"master_deck":["Strike_G","Strike_G","Strike_G","Defend_G","Defend_G","Defend_G","Defend_G","Survivor","Neutralize+1","Leg Sweep+1","Infinite Blades","Blade Dance+1","Glass Knife+1","Finisher+1","Blade Dance+1","Footwork+1","Adrenaline+1","Adrenaline+1","Backflip+1","PiercingWail+1","Finisher+1","Sharp Hide+1"],"relics":["Ring of the Snake","Paper Crane","Meat on the Bone","Sundial","WristBlade","Ginger","White Beast Statue","Potion Belt","reliquary:PorcupineQuills","SacredBark","Frozen Egg 2","PreservedInsect","Gremlin Horn"],"acts_visited":["Exordium","TheCity","TheBeyond"],"potions_floor_usage":[45,47,47,50,50,50,50],"damage_taken":[{"damage":1.0,"enemies":"Small Slimes","floor":1.0,"turns":4.0},{"damage":2.0,"enemies":"Jaw Worm","floor":3.0,"turns":5.0},{"damage":40.0,"enemies":"Gremlin Nob","floor":7.0,"turns":5.0},{"damage":10.0,"enemies":"Lagavulin","floor":10.0,"turns":8.0},{"damage":0.0,"enemies":"2 Louse","floor":11.0,"turns":2.0},{"damage":4.0,"enemies":"Exordium Wildlife","floor":12.0,"turns":2.0},{"damage":19.0,"enemies":"Gremlin Nob","floor":14.0,"turns":4.0},{"damage":0.0,"enemies":"Slime Boss","floor":16.0,"turns":3.0},{"damage":0.0,"enemies":"Shell Parasite","floor":18.0,"turns":3.0},{"damage":3.0,"enemies":"Chosen","floor":20.0,"turns":3.0},{"damage":0.0,"enemies":"Centurion and Healer","floor":21.0,"turns":4.0},{"damage":0.0,"enemies":"Sentry and Sphere","floor":24.0,"turns":2.0},{"damage":0.0,"enemies":"Snake Plant","floor":28.0,"turns":1.0},{"damage":0.0,"enemies":"Gremlin Leader","floor":31.0,"turns":3.0},{"damage":5.0,"enemies":"Collector","floor":33.0,"turns":5.0},{"damage":0.0,"enemies":"3 Darklings","floor":35.0,"turns":4.0},{"damage":0.0,"enemies":"Orb Walker","floor":36.0,"turns":2.0},{"damage":0.0,"enemies":"Sphere and 2 Shapes","floor":37.0,"turns":2.0},{"damage":0.0,"enemies":"Jaw Worm Horde","floor":38.0,"turns":2.0},{"damage":7.0,"enemies":"Writhing Mass","floor":39.0,"turns":5.0},{"damage":3.0,"enemies":"Maw","floor":44.0,"turns":4.0},{"damage":2,"enemies":"Reptomancer","floor":45,"turns":4},{"damage":16,"enemies":"4 Shapes","floor":46,"turns":4},{"damage":0,"enemies":"Jaw Worm Horde","floor":47,"turns":2},{"damage":1,"enemies":"Nemesis","floor":48,"turns":3},{"damage":10,"enemies":"Awakened One","floor":50,"turns":7}],"seed_played":"-3433192457650214609","potions_obtained":[{"floor":7.0,"key":"Energy Potion"},{"floor":11.0,"key":"DuplicationPotion"},{"floor":12.0,"key":"Energy Potion"},{"floor":16.0,"key":"Swift Potion"},{"floor":24.0,"key":"SkillPotion"},{"floor":28.0,"key":"CunningPotion"},{"floor":31.0,"key":"EssenceOfSteel"},{"floor":33.0,"key":"SkillPotion"},{"floor":35.0,"key":"LiquidMemories"},{"floor":36.0,"key":"FearPotion"},{"floor":37.0,"key":"DuplicationPotion"},{"floor":38.0,"key":"Strength Potion"},{"floor":45,"key":"Energy Potion"},{"floor":46,"key":"Dexterity Potion"},{"floor":47,"key":"Strength Potion"},{"floor":48,"key":"GamblersBrew"}],"is_trial":false,"path_per_floor":["M","?","M","$","?","R","E","R","T","E","M","M","R","E","R","B",null,"M","$","M","M","?","R","M","R","T","R","M","?","R","E","R","B",null,"M","M","M","M","M","R","?","R","T","M","E","M","M","E","R","B",null],"character_chosen":"THE_SILENT","items_purchased":["Infinite Blades","Blade Dance","Ginger"],"campfire_rested":2,"item_purchase_floors":[4,4,19],"current_hp_per_floor":[69,62,60,60,49,49,9,30,30,20,32,40,40,33,33,45,70,70,70,67,67,67,67,67,67,67,67,67,67,67,67,67,62,70,70,70,70,70,63,63,63,63,63,60,58,42,42,41,62,52],"gold":438,"neow_bonus":"HUNDRED_GOLD","is_daily":false,"chose_seed":false,"campfire_upgraded":10,"win_rate":0.0,"timestamp":1612212673,"path_taken":["M","?","M","$","?","R","E","R","T","E","M","M","R","E","R","BOSS","M","$","M","M","?","R","M","R","T","R","M","?","R","E","R","BOSS","M","M","?","M","M","R","?","R","T","M","E","M","M","E","R","BOSS"],"items_purchased_type":["Card","Card","Relic"],"build_version":"2020-12-22","purchased_purges":2,"victory":true,"max_hp_per_floor":[70,70,70,70,70,70,70,70,70,70,70,70,70,70,70,70,70,70,70,70,70,70,70,70,70,70,70,70,70,70,70,70,70,70,70,70,70,70,70,70,70,70,70,70,70,70,70,70,70,70],"card_choices":[{"not_picked":["Dodge and Roll","Prepared","Reflex"],"picked":"SKIP","floor":1.0},{"not_picked":["Catalyst","Acrobatics"],"picked":"Leg Sweep","floor":3.0},{"not_picked":["Prepared","Tactician"],"picked":"Glass Knife","floor":7.0},{"not_picked":["Phantasmal Killer","Blur"],"picked":"Finisher","floor":10.0},{"not_picked":["Deflect","Underhanded Strike"],"picked":"Blade Dance","floor":11.0},{"not_picked":["Skewer","Prepared"],"picked":"Footwork","floor":12.0},{"not_picked":["ShadowRift","Prepared"],"picked":"Adrenaline","floor":14.0},{"not_picked":["Glass Knife","Unload"],"picked":"Adrenaline","floor":16.0},{"not_picked":["Slice","Acrobatics"],"picked":"Backflip+1","floor":18.0},{"not_picked":["Underhanded Strike+1","Infinite Blades","Dash+1"],"picked":"SKIP","floor":20.0},{"not_picked":["Calculated Gamble","PiercingWail","Prepared"],"picked":"SKIP","floor":21.0},{"not_picked":["Poisoned Stab","Deflect","Pace"],"picked":"SKIP","floor":24.0},{"not_picked":["Riddle With Holes","Blur","Dodge and Roll"],"picked":"SKIP","floor":28.0},{"not_picked":["Sucker Punch","Dagger Throw","Flying Knee+1"],"picked":"SKIP","floor":31.0},{"not_picked":["Tactician+1","Quick Slash"],"picked":"PiercingWail+1","floor":35.0},{"not_picked":["Expertise+1","Catalyst"],"picked":"Finisher+1","floor":36.0},{"not_picked":["InfectiousVector","PiercingWail","Flying Knee+1"],"picked":"SKIP","floor":37.0},{"not_picked":["Finisher","Outmaneuver","InfectiousVector"],"picked":"SKIP","floor":38.0},{"not_picked":["Dash+1","Dodge and Roll","Backstab"],"picked":"SKIP","floor":39.0},{"not_picked":["Dark Shackles","PanicButton"],"picked":"Sharp Hide","floor":41.0},{"not_picked":["Underhanded Strike+1","Acrobatics","Concentrate"],"picked":"SKIP","floor":44.0},{"not_picked":["PiercingWail","Noxious Fumes+1","Concentrate"],"picked":"SKIP","floor":45},{"not_picked":["Underhanded Strike","Concentrate","All Out Attack"],"picked":"SKIP","floor":46},{"not_picked":["Dagger Spray+1","Dodge and Roll+1","Bane+1"],"picked":"SKIP","floor":47},{"not_picked":["Distraction","Finisher+1","Tools of the Trade+1"],"picked":"SKIP","floor":48}],"player_experience":874037,"relics_obtained":[{"floor":9.0,"key":"Paper Crane"},{"floor":10.0,"key":"Meat on the Bone"},{"floor":14.0,"key":"Sundial"},{"floor":26.0,"key":"Potion Belt"},{"floor":31.0,"key":"reliquary:PorcupineQuills"},{"floor":43.0,"key":"Frozen Egg 2"},{"floor":45,"key":"PreservedInsect"},{"floor":48,"key":"Gremlin Horn"}],"event_choices":[{"cards_removed":["Strike_G"],"damage_healed":0.0,"max_hp_gain":0.0,"max_hp_loss":0.0,"gold_gain":0.0,"event_name":"Golden Wing","player_choice":"Card Removal","floor":2.0,"gold_loss":0.0,"damage_taken":7.0},{"damage_healed":0.0,"max_hp_gain":0.0,"max_hp_loss":0.0,"gold_gain":75.0,"event_name":"World of Goop","player_choice":"Gather Gold","floor":5.0,"gold_loss":0.0,"damage_taken":11.0},{"damage_healed":0.0,"max_hp_gain":0.0,"max_hp_loss":0.0,"gold_gain":0.0,"event_name":"The Mausoleum","player_choice":"Opened","floor":22.0,"gold_loss":0.0,"damage_taken":0.0,"relics_obtained":["White Beast Statue"]},{"damage_healed":0.0,"max_hp_gain":0.0,"max_hp_loss":0.0,"gold_gain":0.0,"event_name":"NoteForYourself","player_choice":"Ignored","floor":29.0,"gold_loss":0.0,"damage_taken":0.0},{"damage_healed":0.0,"max_hp_gain":0.0,"max_hp_loss":0.0,"gold_gain":0.0,"event_name":"SensoryStone","player_choice":"Memory 1","floor":41.0,"gold_loss":0.0,"damage_taken":0.0}],"is_beta":false,"boss_relics":[{"not_picked":["HoveringKite","Sandwich"],"picked":"WristBlade"},{"not_picked":["Pandora\u0027s Box","reliquary:WritOfMandamus"],"picked":"SacredBark"}],"items_purged_floors":[4,19],"is_endless":false,"potions_floor_spawned":[7,11,12,16,18,21,24,28,31,33,35,36,37,38,39,44,45,46,47,48],"ascension_level":1}}