{"host":"fuszjwm6fqgjjp4d","time":1612143424,"event":{"mods":["BaseMod","Bestiary","Colored Map","DeckTracker","Minty Spire (QoL Compilation)","Permanent Neow","Relic Sorter","Relic Stats","StSLib"],"gold_per_floor":[363,383,458,473,483,483,518,134,184,196,222,245,257,303,315,401,413,436,448,478,506,531,543,555,579,591,618,37,53,53,53],"floor_reached":30,"language":"ENG","playtime":768,"items_purged":["Strike_B"],"score":567,"play_id":"226a2d83-0a5e-4757-a026-0bd685404353","local_time":"20210131193704","is_ascension_mode":true,"campfire_choices":[{"data":"Zap","floor":6.0,"key":"SMITH"},{"data":"Apotheosis","floor":15.0,"key":"SMITH"},{"floor":23.0,"key":"REST"}],"circlet_count":0,"master_deck":["AscendersBane","Strike_B","Strike_B","Defend_B","Defend_B","Defend_B","Defend_B","Zap+1","Dualcast","Ball Lightning","Cold Snap","Ball Lightning","Capacitor","Apotheosis+1","Glacier","White Noise","White Noise","Creative AI","Storm","Defragment","Loop","Loop"],"relics":["Cracked Core","The Courier","DataDisk","MawBank","Blood Vial","Sozu","FossilizedHelix","Membership Card","Oddly Smooth Stone","Singing Bowl","Vajra","Juzu Bracelet","Art of War"],"acts_visited":["Exordium","TheCity"],"potions_floor_usage":[],"damage_taken":[{"damage":0.0,"enemies":"2 Louse","floor":1.0,"turns":3.0},{"damage":7.0,"enemies":"Small Slimes","floor":2.0,"turns":4.0},{"damage":0.0,"enemies":"Cultist","floor":4.0,"turns":2.0},{"damage":7.0,"enemies":"Looter","floor":5.0,"turns":3.0},{"damage":11.0,"enemies":"Gremlin Nob","floor":7.0,"turns":3.0},{"damage":1.0,"enemies":"Red Slaver","floor":11.0,"turns":3.0},{"damage":0.0,"enemies":"Exordium Wildlife","floor":12.0,"turns":2.0},{"damage":0.0,"enemies":"Lagavulin","floor":14.0,"turns":6.0},{"damage":33.0,"enemies":"The Guardian","floor":16.0,"turns":10.0},{"damage":32.0,"enemies":"Chosen","floor":18.0,"turns":5.0},{"damage":6.0,"enemies":"2 Thieves","floor":20.0,"turns":4.0},{"damage":4.0,"enemies":"Centurion and Healer","floor":21.0,"turns":8.0},{"damage":12.0,"enemies":"Snake Plant","floor":22.0,"turns":5.0},{"damage":12.0,"enemies":"Cultist and Chosen","floor":25.0,"turns":5.0},{"damage":0.0,"enemies":"Snecko","floor":27.0,"turns":5.0},{"damage":18,"enemies":"Shelled Parasite and Fungi","floor":29,"turns":3},{"damage":16,"enemies":"3 Cultists","floor":30,"turns":4}],"seed_played":"7046645779357227683","potions_obtained":[{"floor":11.0,"key":"CultistPotion"},{"floor":14.0,"key":"SpeedPotion"}],"is_trial":false,"path_per_floor":["M","M","?","M","M","R","E","$","T","?","M","M","$","E","R","B",null,"M","?","M","M","M","R","?","M","T","M","$","M","M"],"character_chosen":"DEFECT","items_purchased":["DataDisk","Apotheosis","Glacier","Membership Card","Storm","Defragment","Loop","Loop","Oddly Smooth Stone","Singing Bowl","Vajra","Juzu Bracelet","Art of War"],"campfire_rested":1,"item_purchase_floors":[8,8,8,28,28,28,28,28,28,28,28,28,28],"current_hp_per_floor":[64,57,46,46,39,39,28,28,28,49,48,48,48,48,48,17,52,22,22,18,16,6,25,25,15,15,17,17,3,0,0],"gold":53,"neow_bonus":"TWO_FIFTY_GOLD","is_daily":false,"chose_seed":false,"campfire_upgraded":2,"win_rate":0.0,"timestamp":1612143424,"path_taken":["M","M","?","M","M","R","E","$","T","?","M","M","$","E","R","BOSS","M","?","M","?","M","R","?","?","T","M","$","M","M"],"items_purchased_type":["Relic","Card","Card","Relic","Card","Card","Card","Card","Relic","Relic","Relic","Relic","Relic"],"build_version":"2020-12-22","purchased_purges":1,"victory":false,"max_hp_per_floor":[64,64,64,64,64,64,64,64,64,64,64,64,64,64,64,64,64,64,64,64,64,64,64,64,64,64,64,64,66,66,66],"relic_stats":{"Blood Vial":18,"Sozu":3,"Singing Bowl":2,"counters":[17,75],"Juzu Bracelet":0,"Art of War":[2],"MawBank":228,"obtain_stats":[{"Singing Bowl":28,"Oddly Smooth Stone":28,"Vajra":28,"The Courier":7,"Juzu Bracelet":28,"MawBank":9,"Blood Vial":14,"Sozu":17,"DataDisk":8,"Art of War":28,"Membership Card":28,"Cracked Core":0,"FossilizedHelix":26},{"Singing Bowl":15,"Oddly Smooth Stone":15,"Vajra":15,"The Courier":5,"Juzu Bracelet":15,"MawBank":5,"Blood Vial":8,"Sozu":9,"DataDisk":5,"Art of War":15,"Membership Card":15,"Cracked Core":0,"FossilizedHelix":14},{"Singing Bowl":68,"Oddly Smooth Stone":68,"Vajra":68,"The Courier":15,"Juzu Bracelet":68,"MawBank":15,"Blood Vial":26,"Sozu":36,"DataDisk":15,"Art of War":68,"Membership Card":68,"Cracked Core":0,"FossilizedHelix":63}]},"card_choices":[{"not_picked":["Stack","Turbo"],"picked":"Ball Lightning","floor":1.0},{"not_picked":["Leap","Steam"],"picked":"Cold Snap","floor":2.0},{"not_picked":["FTL","Leap"],"picked":"Ball Lightning","floor":4.0},{"not_picked":["Coolheaded","Beam Cell","Gash"],"picked":"SKIP","floor":5.0},{"not_picked":["Sweeping Beam","Steam"],"picked":"Capacitor","floor":7.0},{"not_picked":["Aggregate","Sweeping Beam","Doom and Gloom"],"picked":"SKIP","floor":11.0},{"not_picked":["Hologram","Multi-Cast","Rebound"],"picked":"SKIP","floor":12.0},{"not_picked":["Heatsinks","Aggregate","FTL"],"picked":"SKIP","floor":14.0},{"not_picked":["Steam Power","Conserve Battery","Beam Cell"],"picked":"SKIP","floor":18.0},{"not_picked":["Melter","Gash+1"],"picked":"White Noise","floor":20.0},{"not_picked":["Barrage+1","Conserve Battery"],"picked":"White Noise","floor":21.0},{"not_picked":["Steam","Melter"],"picked":"Creative AI","floor":22.0},{"not_picked":["Leap","Reinforced Body+1","Barrage"],"picked":"SKIP","floor":25.0},{"not_picked":["Heatsinks","Barrage","Doom and Gloom"],"picked":"SKIP","floor":27.0},{"not_picked":["Scrape","Double Energy","White Noise"],"picked":"Singing Bowl","floor":29}],"player_experience":1411291,"relics_obtained":[{"floor":7.0,"key":"The Courier"},{"floor":9.0,"key":"MawBank"},{"floor":14.0,"key":"Blood Vial"},{"floor":26.0,"key":"FossilizedHelix"}],"event_choices":[{"damage_healed":0.0,"max_hp_gain":0.0,"max_hp_loss":0.0,"gold_gain":75.0,"event_name":"World of Goop","player_choice":"Gather Gold","floor":3.0,"gold_loss":0.0,"damage_taken":11.0},{"damage_healed":21.0,"max_hp_gain":0.0,"max_hp_loss":0.0,"gold_gain":0.0,"event_name":"Big Fish","player_choice":"Banana","floor":10.0,"gold_loss":0.0,"damage_taken":0.0},{"cards_removed":["Strike_B"],"damage_healed":0.0,"max_hp_gain":0.0,"max_hp_loss":0.0,"gold_gain":0.0,"event_name":"Purifier","player_choice":"Purged","floor":19.0,"gold_loss":0.0,"damage_taken":0.0},{"damage_healed":0.0,"max_hp_gain":0.0,"max_hp_loss":0.0,"gold_gain":0.0,"event_name":"N\u0027loth","player_choice":"Ignored","floor":24.0,"gold_loss":0.0,"damage_taken":0.0}],"is_beta":false,"boss_relics":[{"not_picked":["Ectoplasm","Calling Bell"],"picked":"Sozu"}],"items_purged_floors":[8],"is_endless":false,"potions_floor_spawned":[11,14,16,21,25,27],"killed_by":"3 Cultists","ascension_level":20}}