{"host":"04hh9gplt9wkfmr1","time":1612192283,"event":{"mods":["AchievementEnabler","BaseMod","Colored Map","KOR Keyword Fix","Minty Spire (QoL Compilation)","Rare Cards Sparkle","SuperFastMode"],"gold_per_floor":[119,69,81,97,107,107,132,132,132,149,149,149,184,201,201,296,296,308,319,319,319,244,244,277,637,637,344,344,344],"floor_reached":28,"language":"KOR","playtime":663,"items_purged":["Writhe"],"score":345,"play_id":"b7ba23aa-1159-4ec3-8792-30f4d2e90b96","local_time":"20210202001123","is_ascension_mode":true,"campfire_choices":[{"data":"Demon Form","floor":6.0,"key":"SMITH"},{"data":"Perfected Strike","floor":8.0,"key":"SMITH"},{"floor":12.0,"key":"REST"},{"data":"Armaments","floor":15.0,"key":"SMITH"},{"data":"Berserk","floor":23.0,"key":"SMITH"}],"circlet_count":0,"master_deck":["Strike_R","Strike_R","Strike_R","Strike_R","Strike_R","Defend_R","Defend_R","Defend_R","Bash","Perfected Strike+1","Demon Form+1","Metallicize","Twin Strike","Armaments+1","Berserk+1","J.A.X.","Inflame"],"relics":["Burning Blood","Bottled Flame","HornCleat","Pear","PreservedInsect","Velvet Choker","White Beast Statue","Meat on the Bone","InkBottle","Gambling Chip"],"acts_visited":["Exordium","TheCity"],"potions_floor_usage":[28,28,28],"damage_taken":[{"damage":14.0,"enemies":"Jaw Worm","floor":1.0,"turns":5.0},{"damage":0.0,"enemies":"2 Louse","floor":3.0,"turns":2.0},{"damage":4.0,"enemies":"Small Slimes","floor":4.0,"turns":3.0},{"damage":8.0,"enemies":"Exordium Wildlife","floor":5.0,"turns":3.0},{"damage":36.0,"enemies":"Lagavulin","floor":7.0,"turns":9.0},{"damage":9.0,"enemies":"3 Louse","floor":10.0,"turns":3.0},{"damage":21.0,"enemies":"3 Sentries","floor":13.0,"turns":8.0},{"damage":8.0,"enemies":"Gremlin Gang","floor":14.0,"turns":4.0},{"damage":35.0,"enemies":"Slime Boss","floor":16.0,"turns":8.0},{"damage":24.0,"enemies":"2 Thieves","floor":18.0,"turns":4.0},{"damage":9.0,"enemies":"3 Byrds","floor":19.0,"turns":5.0},{"damage":25.0,"enemies":"Book of Stabbing","floor":24.0,"turns":5.0},{"damage":24,"enemies":"Slavers","floor":28,"turns":3}],"seed_played":"47516575220492908","potions_obtained":[{"floor":4.0,"key":"ColorlessPotion"},{"floor":7.0,"key":"FearPotion"},{"floor":10.0,"key":"Block Potion"},{"floor":14.0,"key":"BloodPotion"},{"floor":18.0,"key":"HeartOfIron"},{"floor":19.0,"key":"PowerPotion"},{"floor":24.0,"key":"FearPotion"}],"is_trial":false,"path_per_floor":["M","?","M","M","M","R","E","R","T","M","?","R","E","M","R","B",null,"M","M","?","?","$","R","E","?","T","$","E"],"character_chosen":"IRONCLAD","items_purchased":["Gambling Chip"],"campfire_rested":1,"item_purchase_floors":[27],"current_hp_per_floor":[72,72,78,80,78,78,48,48,48,45,37,66,51,49,49,20,79,61,77,77,77,77,77,58,22,22,22,0,0],"gold":344,"neow_bonus":"TEN_PERCENT_HP_BONUS","is_daily":false,"chose_seed":false,"campfire_upgraded":4,"win_rate":0.0,"timestamp":1612192283,"path_taken":["M","?","M","M","M","R","E","R","T","M","?","R","E","M","R","BOSS","M","M","?","?","$","R","E","?","T","$","E"],"items_purchased_type":["Relic"],"build_version":"2020-12-22","purchased_purges":1,"victory":false,"max_hp_per_floor":[88,88,88,88,88,88,88,88,88,88,98,98,98,98,98,98,98,98,98,98,98,98,98,98,98,98,98,98,98],"card_choices":[{"not_picked":["Clash","Hemokinesis"],"picked":"Perfected Strike","floor":1.0},{"not_picked":["Flex","Iron Wave","Clash"],"picked":"SKIP","floor":3.0},{"not_picked":["Warcry","Iron Wave"],"picked":"Demon Form","floor":4.0},{"not_picked":["Warcry","Shrug It Off"],"picked":"Metallicize","floor":5.0},{"not_picked":["Havoc","Hemokinesis"],"picked":"Twin Strike","floor":7.0},{"not_picked":["Body Slam","Second Wind","Uppercut"],"picked":"SKIP","floor":10.0},{"not_picked":["Fire Breathing","Sword Boomerang","Flex"],"picked":"SKIP","floor":13.0},{"not_picked":["Intimidate","Thunderclap"],"picked":"Armaments","floor":14.0},{"not_picked":["Reaper","Brutality"],"picked":"Berserk","floor":16.0},{"not_picked":["Flame Barrier","Pummel","Dropkick"],"picked":"SKIP","floor":18.0},{"not_picked":["Havoc","Shrug It Off","Clothesline"],"picked":"SKIP","floor":19.0},{"not_picked":["Clash","Wild Strike"],"picked":"Inflame","floor":24.0}],"player_experience":117991,"relics_obtained":[{"floor":7.0,"key":"Bottled Flame"},{"floor":9.0,"key":"HornCleat"},{"floor":13.0,"key":"PreservedInsect"},{"floor":24.0,"key":"Meat on the Bone"},{"floor":26.0,"key":"InkBottle"}],"event_choices":[{"cards_removed":["Defend_R"],"damage_healed":0.0,"max_hp_gain":0.0,"max_hp_loss":0.0,"gold_gain":0.0,"event_name":"The Cleric","player_choice":"Card Removal","floor":2.0,"gold_loss":50.0,"damage_taken":0.0},{"damage_healed":0.0,"max_hp_gain":0.0,"max_hp_loss":0.0,"gold_gain":0.0,"event_name":"Scrap Ooze","player_choice":"Success","floor":11.0,"gold_loss":0.0,"damage_taken":18.0,"relics_obtained":["Pear"]},{"damage_healed":0.0,"max_hp_gain":0.0,"max_hp_loss":0.0,"gold_gain":0.0,"event_name":"The Mausoleum","player_choice":"Opened","floor":20.0,"gold_loss":0.0,"damage_taken":0.0,"relics_obtained":["White Beast Statue"],"cards_obtained":["Writhe"]},{"damage_healed":0.0,"max_hp_gain":0.0,"max_hp_loss":0.0,"gold_gain":0.0,"event_name":"Drug Dealer","player_choice":"Obtain J.A.X.","floor":21.0,"gold_loss":0.0,"damage_taken":0.0,"cards_obtained":["J.A.X."]},{"damage_healed":0.0,"max_hp_gain":0.0,"max_hp_loss":0.0,"gold_gain":360.0,"event_name":"Knowing Skull","player_choice":"GOLD GOLD GOLD GOLD ","floor":25.0,"potions_obtained":[],"gold_loss":0.0,"damage_taken":36.0,"cards_obtained":[]}],"is_beta":false,"boss_relics":[{"not_picked":["Black Blood","Empty Cage"],"picked":"Velvet Choker"}],"items_purged_floors":[22],"is_endless":false,"potions_floor_spawned":[4,7,10,14,18,19,24],"killed_by":"Slavers","ascension_level":6}}