{"host":"vl29iwkwnyytuw8q","time":1612140532,"event":{"mods":["BaseMod","Minty Spire (QoL Compilation)","Permanent Neow","Relic Stats","StSLib"],"gold_per_floor":[115,130,141,20,20,20,20,20,46,90,109,109,109,148,148,231,231,258,267,292,314,359,359,359,359,437,437,289,289,317,247,247,247,247],"floor_reached":33,"language":"ENG","playtime":828,"items_purged":[],"score":549,"play_id":"e34014a4-9318-4445-aa44-64e8d7731963","local_time":"20210201014852","is_ascension_mode":true,"campfire_choices":[{"floor":7.0,"key":"REST"},{"data":"True Grit","floor":12.0,"key":"SMITH"},{"data":"Whirlwind","floor":15.0,"key":"SMITH"},{"floor":23.0,"key":"REST"},{"data":"Rupture","floor":25.0,"key":"SMITH"},{"data":"Shrug It Off","floor":27.0,"key":"SMITH"},{"data":"J.A.X.","floor":29.0,"key":"SMITH"},{"data":"Barricade","floor":32.0,"key":"SMITH"}],"circlet_count":0,"master_deck":["AscendersBane","Bash+1","Headbutt","Feel No Pain","Fiend Fire","Double Tap+1","Carnage","Immolate","Whirlwind+1","Entrench+1","Shrug It Off+1","True Grit+1","Sword Boomerang","Combust","Battle Trance","Dropkick","Pommel Strike","Body Slam","Shrug It Off+1","Reaper","Rupture+1","J.A.X.+1","Wild Strike","Feel No Pain","Bite","Bite","Bite","Bite","Bite","Shockwave+1","Barricade+1","Iron Wave","Sever Soul"],"relics":["Pandora\u0027s Box","Shuriken","War Paint","CeramicFish","Juzu Bracelet","Mark of Pain","Toxic Egg 2"],"acts_visited":["Exordium","TheCity"],"potions_floor_usage":[33],"damage_taken":[{"damage":12.0,"enemies":"Jaw Worm","floor":1.0,"turns":2.0},{"damage":8.0,"enemies":"Small Slimes","floor":2.0,"turns":2.0},{"damage":0.0,"enemies":"Cultist","floor":3.0,"turns":3.0},{"damage":12.0,"enemies":"3 Sentries","floor":10.0,"turns":3.0},{"damage":0.0,"enemies":"2 Fungi Beasts","floor":11.0,"turns":2.0},{"damage":0.0,"enemies":"Gremlin Nob","floor":14.0,"turns":2.0},{"damage":14.0,"enemies":"Slime Boss","floor":16.0,"turns":8.0},{"damage":11.0,"enemies":"2 Thieves","floor":18.0,"turns":3.0},{"damage":35.0,"enemies":"Spheric Guardian","floor":20.0,"turns":4.0},{"damage":9.0,"enemies":"3 Cultists","floor":21.0,"turns":3.0},{"damage":7.0,"enemies":"Snecko","floor":30.0,"turns":5.0},{"damage":88,"enemies":"Automaton","floor":33,"turns":6}],"seed_played":"4094742224976686613","potions_obtained":[{"floor":2.0,"key":"Fire Potion"},{"floor":10.0,"key":"SpeedPotion"},{"floor":11.0,"key":"Strength Potion"},{"floor":18.0,"key":"Ancient Potion"}],"is_trial":false,"path_per_floor":["M","M","M","$","?","T","R","?","T","E","M","R","?","E","R","B",null,"M","?","M","M","?","R","?","R","T","R","$","R","M","$","R","B"],"character_chosen":"IRONCLAD","items_purchased":["Combust","Battle Trance","Shockwave+1","Barricade","Sever Soul"],"campfire_rested":2,"item_purchase_floors":[4,4,28,28,31],"current_hp_per_floor":[56,48,48,48,25,25,47,47,47,35,35,35,35,35,35,21,62,51,51,16,7,7,22,22,22,22,22,22,22,31,31,31,0,0],"gold":247,"neow_bonus":"BOSS_RELIC","is_daily":false,"chose_seed":false,"campfire_upgraded":6,"win_rate":0.0,"timestamp":1612140532,"path_taken":["M","M","M","$","?","?","R","?","T","E","?","R","?","E","R","BOSS","M","?","M","M","?","R","?","R","T","R","$","R","M","$","R","BOSS"],"items_purchased_type":["Card","Card","Card","Card","Card"],"build_version":"2020-12-22","purchased_purges":0,"victory":false,"max_hp_per_floor":[75,75,75,75,75,75,75,75,75,75,75,75,75,75,75,75,75,75,75,75,75,52,52,52,52,52,52,52,52,52,52,52,52,52],"relic_stats":{"counters":[12,43],"Shuriken":[5],"CeramicFish":153,"Pandora\u0027s Box":["Fire Breathing","Headbutt","Feel No Pain","Fiend Fire","Double Tap","Carnage","Immolate","Whirlwind","Entrench"],"Juzu Bracelet":0,"War Paint":["Entrench","Shrug It Off"],"obtain_stats":[{"Shuriken":6,"CeramicFish":10,"Pandora\u0027s Box":0,"Mark of Pain":17,"Juzu Bracelet":14,"War Paint":9,"Toxic Egg 2":26,"Burning Blood":0},{"Shuriken":3,"CeramicFish":4,"Pandora\u0027s Box":0,"Mark of Pain":7,"Juzu Bracelet":6,"War Paint":3,"Toxic Egg 2":10,"Burning Blood":0},{"Shuriken":7,"CeramicFish":10,"Pandora\u0027s Box":0,"Mark of Pain":22,"Juzu Bracelet":14,"War Paint":7,"Toxic Egg 2":32,"Burning Blood":0}]},"card_choices":[{"not_picked":["Headbutt","Armaments"],"picked":"Shrug It Off","floor":1.0},{"not_picked":["Clash","Armaments"],"picked":"True Grit","floor":2.0},{"not_picked":["Heavy Blade","Twin Strike"],"picked":"Sword Boomerang","floor":3.0},{"not_picked":["Rampage","Havoc"],"picked":"Pommel Strike","floor":10.0},{"not_picked":["Fiend Fire","Searing Blow"],"picked":"Body Slam","floor":11.0},{"not_picked":["Headbutt","Entrench"],"picked":"Shrug It Off","floor":14.0},{"not_picked":["Impervious","Berserk"],"picked":"Reaper","floor":16.0},{"not_picked":["Heavy Blade","Perfected Strike"],"picked":"Rupture","floor":18.0},{"not_picked":["Body Slam","Clothesline"],"picked":"Wild Strike","floor":20.0},{"not_picked":["Whirlwind","Sword Boomerang"],"picked":"Feel No Pain","floor":21.0},{"not_picked":["Heavy Blade","Wild Strike"],"picked":"Iron Wave","floor":30.0}],"player_experience":656979,"relics_obtained":[{"floor":6.0,"key":"Shuriken"},{"floor":9.0,"key":"War Paint"},{"floor":10.0,"key":"CeramicFish"},{"floor":14.0,"key":"Juzu Bracelet"},{"floor":26.0,"key":"Toxic Egg 2"}],"event_choices":[{"damage_healed":0.0,"max_hp_gain":0.0,"max_hp_loss":0.0,"gold_gain":0.0,"event_name":"Shining Light","player_choice":"Entered Light","floor":5.0,"gold_loss":0.0,"damage_taken":23.0,"cards_upgraded":["Bash","Double Tap"]},{"damage_healed":0.0,"max_hp_gain":0.0,"max_hp_loss":0.0,"gold_gain":0.0,"cards_transformed":["Fire Breathing"],"event_name":"Transmorgrifier","player_choice":"Transformed","floor":8.0,"gold_loss":0.0,"damage_taken":0.0,"cards_obtained":["Dropkick"]},{"damage_healed":0.0,"max_hp_gain":0.0,"max_hp_loss":0.0,"gold_gain":0.0,"event_name":"Liars Game","player_choice":"Ignored","floor":13.0,"gold_loss":0.0,"damage_taken":0.0},{"damage_healed":0.0,"max_hp_gain":0.0,"max_hp_loss":0.0,"gold_gain":0.0,"event_name":"Drug Dealer","player_choice":"Obtain J.A.X.","floor":19.0,"gold_loss":0.0,"damage_taken":0.0,"cards_obtained":["J.A.X."]},{"damage_healed":0.0,"max_hp_gain":0.0,"max_hp_loss":23.0,"gold_gain":0.0,"event_name":"Vampires","player_choice":"Became a vampire","floor":22.0,"gold_loss":0.0,"damage_taken":0.0,"cards_obtained":["Bite","Bite","Bite","Bite","Bite"]},{"damage_healed":0.0,"max_hp_gain":0.0,"max_hp_loss":0.0,"gold_gain":0.0,"event_name":"Ghosts","player_choice":"Ignored","floor":24.0,"gold_loss":0.0,"damage_taken":0.0}],"is_beta":false,"boss_relics":[{"not_picked":["Tiny House","Sozu"],"picked":"Mark of Pain"}],"items_purged_floors":[],"is_endless":false,"potions_floor_spawned":[2,10,11,18,20],"killed_by":"Automaton","ascension_level":18}}