{"host":"7jl348xfsxr8glry","time":1612169416,"event":{"mods":["AchievementEnabler","BaseMod","Colored Map","Minty Spire (QoL Compilation)","Random Character Button","Unceasing Turn Reminder"],"gold_per_floor":[117,192,206,206,226,226,260,260,313,348,359,359,375,400,400,400,400],"floor_reached":16,"language":"ENG","playtime":446,"items_purged":[],"score":129,"play_id":"5b01e06a-394c-4bb2-b81b-0a436a58a20f","local_time":"20210201195016","is_ascension_mode":true,"campfire_choices":[{"data":"Flex","floor":6,"key":"SMITH"},{"floor":8,"key":"REST"},{"floor":15,"key":"REST"}],"circlet_count":0,"master_deck":["Strike_R","Strike_R","Strike_R","Strike_R","Strike_R","Defend_R","Defend_R","Defend_R","Defend_R","Bash+1","Flex+1","Wild Strike","Flex","Flex","Heavy Blade"],"relics":["Burning Blood","Strawberry","Omamori","Pen Nib","Smiling Mask","Golden Idol"],"acts_visited":["Exordium"],"potions_floor_usage":[14],"damage_taken":[{"damage":15,"enemies":"Small Slimes","floor":1,"turns":4},{"damage":4,"enemies":"2 Louse","floor":3,"turns":3},{"damage":0,"enemies":"Cultist","floor":5,"turns":2},{"damage":50,"enemies":"3 Sentries","floor":7,"turns":9},{"damage":40,"enemies":"Lagavulin","floor":10,"turns":5},{"damage":11,"enemies":"Looter","floor":11,"turns":2},{"damage":0,"enemies":"Large Slime","floor":13,"turns":4},{"damage":6,"enemies":"Blue Slaver","floor":14,"turns":3},{"damage":59,"enemies":"The Guardian","floor":16,"turns":6}],"seed_played":"2514779045373970605","potions_obtained":[{"floor":7,"key":"DuplicationPotion"},{"floor":11,"key":"DistilledChaos"},{"floor":14,"key":"Fruit Juice"}],"is_trial":false,"path_per_floor":["M","?","M","?","M","R","E","R","T","E","M","?","M","M","R","B"],"character_chosen":"IRONCLAD","items_purchased":[],"campfire_rested":2,"item_purchase_floors":[],"current_hp_per_floor":[78,67,69,69,75,75,31,57,57,23,18,18,24,29,56,0,0],"gold":400,"neow_bonus":"RANDOM_COMMON_RELIC","is_daily":false,"chose_seed":false,"campfire_upgraded":1,"win_rate":0.0,"timestamp":1612169416,"path_taken":["M","?","M","?","?","R","E","R","T","E","M","?","M","M","R","BOSS"],"items_purchased_type":[],"build_version":"2020-12-22","purchased_purges":0,"victory":false,"max_hp_per_floor":[87,87,87,87,87,87,87,87,87,87,87,87,87,92,92,92,92],"card_choices":[{"not_picked":["Wild Strike","Anger"],"picked":"Flex","floor":1},{"not_picked":["Whirlwind","Havoc","Searing Blow"],"picked":"SKIP","floor":3},{"not_picked":["Sword Boomerang","Body Slam"],"picked":"Wild Strike","floor":5},{"not_picked":["Hemokinesis","Uppercut","Carnage"],"picked":"SKIP","floor":7},{"not_picked":["Clash","Clothesline","True Grit"],"picked":"SKIP","floor":10},{"not_picked":["Reckless Charge","Bloodletting"],"picked":"Flex","floor":11},{"not_picked":["Reckless Charge","Warcry"],"picked":"Flex","floor":13},{"not_picked":["Flex","Sword Boomerang"],"picked":"Heavy Blade","floor":14}],"player_experience":201668,"relics_obtained":[{"floor":7,"key":"Omamori"},{"floor":9,"key":"Pen Nib"},{"floor":10,"key":"Smiling Mask"}],"event_choices":[{"damage_healed":0,"gold_gain":75,"player_choice":"Gather Gold","damage_taken":11,"max_hp_gain":0,"max_hp_loss":0,"event_name":"World of Goop","floor":2,"gold_loss":0},{"damage_healed":0,"gold_gain":0,"player_choice":"Upgraded","damage_taken":0,"max_hp_gain":0,"max_hp_loss":0,"event_name":"Upgrade Shrine","floor":4,"gold_loss":0,"cards_upgraded":["Bash"]},{"damage_healed":0,"gold_gain":0,"player_choice":"Take Wound","damage_taken":0,"relics_obtained":["Golden Idol"],"max_hp_gain":0,"max_hp_loss":0,"event_name":"Golden Idol","floor":12,"gold_loss":0,"cards_obtained":["Injury"]}],"is_beta":false,"boss_relics":[],"items_purged_floors":[],"is_endless":false,"potions_floor_spawned":[7,11,14],"killed_by":"The Guardian","ascension_level":3}}