{"host":"j4g6ia6asvpyu2b0","time":1612223117,"event":{"mods":["BaseMod","Colored Map","Minty Spire (QoL Compilation)","Permanent Neow","Quick Restart","Relic Stats","StSLib","Unceasing Turn Reminder"],"gold_per_floor":[109,109,109,109,120,152,152,184,184,213,213,244,244,259,259,356,356,372,372,387,403,177,204,216,216,240,270,280,280,379,404,404,499,499,513,566,566,566,1565,1592,1592,1607,1686,1718,1258,1258,763,797,797,797,797,797,347,382,382],"floor_reached":56,"language":"ENG","playtime":2128,"items_purged":["Strike_R","Normality","Normality","Strike_R"],"score":1906,"play_id":"26732642-d591-4e75-9b10-bf006df433ce","local_time":"20210201164517","is_ascension_mode":true,"campfire_choices":[{"data":"Feed","floor":7.0,"key":"SMITH"},{"data":"True Grit","floor":11.0,"key":"SMITH"},{"data":"Dark Embrace","floor":15.0,"key":"SMITH"},{"data":"Disarm","floor":25.0,"key":"SMITH"},{"data":"Metallicize","floor":29.0,"key":"SMITH"},{"data":"Shrug It Off","floor":32.0,"key":"SMITH"},{"floor":41,"key":"REST"},{"floor":49,"key":"RECALL"},{"data":"Apotheosis","floor":52,"key":"SMITH"}],"circlet_count":0,"master_deck":["Strike_R","Strike_R","Strike_R","Defend_R","Defend_R","Defend_R","Defend_R","Bash","Juggernaut+1","Chill+1","Shrug It Off+1","Feed+1","Evolve","True Grit+1","Disarm+1","Dark Embrace+1","Impervious","Metallicize+1","Iron Wave+1","Dual Wield+1","Pommel Strike+1","Rage","Parasite","Headbutt","Brutality","Ghostly Armor","Offering","Metallicize","Entrench+1","Dark Shackles","Apotheosis+1","Blind","Decay","Spot Weakness","Havoc+1","Feel No Pain+1","Doubt","Fiend Fire","Shrug It Off","Metallicize","Shrug It Off","Infernal Blade+1","Inflame","Dark Shackles","Burning Pact","Inflame+1"],"relics":["Burning Blood","Charon\u0027s Ashes","Darkstone Periapt","Ginger","PreservedInsect","Juzu Bracelet","StrikeDummy","Cursed Key","Dream Catcher","Anchor","InkBottle","Oddly Smooth Stone","Bag of Marbles","Regal Pillow","Mark of Pain","Mango","Blood Vial","Omamori","Happy Flower","ClockworkSouvenir","Strange Spoon","Boot","Membership Card","Paper Frog","Orichalcum"],"acts_visited":["Exordium","TheCity","TheBeyond","TheEnding"],"potions_floor_usage":[33,44,55,55,55],"damage_taken":[{"damage":2.0,"enemies":"2 Louse","floor":1.0,"turns":3.0},{"damage":1.0,"enemies":"Small Slimes","floor":5.0,"turns":5.0},{"damage":8.0,"enemies":"Lagavulin","floor":6.0,"turns":6.0},{"damage":17.0,"enemies":"3 Sentries","floor":8.0,"turns":5.0},{"damage":30.0,"enemies":"Gremlin Nob","floor":10.0,"turns":5.0},{"damage":12.0,"enemies":"Lagavulin","floor":12.0,"turns":5.0},{"damage":0.0,"enemies":"Cultist","floor":14.0,"turns":4.0},{"damage":37.0,"enemies":"Slime Boss","floor":16.0,"turns":9.0},{"damage":0.0,"enemies":"3 Byrds","floor":18.0,"turns":5.0},{"damage":1.0,"enemies":"Shell Parasite","floor":20.0,"turns":8.0},{"damage":13.0,"enemies":"Snake Plant","floor":21.0,"turns":4.0},{"damage":0.0,"enemies":"Slavers","floor":23.0,"turns":2.0},{"damage":0.0,"enemies":"Sentry and Sphere","floor":24.0,"turns":4.0},{"damage":0.0,"enemies":"Book of Stabbing","floor":27.0,"turns":4.0},{"damage":4.0,"enemies":"Chosen and Byrds","floor":28.0,"turns":4.0},{"damage":1.0,"enemies":"Slavers","floor":31.0,"turns":5.0},{"damage":43,"enemies":"Automaton","floor":33,"turns":11},{"damage":8,"enemies":"Orb Walker","floor":35,"turns":3},{"damage":29,"enemies":"2 Orb Walkers","floor":36,"turns":4},{"damage":56,"enemies":"Reptomancer","floor":40,"turns":6},{"damage":3,"enemies":"3 Shapes","floor":42,"turns":3},{"damage":44,"enemies":"Giant Head","floor":44,"turns":10},{"damage":52,"enemies":"Reptomancer","floor":48,"turns":7},{"damage":42,"enemies":"Donu and Deca","floor":50,"turns":10},{"damage":18,"enemies":"Shield and Spear","floor":54,"turns":6},{"damage":87,"enemies":"The Heart","floor":55,"turns":11}],"seed_played":"6435107853712488436","potions_obtained":[{"floor":5.0,"key":"BloodPotion"},{"floor":8.0,"key":"CultistPotion"},{"floor":12.0,"key":"Fire Potion"},{"floor":21.0,"key":"FearPotion"},{"floor":24.0,"key":"LiquidBronze"},{"floor":35,"key":"PowerPotion"},{"floor":36,"key":"HeartOfIron"}],"is_trial":false,"path_per_floor":["M","?","$","?","M","E","R","E","T","E","R","E","?","M","R","B",null,"M","?","M","M","$","E","M","R","T","E","M","R","?","E","R","B",null,"M","?","?","?","?","E","R","M","T","E","$","?","$","E","R","B",null,"R","$","E","B",null],"character_chosen":"IRONCLAD","items_purchased":["Anchor","Happy Flower","Shrug It Off","ClockworkSouvenir","Strange Spoon","Metallicize","Shrug It Off","CultistPotion","Membership Card","Paper Frog","Inflame","Dark Shackles","Burning Pact"],"campfire_rested":1,"item_purchase_floors":[22,45,45,45,47,47,47,47,53,53,53,53,53],"current_hp_per_floor":[76,76,76,76,80,78,78,67,67,47,47,45,42,48,48,21,74,80,80,89,82,82,92,106,106,112,114,118,118,118,122,122,85,113,115,106,96,102,114,64,126,135,141,105,105,147,147,107,107,77,151,151,151,141,62],"gold":382,"neow_bonus":"ONE_RANDOM_RARE_CARD","is_daily":false,"chose_seed":false,"campfire_upgraded":7,"win_rate":0.0,"timestamp":1612223117,"path_taken":["M","?","$","?","M","E","R","E","T","E","R","E","?","M","R","BOSS","M","?","M","M","$","E","M","R","T","E","M","R","?","E","R","BOSS","M","?","?","?","?","E","R","M","T","E","$","?","$","E","R","BOSS","R","$","E","BOSS"],"items_purchased_type":["Relic","Relic","Card","Relic","Relic","Card","Card","Potion","Relic","Relic","Card","Card","Card"],"build_version":"2020-12-22","purchased_purges":4,"victory":true,"max_hp_per_floor":[80,80,80,80,80,80,80,80,80,84,84,88,88,88,88,92,92,92,92,96,96,96,100,108,108,114,114,118,118,118,122,122,122,122,126,140,140,146,158,158,158,162,168,168,168,168,168,172,172,176,176,176,176,176,176],"relic_stats":{"Darkstone Periapt":30,"Regal Pillow":15,"Happy Flower":[11],"counters":[26,149],"Charon\u0027s Ashes":[642],"PreservedInsect":485,"Juzu Bracelet":3,"Ginger":[15],"Orichalcum":[6],"Cursed Key":2,"Boot":[0],"Burning Blood":144,"Blood Vial":12,"Strange Spoon":[18],"Dream Catcher":1,"obtain_stats":[{"Darkstone Periapt":8,"Regal Pillow":31,"Mango":36,"Juzu Bracelet":12,"Ginger":9,"Cursed Key":17,"Boot":48,"Burning Blood":0,"ClockworkSouvenir":45,"Blood Vial":40,"Dream Catcher":19,"InkBottle":23,"Paper Frog":53,"Happy Flower":45,"Oddly Smooth Stone":26,"Charon\u0027s Ashes":6,"PreservedInsect":10,"Omamori":44,"Orichalcum":54,"Strange Spoon":47,"Anchor":22,"Mark of Pain":34,"Bag of Marbles":27,"Membership Card":53,"StrikeDummy":13},{"Darkstone Periapt":4,"Regal Pillow":16,"Mango":19,"Juzu Bracelet":6,"Ginger":4,"Cursed Key":8,"Boot":23,"Burning Blood":0,"ClockworkSouvenir":22,"Blood Vial":20,"Dream Catcher":9,"InkBottle":12,"Paper Frog":24,"Happy Flower":22,"Oddly Smooth Stone":13,"Charon\u0027s Ashes":3,"PreservedInsect":5,"Omamori":22,"Orichalcum":25,"Strange Spoon":22,"Anchor":11,"Mark of Pain":17,"Bag of Marbles":14,"Membership Card":24,"StrikeDummy":6},{"Darkstone Periapt":19,"Regal Pillow":78,"Mango":96,"Juzu Bracelet":29,"Ginger":19,"Cursed Key":42,"Boot":122,"Burning Blood":0,"ClockworkSouvenir":115,"Blood Vial":102,"Dream Catcher":47,"InkBottle":61,"Paper Frog":132,"Happy Flower":115,"Oddly Smooth Stone":65,"Charon\u0027s Ashes":14,"PreservedInsect":24,"Omamori":115,"Orichalcum":138,"Strange Spoon":115,"Anchor":59,"Mark of Pain":89,"Bag of Marbles":69,"Membership Card":132,"StrikeDummy":29}],"InkBottle":[39]},"card_choices":[{"not_picked":["Armaments","Sword Boomerang"],"picked":"Pommel Strike","floor":1.0},{"not_picked":["Rupture","Thunderclap"],"picked":"Shrug It Off","floor":5.0},{"not_picked":["Carnage","Power Through"],"picked":"Feed","floor":6.0},{"not_picked":["Wild Strike","Warcry"],"picked":"Evolve","floor":8.0},{"not_picked":["Perfected Strike","Clothesline"],"picked":"True Grit","floor":10.0},{"not_picked":["Clash","Sentinel"],"picked":"Disarm","floor":12.0},{"not_picked":["Heavy Blade","Havoc"],"picked":"Dark Embrace","floor":14.0},{"not_picked":["Limit Break","Brutality"],"picked":"Impervious","floor":16.0},{"not_picked":["Body Slam","Dark Embrace"],"picked":"Metallicize","floor":18.0},{"not_picked":["Clash","Wild Strike"],"picked":"Iron Wave+1","floor":20.0},{"not_picked":["Power Through","Pummel+1"],"picked":"Dual Wield+1","floor":21.0},{"not_picked":["Spot Weakness","Armaments"],"picked":"Pommel Strike+1","floor":23.0},{"not_picked":["Body Slam","Sentinel"],"picked":"Rage","floor":24.0},{"not_picked":["Clash","Armaments"],"picked":"Headbutt","floor":27.0},{"not_picked":["Clash+1","Sever Soul+1"],"picked":"Brutality","floor":28.0},{"not_picked":["Immolate","Thunderclap"],"picked":"Ghostly Armor","floor":31.0},{"not_picked":["Berserk","Impervious"],"picked":"Offering","floor":33},{"not_picked":["Pummel","Cleave+1"],"picked":"Metallicize","floor":35},{"not_picked":["Carnage+1","Rage+1"],"picked":"Entrench+1","floor":36},{"not_picked":["Sadistic Nature","Chrysalis"],"picked":"Dark Shackles","floor":37},{"not_picked":["Bandage Up","Deep Breath"],"picked":"Apotheosis","floor":37},{"not_picked":["Swift Strike","Dark Shackles"],"picked":"Blind","floor":37},{"not_picked":["Sword Boomerang+1","Thunderclap+1"],"picked":"Spot Weakness","floor":40},{"not_picked":["Anger+1","Headbutt"],"picked":"Havoc+1","floor":41},{"not_picked":["Havoc","Power Through+1"],"picked":"Feel No Pain+1","floor":42},{"not_picked":["Sword Boomerang+1","Wild Strike"],"picked":"Fiend Fire","floor":44},{"not_picked":["Perfected Strike+1","Twin Strike"],"picked":"Infernal Blade+1","floor":48},{"not_picked":["Feed","Warcry"],"picked":"Inflame+1","floor":54}],"player_experience":1092219,"relics_obtained":[{"floor":6.0,"key":"Charon\u0027s Ashes"},{"floor":8.0,"key":"Darkstone Periapt"},{"floor":9.0,"key":"Ginger"},{"floor":10.0,"key":"PreservedInsect"},{"floor":12.0,"key":"Juzu Bracelet"},{"floor":23.0,"key":"InkBottle"},{"floor":26.0,"key":"Oddly Smooth Stone"},{"floor":27.0,"key":"Bag of Marbles"},{"floor":31.0,"key":"Regal Pillow"},{"floor":36,"key":"Mango"},{"floor":40,"key":"Blood Vial"},{"floor":44,"key":"Omamori"},{"floor":48,"key":"Boot"},{"floor":54,"key":"Orichalcum"}],"event_choices":[{"damage_healed":0.0,"max_hp_gain":0.0,"max_hp_loss":0.0,"gold_gain":0.0,"event_name":"Living Wall","player_choice":"Grow","floor":2.0,"gold_loss":0.0,"damage_taken":0.0,"cards_upgraded":["Juggernaut"]},{"cards_removed":["Pommel Strike"],"damage_healed":0.0,"max_hp_gain":0.0,"max_hp_loss":0.0,"gold_gain":0.0,"event_name":"NoteForYourself","player_choice":"Took Card","floor":4.0,"gold_loss":0.0,"damage_taken":0.0,"cards_obtained":["Chill"]},{"damage_healed":0.0,"max_hp_gain":0.0,"max_hp_loss":0.0,"gold_gain":0.0,"event_name":"Scrap Ooze","player_choice":"Success","floor":13.0,"gold_loss":0.0,"damage_taken":3.0,"relics_obtained":["StrikeDummy"]},{"damage_healed":0.0,"max_hp_gain":0.0,"max_hp_loss":0.0,"gold_gain":0.0,"event_name":"WeMeetAgain","player_choice":"Gave Potion","floor":19.0,"gold_loss":0.0,"damage_taken":0.0,"relics_obtained":["Dream Catcher"]},{"damage_healed":0.0,"max_hp_gain":0.0,"max_hp_loss":0.0,"gold_gain":99.0,"event_name":"Nest","player_choice":"Stole From Cult","floor":30.0,"gold_loss":0.0,"damage_taken":0.0},{"damage_healed":0,"gold_gain":0,"player_choice":"Fight","damage_taken":0,"max_hp_gain":0,"max_hp_loss":0,"event_name":"Mysterious Sphere","floor":36,"gold_loss":0},{"damage_healed":0,"gold_gain":0,"player_choice":"Memory 3","damage_taken":10,"max_hp_gain":0,"max_hp_loss":0,"event_name":"SensoryStone","floor":37,"gold_loss":0},{"damage_healed":0,"gold_gain":0,"player_choice":"Cursed","damage_taken":0,"max_hp_gain":0,"max_hp_loss":0,"event_name":"Wheel of Change","floor":38,"gold_loss":0,"cards_obtained":["Decay"]},{"damage_healed":0,"gold_gain":999,"player_choice":"Gold","damage_taken":0,"max_hp_gain":0,"max_hp_loss":0,"event_name":"MindBloom","floor":39,"gold_loss":0,"cards_obtained":["Normality","Normality"]},{"damage_healed":42,"gold_gain":0,"player_choice":"Writhe","damage_taken":0,"max_hp_gain":0,"max_hp_loss":0,"event_name":"Winding Halls","floor":46,"gold_loss":0,"cards_obtained":["Writhe"]}],"is_beta":false,"boss_relics":[{"not_picked":["Empty Cage","Tiny House"],"picked":"Cursed Key"},{"not_picked":["Black Blood","Calling Bell"],"picked":"Mark of Pain"}],"items_purged_floors":[22,45,47,53],"is_endless":false,"potions_floor_spawned":[5,8,12,14,21,24,31,35,36,40,54],"ascension_level":8}}