{"host":"vex7walpoxzv48nx","time":1612198458,"event":{"mods":["AchievementEnabler","BaseMod","Bestiary","Minty Spire (QoL Compilation)","Permanent Neow","Quick Restart","Relic Stats","UnlockEverythingMod"],"gold_per_floor":[112,112,125,143,17,42,57,57,57],"floor_reached":8,"language":"ENG","playtime":788,"items_purged":["Defend_B"],"score":102,"play_id":"e852a005-1626-464b-bf94-7e116d38b546","local_time":"20210201175418","is_ascension_mode":true,"campfire_choices":[],"circlet_count":0,"master_deck":["AscendersBane","Strike_B","Strike_B","Strike_B","Strike_B","Defend_B","Defend_B","Defend_B","Zap","Dualcast","Leap","Hologram","Consume","Capacitor","Undo"],"relics":["Fusion Hammer","CultistMask","Centennial Puzzle"],"acts_visited":["Exordium"],"potions_floor_usage":[6,7],"damage_taken":[{"damage":0,"enemies":"2 Louse","floor":1,"turns":3},{"damage":0,"enemies":"Cultist","floor":3,"turns":3},{"damage":1,"enemies":"Jaw Worm","floor":4,"turns":4},{"damage":24,"enemies":"Lagavulin","floor":6,"turns":7},{"damage":11,"enemies":"Large Slime","floor":7,"turns":5},{"damage":0,"enemies":"Gremlin Nob","floor":8,"turns":2}],"seed_played":"1618873550040524916","potions_obtained":[{"floor":3,"key":"FocusPotion"},{"floor":6,"key":"Explosive Potion"}],"is_trial":false,"path_per_floor":["M","?","M","M","$","E","M","E"],"character_chosen":"DEFECT","items_purchased":["FearPotion"],"campfire_rested":0,"item_purchase_floors":[5],"current_hp_per_floor":[64,64,64,63,63,39,28,28,28],"gold":57,"neow_bonus":"BOSS_RELIC","is_daily":false,"chose_seed":false,"campfire_upgraded":0,"win_rate":0.0,"timestamp":1612198458,"path_taken":["M","?","?","M","$","E","M","E"],"items_purchased_type":["Potion"],"build_version":"2020-12-22","purchased_purges":1,"victory":false,"max_hp_per_floor":[71,71,71,71,71,71,71,71,71],"relic_stats":{"Centennial Puzzle":[3],"counters":[6,24],"obtain_stats":[{"Centennial Puzzle":6,"Fusion Hammer":0,"CultistMask":2,"Cracked Core":0},{"Centennial Puzzle":4,"Fusion Hammer":0,"CultistMask":1,"Cracked Core":0},{"Centennial Puzzle":17,"Fusion Hammer":0,"CultistMask":3,"Cracked Core":0}]},"card_choices":[{"not_picked":["Go for the Eyes","Barrage"],"picked":"Leap","floor":1},{"not_picked":["Rebound","Go for the Eyes"],"picked":"Hologram","floor":3},{"not_picked":["Conserve Battery","Barrage"],"picked":"Consume","floor":4},{"not_picked":["Tempest","Scrape"],"picked":"Capacitor","floor":6},{"not_picked":["Go for the Eyes","Auto Shields"],"picked":"Undo","floor":7}],"player_experience":250154,"relics_obtained":[{"floor":6,"key":"Centennial Puzzle"}],"event_choices":[{"damage_healed":0,"gold_gain":0,"player_choice":"Trade","damage_taken":0,"relics_obtained":["CultistMask"],"max_hp_gain":0,"max_hp_loss":0,"event_name":"FaceTrader","floor":2,"gold_loss":0}],"is_beta":false,"boss_relics":[],"items_purged_floors":[5],"is_endless":false,"potions_floor_spawned":[3,6],"killed_by":"Gremlin Nob","ascension_level":15}}