{"host":"wfkvcf4y4vkrpwe0","time":1612175056,"event":{"mods":["BaseMod","Conspire","Downfall","Hermit","Minty Spire (QoL Compilation)","StSLib","The Construct","The Cursed","The Disciple","The Hierophant","The Necromancer"],"gold_per_floor":[118,118,134,134,9,34,34,46,71,89,21,21,21,21,21,21,21],"floor_reached":16,"language":"ENG","playtime":515,"items_purged":["Regret"],"score":98,"play_id":"9bf55c8b-e837-449d-aafd-b163ae6f0ad5","local_time":"20210201102416","is_ascension_mode":false,"campfire_choices":[{"floor":7,"key":"RECALL"},{"floor":15,"key":"REST"}],"circlet_count":0,"master_deck":["construct:Strike_Gold","construct:Strike_Gold","construct:Strike_Gold","construct:Strike_Gold","construct:Strike_Gold","construct:Defend_Gold","construct:Defend_Gold","construct:Defend_Gold","construct:Defend_Gold","construct:Defend_Gold","construct:AttackMode","construct:DefenseMode","construct:Stasis","construct:Autoturret","Pain","construct:Autoturret","construct:Reinforce","construct:PointDefense","construct:FlameCore","Injury"],"relics":["construct:Cogwheel","NeowsBlessing","Oddly Smooth Stone","WarpedTongs","Darkstone Periapt","Nunchaku","Golden Idol"],"acts_visited":["Exordium"],"potions_floor_usage":[16],"damage_taken":[{"damage":0,"enemies":"Jaw Worm","floor":1,"turns":1},{"damage":2,"enemies":"conspire:RoseBush","floor":3,"turns":1},{"damage":6,"enemies":"3 Sentries","floor":6,"turns":4},{"damage":6,"enemies":"Cultist","floor":8,"turns":4},{"damage":35,"enemies":"Red Slaver","floor":10,"turns":8},{"damage":72,"enemies":"Hexaghost","floor":16,"turns":11}],"seed_played":"5024453667108960184","potions_obtained":[{"floor":1,"key":"SteroidPotion"},{"floor":6,"key":"ColorlessPotion"}],"is_trial":false,"path_per_floor":["M","?","M","?","$","E","R","M","T","M","$","?","?","$","R","B"],"character_chosen":"THE_CONSTRUCT_MOD","items_purchased":["construct:Autoturret","construct:FlameCore"],"campfire_rested":1,"item_purchase_floors":[5,11],"current_hp_per_floor":[85,85,83,83,83,77,77,71,71,36,36,42,42,42,69,0,0],"gold":21,"neow_bonus":"THREE_ENEMY_KILL","is_daily":false,"chose_seed":false,"campfire_upgraded":0,"win_rate":0.0,"timestamp":1612175056,"path_taken":["M","?","M","?","$","E","R","M","T","?","?","?","?","$","R","BOSS"],"items_purchased_type":["Card","Card"],"build_version":"2020-12-22","purchased_purges":1,"victory":false,"max_hp_per_floor":[85,85,85,85,85,85,85,85,85,85,85,91,91,91,91,91,91],"card_choices":[{"not_picked":["construct:ClusterMines","construct:Antimatter"],"picked":"construct:Stasis","floor":1},{"not_picked":["construct:SuppressiveFire","construct:Electrocute"],"picked":"construct:Autoturret","floor":3},{"not_picked":["construct:Stasis","construct:Forcefield","construct:Bunker"],"picked":"SKIP","floor":6},{"not_picked":["construct:VentSteam","construct:ReactiveShield"],"picked":"construct:Reinforce","floor":8},{"not_picked":["construct:VentSteam","construct:FocusedBeam"],"picked":"construct:PointDefense","floor":10}],"player_experience":562304,"relics_obtained":[{"floor":6,"key":"Darkstone Periapt"},{"floor":9,"key":"Nunchaku"}],"event_choices":[{"damage_healed":0,"gold_gain":0,"player_choice":"Box","damage_taken":0,"relics_obtained":["Oddly Smooth Stone"],"max_hp_gain":0,"max_hp_loss":0,"event_name":"Big Fish","floor":2,"gold_loss":0,"cards_obtained":["Regret"]},{"damage_healed":0,"gold_gain":0,"player_choice":"Rummage","damage_taken":0,"relics_obtained":["WarpedTongs"],"max_hp_gain":0,"max_hp_loss":0,"event_name":"Accursed Blacksmith","floor":4,"gold_loss":0,"cards_obtained":["Pain"]},{"damage_healed":0,"gold_gain":0,"player_choice":"Take Wound","damage_taken":0,"relics_obtained":["Golden Idol"],"max_hp_gain":0,"max_hp_loss":0,"event_name":"Golden Idol","floor":12,"gold_loss":0,"cards_obtained":["Injury"]},{"damage_healed":0,"gold_gain":0,"player_choice":"Leave","damage_taken":0,"max_hp_gain":0,"max_hp_loss":0,"event_name":"conspire:Investor","floor":13,"gold_loss":0}],"is_beta":false,"boss_relics":[],"items_purged_floors":[5],"is_endless":false,"potions_floor_spawned":[1,6],"killed_by":"Hexaghost","ascension_level":0}}