{"host":"lfvf97io7xuhaz8c","time":1612199948,"event":{"mods":["2.2 Compatiblity","BaseMod","Bestiary","Colored Map","Colored Powertips","Curses Come First","Highlight Path","Minty Spire (QoL Compilation)","Relic Stats","StSLib","SuperFastMode"],"gold_per_floor":[99,99,99,99,64,64,64],"floor_reached":6,"language":"FRA","playtime":300,"items_purged":[],"score":43,"play_id":"f80fd418-2507-4a5e-9d7b-a798b5a044d6","local_time":"20210201181908","is_ascension_mode":true,"campfire_choices":[],"circlet_count":0,"master_deck":["Strike_G","Strike_G","Strike_G","Strike_G","Strike_G","Defend_G","Defend_G","Defend_G","Defend_G","Defend_G","Survivor","Neutralize","Flying Knee","Leg Sweep","Footwork"],"relics":["Ectoplasm","Shovel"],"acts_visited":["Exordium"],"potions_floor_usage":[6],"damage_taken":[{"damage":4,"enemies":"Small Slimes","floor":1,"turns":5},{"damage":4,"enemies":"Jaw Worm","floor":3,"turns":4},{"damage":45,"enemies":"Gremlin Nob","floor":6,"turns":5}],"seed_played":"-4613640040399010890","potions_obtained":[{"floor":3,"key":"DistilledChaos"}],"is_trial":false,"path_per_floor":["M","?","M","?","$","E"],"character_chosen":"THE_SILENT","items_purchased":["Footwork"],"campfire_rested":0,"item_purchase_floors":[5],"current_hp_per_floor":[66,48,44,44,44,0,0],"gold":64,"neow_bonus":"BOSS_RELIC","is_daily":false,"chose_seed":false,"campfire_upgraded":0,"win_rate":0.0,"timestamp":1612199948,"path_taken":["M","?","M","?","?","E"],"items_purchased_type":["Card"],"build_version":"2020-12-22","purchased_purges":0,"victory":false,"max_hp_per_floor":[70,70,70,70,70,70,70],"relic_stats":{"Shovel":0,"counters":[3,14],"Ectoplasm":28,"obtain_stats":[{"Shovel":2,"Ectoplasm":0,"Ring of the Snake":0},{"Shovel":1,"Ectoplasm":0,"Ring of the Snake":0},{"Shovel":5,"Ectoplasm":0,"Ring of the Snake":0}]},"card_choices":[{"not_picked":["Deflect","Outmaneuver"],"picked":"Flying Knee","floor":1},{"not_picked":["Sucker Punch","Night Terror"],"picked":"Leg Sweep","floor":3}],"player_experience":1500015,"relics_obtained":[],"event_choices":[{"damage_healed":0,"gold_gain":0,"player_choice":"Success","damage_taken":18,"relics_obtained":["Shovel"],"max_hp_gain":0,"max_hp_loss":0,"event_name":"Scrap Ooze","floor":2,"gold_loss":0},{"damage_healed":0,"gold_gain":0,"player_choice":"Ignored","damage_taken":0,"max_hp_gain":0,"max_hp_loss":0,"event_name":"Liars Game","floor":4,"gold_loss":0}],"is_beta":false,"boss_relics":[],"items_purged_floors":[],"is_endless":false,"potions_floor_spawned":[3],"killed_by":"Gremlin Nob","ascension_level":5}}