{"host":"qhhcmep1unj6mpf7","time":1612182730,"event":{"mods":["2.2 Compatiblity","AchievementEnabler","BaseMod","Colored Map","DeckTracker","Highlight Path","Keyboard Shortcuts","Minty Spire (QoL Compilation)","Permanent Neow","Quick Restart","Random Character Button","StSLib","SuperFastMode","everything is the same but u backflip on backflip"],"gold_per_floor":[361,379,393,174,189,189,189,222,249,266,276,276,27,27,27,27,27],"floor_reached":16,"language":"KOR","playtime":449,"items_purged":["Strike_B","Strike_B"],"score":102,"play_id":"19faeae5-e610-4b26-b9ef-b3d55cc8670b","local_time":"20210201213210","is_ascension_mode":false,"campfire_choices":[{"data":"Zap","floor":6.0,"key":"SMITH"},{"data":"Glacier","floor":15,"key":"SMITH"}],"circlet_count":0,"master_deck":["Strike_B+1","Defend_B","Defend_B+1","Defend_B","Defend_B","Zap+1","Dualcast","Glacier+1","Seek","Rebound"],"relics":["Cracked Core","OrangePellets","Art of War","Nunchaku","Medical Kit","Kunai"],"acts_visited":[],"potions_floor_usage":[],"damage_taken":[{"damage":0.0,"enemies":"Cultist","floor":1.0,"turns":4.0},{"damage":0.0,"enemies":"2 Louse","floor":2.0,"turns":3.0},{"damage":6.0,"enemies":"Jaw Worm","floor":3.0,"turns":4.0},{"damage":3.0,"enemies":"Blue Slaver","floor":5.0,"turns":6.0},{"damage":4.0,"enemies":"Lagavulin","floor":8.0,"turns":8.0},{"damage":7.0,"enemies":"3 Louse","floor":10.0,"turns":3.0},{"damage":3.0,"enemies":"2 Fungi Beasts","floor":11.0,"turns":4.0},{"damage":10,"enemies":"The Guardian","floor":16,"turns":17}],"seed_played":"5189341172434807823","potions_obtained":[{"floor":3.0,"key":"BlessingOfTheForge"},{"floor":8.0,"key":"Dexterity Potion"},{"floor":10.0,"key":"BlessingOfTheForge"},{"floor":11.0,"key":"Weak Potion"}],"is_trial":false,"path_per_floor":["M","M","M","$","M","R","?","E","T","M","M","?","$","T","R","B"],"character_chosen":"DEFECT","items_purchased":["OrangePellets","Medical Kit"],"campfire_rested":0,"item_purchase_floors":[4,13],"current_hp_per_floor":[54,54,48,48,45,45,38,34,34,27,24,9,9,9,9,0,0],"gold":27,"neow_bonus":"TWO_FIFTY_GOLD","is_daily":false,"chose_seed":false,"campfire_upgraded":2,"win_rate":0.0,"timestamp":1612182730,"path_taken":["M","M","M","$","M","R","?","E","T","M","M","?","?","?","R","BOSS"],"items_purchased_type":["Relic","Relic"],"build_version":"2020-12-22","purchased_purges":2,"victory":false,"max_hp_per_floor":[75,75,75,75,75,75,75,75,75,75,75,75,75,75,75,75,75],"card_choices":[{"not_picked":["Coolheaded","Turbo"],"picked":"Glacier","floor":1.0},{"not_picked":["White Noise","Stack","Streamline"],"picked":"SKIP","floor":2.0},{"not_picked":["Leap","Turbo","Rip and Tear"],"picked":"SKIP","floor":3.0},{"not_picked":["Doom and Gloom","Heatsinks","Streamline"],"picked":"SKIP","floor":5.0},{"not_picked":["Skim","Rainbow"],"picked":"Seek","floor":8.0},{"not_picked":["Streamline","Beam Cell"],"picked":"Rebound","floor":10.0},{"not_picked":["Hologram","Sunder","Turbo"],"picked":"SKIP","floor":11.0}],"player_experience":79123,"relics_obtained":[{"floor":8.0,"key":"Art of War"},{"floor":9.0,"key":"Nunchaku"},{"floor":14,"key":"Kunai"}],"event_choices":[{"cards_removed":["Strike_B"],"damage_healed":0.0,"max_hp_gain":0.0,"max_hp_loss":0.0,"gold_gain":0.0,"event_name":"Golden Wing","player_choice":"Card Removal","floor":7.0,"gold_loss":0.0,"damage_taken":7.0},{"damage_healed":0.0,"max_hp_gain":0.0,"max_hp_loss":0.0,"gold_gain":0.0,"event_name":"Shining Light","player_choice":"Entered Light","floor":12.0,"gold_loss":0.0,"damage_taken":15.0,"cards_upgraded":["Strike_B","Defend_B"]}],"is_beta":false,"boss_relics":[],"items_purged_floors":[4,13],"is_endless":false,"potions_floor_spawned":[3,8,10,11],"killed_by":"The Guardian","ascension_level":0}}