{"host":"21h5e52imz35vo8g","time":1612168293,"event":{"mods":["AchievementEnabler","BaseMod","Colored Map","Colored Powertips","Googly Eyes","Minty Spire (QoL Compilation)","Quick Restart","Rare Cards Sparkle","StSLib"],"gold_per_floor":[116,41,216,157,167,201,218,218,243,253,270,270,299,310,310,409,409,425,155,171,171],"floor_reached":20,"language":"ZHS","playtime":1406,"items_purged":["Strike_B","Doubt"],"score":222,"play_id":"c81fb091-8cc5-430d-8de3-fb93e2427630","local_time":"20210201163133","is_ascension_mode":true,"campfire_choices":[{"data":"Gash","floor":8,"key":"SMITH"},{"data":"Go for the Eyes","floor":12,"key":"SMITH"},{"data":"Machine Learning","floor":15,"key":"SMITH"}],"circlet_count":0,"master_deck":["Strike_B","Strike_B","Strike_B","Defend_B","Defend_B","Defend_B+1","Defend_B+1","Zap","Dualcast","Rebound","Go for the Eyes+1","Gash+1","Machine Learning+1","Go for the Eyes","Hyperbeam","White Noise+1","Beam Cell","Gash+1"],"relics":["Cracked Core","NeowsBlessing","Nunchaku","Dead Branch","War Paint","Eternal Feather","Sozu","DollysMirror"],"acts_visited":["Exordium","TheCity"],"potions_floor_usage":[13,16,16],"damage_taken":[{"damage":0,"enemies":"Small Slimes","floor":1,"turns":1},{"damage":0,"enemies":"2 Louse","floor":5,"turns":1},{"damage":0,"enemies":"Lagavulin","floor":6,"turns":2},{"damage":0,"enemies":"Cultist","floor":7,"turns":3},{"damage":2,"enemies":"2 Fungi Beasts","floor":10,"turns":3},{"damage":7,"enemies":"Blue Slaver","floor":11,"turns":3},{"damage":6,"enemies":"3 Sentries","floor":13,"turns":5},{"damage":4,"enemies":"Exordium Thugs","floor":14,"turns":4},{"damage":57,"enemies":"Hexaghost","floor":16,"turns":12},{"damage":17,"enemies":"Chosen","floor":18,"turns":5},{"damage":12,"enemies":"Shell Parasite","floor":20,"turns":6}],"seed_played":"-1593459306873919500","potions_obtained":[{"floor":6,"key":"AttackPotion"},{"floor":7,"key":"Dexterity Potion"},{"floor":13,"key":"FairyPotion"},{"floor":14,"key":"Explosive Potion"}],"is_trial":false,"path_per_floor":["M","$","?","?","M","E","M","R","T","M","M","R","E","M","R","B",null,"M","$","M"],"character_chosen":"DEFECT","items_purchased":["Beam Cell","DollysMirror"],"campfire_rested":0,"item_purchase_floors":[19,19],"current_hp_per_floor":[75,75,75,75,75,75,75,75,75,73,66,66,60,56,65,8,75,58,58,46,46],"gold":171,"neow_bonus":"THREE_ENEMY_KILL","is_daily":false,"chose_seed":false,"campfire_upgraded":3,"win_rate":0.0,"timestamp":1612168293,"path_taken":["M","$","?","?","?","E","M","R","T","M","M","R","E","M","R","BOSS","M","$","M"],"items_purchased_type":["Card","Relic"],"build_version":"2020-12-22","purchased_purges":2,"victory":false,"max_hp_per_floor":[75,75,75,75,75,75,75,75,75,75,75,75,75,75,75,75,75,75,75,75,75],"card_choices":[{"not_picked":["Darkness","Undo"],"picked":"Rebound","floor":1},{"not_picked":["Leap","Redo"],"picked":"Go for the Eyes","floor":5},{"not_picked":["Ball Lightning","Steam Power"],"picked":"Gash","floor":6},{"not_picked":["Auto Shields","Multi-Cast","Leap"],"picked":"SKIP","floor":7},{"not_picked":["Chaos","Blizzard","Steam"],"picked":"SKIP","floor":10},{"not_picked":["Force Field","Coolheaded","Storm"],"picked":"SKIP","floor":11},{"not_picked":["Stack","Leap"],"picked":"Machine Learning","floor":13},{"not_picked":["Redo","Coolheaded"],"picked":"Go for the Eyes","floor":14},{"not_picked":["Multi-Cast","Biased Cognition"],"picked":"Hyperbeam","floor":16},{"not_picked":["Recycle","Undo"],"picked":"White Noise+1","floor":18}],"player_experience":346566,"relics_obtained":[{"floor":6,"key":"Dead Branch"},{"floor":9,"key":"War Paint"},{"floor":13,"key":"Eternal Feather"}],"event_choices":[{"damage_healed":0,"gold_gain":175,"player_choice":"AGREE","damage_taken":0,"max_hp_gain":0,"max_hp_loss":0,"event_name":"Liars Game","floor":3,"gold_loss":0,"cards_obtained":["Doubt"]},{"damage_healed":0,"gold_gain":0,"player_choice":"Paid Gold","damage_taken":0,"relics_obtained":["Nunchaku"],"max_hp_gain":0,"max_hp_loss":0,"event_name":"WeMeetAgain","floor":4,"gold_loss":59}],"is_beta":false,"boss_relics":[{"not_picked":["Pandora\u0027s Box","Tiny House"],"picked":"Sozu"}],"items_purged_floors":[2,19],"is_endless":false,"potions_floor_spawned":[6,7,13,14,20],"killed_by":"Shell Parasite","ascension_level":1}}