{"host":"3j2m8n0ywf988fwb","time":1612211613,"event":{"mods":["2.2 Compatiblity","AchievementEnabler","Act Like it!","Aspiration","BaseMod","Better Altar","Better Match","Better Note","Better Sensory Stone","Better Skull","Better Third Choice","CCEM2","ChefMod","Colored Map","Colored Powertips","Conspire","Dark Map","Energized Spire","GifTheSpireLib","Halation","Hallownest","Highlight Path","Hubris","Infinite Spire","Jedi Mod","Marked Mod","Mimic Mod","Minty Spire (QoL Compilation)","Monster B Gone","Random Character Button","Relic Filter Mod","Relic Stats","Reliquary","Replay The Spire","Robot Space Explorer","Shop Mod","Somnambulant","StS++","StSLib","Stuff the Spire","The Bug Knight","The Hierophant","The Runesmith","TheSurvivalist","Unceasing Turn Reminder","Weighted Paths","everything is the same but u backflip on backflip"],"gold_per_floor":[117,134,12,12,12,12,47,81,115,115,133,232,58,94,94,192,192,250,250,250,270,307,307,307,307,307],"floor_reached":25,"language":"ENG","playtime":2025,"items_purged":["Strike_P"],"score":228,"play_id":"316ed6e2-8537-4f63-91b1-464ca0361ca0","local_time":"20210201143333","is_ascension_mode":false,"campfire_choices":[{"data":"Metamorphosis","floor":6.0,"key":"SMITH"},{"data":"Panacea","floor":10.0,"key":"SMITH"},{"floor":15.0,"key":"REST"},{"data":"MasterReality","floor":23,"key":"SMITH"}],"circlet_count":0,"master_deck":["Strike_P","Defend_P","Defend_P","Defend_P","Defend_P","Eruption","Vigilance","MarkedMod:GentlePulse","CutThroughFate","HandOfGreed","Metamorphosis+1","Panacea+1","Finesse","MarkedMod:ChiBlock+1","Perseverance","Sanctity","MarkedMod:FirstStrike","MasterReality+1"],"relics":["PureWater","NeowsBlessing","ReplayTheSpireMod:ShopPack","jedi:cryingmask","Pet Ghost","hubris:TenFootPole","aspiration:IroncladSkillbook","OrangePellets","conspire:SpecialSausage"],"acts_visited":["Exordium","Exordium"],"potions_floor_usage":[25],"damage_taken":[{"damage":0.0,"enemies":"Small Slimes","floor":1.0,"turns":1.0},{"damage":0.0,"enemies":"2 Louse","floor":2.0,"turns":1.0},{"damage":0.0,"enemies":"Gremlin Nob","floor":7.0,"turns":1.0},{"damage":3.0,"enemies":"Jaw Worm","floor":8.0,"turns":2.0},{"damage":4.0,"enemies":"Blue Slaver","floor":9.0,"turns":7.0},{"damage":2.0,"enemies":"Blue Slaver","floor":11.0,"turns":4.0},{"damage":10.0,"enemies":"Lots of Slimes","floor":12.0,"turns":8.0},{"damage":0.0,"enemies":"3 Louse","floor":14.0,"turns":3.0},{"damage":52.0,"enemies":"The Guardian","floor":16.0,"turns":14.0},{"damage":56.0,"enemies":"Hallownest:3_Youths","floor":18.0,"turns":12.0},{"damage":11.0,"enemies":"Hallownest:Guard_and_Sentry","floor":21.0,"turns":8.0},{"damage":2,"enemies":"Hallownest:2_Flukemon","floor":22,"turns":7},{"damage":20,"enemies":"Hallownest:eliteWatcherKnight","floor":25,"turns":4}],"seed_played":"3495021635449240825","potions_obtained":[{"floor":1.0,"key":"Elixir"},{"floor":12.0,"key":"BlessingOfTheForge"},{"floor":14.0,"key":"jedi:mysterypotion"},{"floor":16.0,"key":"Adrenaline Potion"}],"is_trial":false,"path_per_floor":["M","M","$","?","?","R","E","M","MIM","R","M","M","$","M","R","B",null,"M","AVR","?","M","M","R","?","E"],"character_chosen":"WATCHER","items_purchased":["ReplayTheSpireMod:ShopPack","hubris:TenFootPole","MarkedMod:FirstStrike"],"campfire_rested":1,"item_purchase_floors":[3,13,13],"current_hp_per_floor":[72,72,72,72,65,65,65,62,58,58,56,46,46,46,67,15,72,20,20,20,13,15,15,15,0,0],"gold":307,"neow_bonus":"THREE_ENEMY_KILL","is_daily":false,"chose_seed":false,"campfire_upgraded":3,"win_rate":0.0,"timestamp":1612211613,"path_taken":["M","M","$","?","?","R","E","M","MIM","R","M","M","$","?","R","BOSS","M","AVR","?","M","M","R","?","E"],"items_purchased_type":["Relic","Relic","Card"],"build_version":"2020-12-22","purchased_purges":1,"victory":false,"max_hp_per_floor":[72,72,72,72,72,72,72,72,72,72,72,72,72,72,72,72,72,72,72,72,72,72,72,72,72,72],"relic_stats":{"OrangePellets":[1],"counters":[13,72],"obtain_stats":[{"OrangePellets":19,"NeowsBlessing":0,"jedi:cryingmask":7,"conspire:SpecialSausage":19,"hubris:TenFootPole":13,"PureWater":0,"Pet Ghost":9,"aspiration:IroncladSkillbook":17,"ReplayTheSpireMod:ShopPack":3},{"OrangePellets":10,"NeowsBlessing":0,"jedi:cryingmask":3,"conspire:SpecialSausage":10,"hubris:TenFootPole":7,"PureWater":0,"Pet Ghost":5,"aspiration:IroncladSkillbook":9,"ReplayTheSpireMod:ShopPack":2},{"OrangePellets":53,"NeowsBlessing":0,"jedi:cryingmask":3,"conspire:SpecialSausage":53,"hubris:TenFootPole":24,"PureWater":0,"Pet Ghost":12,"aspiration:IroncladSkillbook":41,"ReplayTheSpireMod:ShopPack":2}]},"card_choices":[{"not_picked":["ReachHeaven","ClearTheMind"],"picked":"MarkedMod:GentlePulse","floor":1.0},{"not_picked":["ClearTheMind","Indignation"],"picked":"CutThroughFate","floor":2.0},{"not_picked":["Master of Strategy","Midas Touch"],"picked":"HandOfGreed","floor":3.0},{"not_picked":["hubris:Ssssneak","Flash of Steel"],"picked":"Metamorphosis","floor":3.0},{"not_picked":["StSpp:Cataclysm","StSpp:Unbreakable"],"picked":"Panacea","floor":3.0},{"not_picked":["Master of Strategy","Good Instincts"],"picked":"Finesse","floor":4.0},{"not_picked":["CrushJoints","Consecrate"],"picked":"MarkedMod:ChiBlock","floor":7.0},{"not_picked":["Replay:AtTheReady","FlurryOfBlows","StSpp:Chanting"],"picked":"SKIP","floor":8.0},{"not_picked":["Replay:Anticipation","ThirdEye"],"picked":"Perseverance","floor":9.0},{"not_picked":["FlyingSleeves","SandsOfTime","Perseverance"],"picked":"SKIP","floor":11.0},{"not_picked":["Tantrum","FlurryOfBlows"],"picked":"Sanctity","floor":12.0},{"not_picked":["EmptyBody","Protect","FollowUp"],"picked":"SKIP","floor":14.0},{"not_picked":["Ragnarok","StSpp:VitalPoint"],"picked":"MasterReality","floor":16.0},{"not_picked":["StuffTheSpire:RockThrow","Iron Wave","CutThroughFate+1","hubris:SharpeningStone"],"picked":"SKIP","floor":18.0},{"not_picked":["Combust","ReachHeaven","Heavy Blade","Evaluate"],"picked":"SKIP","floor":21.0},{"not_picked":["Infernal Blade","ReplayTheSpireMod:Corrosion Curse","Armaments","Conclude"],"picked":"SKIP","floor":22}],"player_experience":982751,"relics_obtained":[{"floor":7.0,"key":"jedi:cryingmask"},{"floor":9.0,"key":"Pet Ghost"}],"event_choices":[{"damage_healed":0.0,"max_hp_gain":0.0,"max_hp_loss":0.0,"gold_gain":1.0,"event_name":"betterStone:BetterStone","player_choice":"1","floor":4.0,"gold_loss":0.0,"damage_taken":0.0},{"cards_removed":["Strike_P"],"damage_healed":0.0,"max_hp_gain":0.0,"max_hp_loss":0.0,"gold_gain":0.0,"event_name":"Golden Wing","player_choice":"Card Removal","floor":5.0,"gold_loss":0.0,"damage_taken":7.0}],"is_beta":false,"boss_relics":[{"not_picked":["Cursed Key","hubris:BlackHole"],"picked":"aspiration:IroncladSkillbook"}],"items_purged_floors":[19],"is_endless":false,"potions_floor_spawned":[1,12,14,16,22],"killed_by":"Hallownest:eliteWatcherKnight","ascension_level":0}}