{"host":"rb2p2z6v6vieend5","time":1612139954,"event":{"mods":["BaseMod","Block Reminder","Colored Map","DeckTracker","Highlight Path","Minty Spire (QoL Compilation)","Random Character Button","Relic Stats"],"gold_per_floor":[115,64,64,75,85,85,120,137,137,62,62,62,62,78,78,181,181,201,217,230,245,256,290,310,310,380,394,394,493,493,510,510,510,510],"floor_reached":33,"language":"ENG","playtime":1704,"items_purged":["Defend_P"],"score":325,"play_id":"8b439a5b-de4c-44ff-a08d-2680a9c9e255","local_time":"20210201013914","is_ascension_mode":true,"campfire_choices":[{"data":"Eruption","floor":6,"key":"SMITH"},{"data":"Devotion","floor":11,"key":"SMITH"},{"data":"Vault","floor":13,"key":"SMITH"},{"floor":15,"key":"REST"},{"floor":25,"key":"REST"},{"floor":32,"key":"REST"}],"circlet_count":0,"master_deck":["Strike_P","Strike_P","Strike_P","Strike_P","Defend_P","Defend_P","Defend_P","Eruption+1","Vigilance","Devotion+1","Prostrate","Prostrate","ClearTheMind","Vault+1","Crescendo","Prostrate","Brilliance","BattleHymn","SpiritShield","Decay","Pray"],"relics":["PureWater","Anchor","StrikeDummy","MealTicket","GremlinMask","Runic Pyramid","Pantograph","HornCleat","Toy Ornithopter"],"acts_visited":["Exordium","TheCity"],"potions_floor_usage":[7,24,24,24,33],"damage_taken":[{"damage":2,"enemies":"Jaw Worm","floor":1,"turns":6},{"damage":1,"enemies":"2 Louse","floor":4,"turns":2},{"damage":2,"enemies":"Cultist","floor":5,"turns":4},{"damage":43,"enemies":"Gremlin Nob","floor":7,"turns":6},{"damage":9,"enemies":"Gremlin Gang","floor":8,"turns":4},{"damage":0,"enemies":"Blue Slaver","floor":14,"turns":3},{"damage":18,"enemies":"Hexaghost","floor":16,"turns":7},{"damage":0,"enemies":"Shell Parasite","floor":18,"turns":4},{"damage":0,"enemies":"Chosen","floor":19,"turns":4},{"damage":0,"enemies":"Centurion and Healer","floor":20,"turns":4},{"damage":24,"enemies":"Chosen and Byrds","floor":21,"turns":6},{"damage":9,"enemies":"Snecko","floor":22,"turns":4},{"damage":29,"enemies":"Slavers","floor":23,"turns":3},{"damage":0,"enemies":"Centurion and Healer","floor":24,"turns":5},{"damage":19,"enemies":"Sentry and Sphere","floor":27,"turns":6},{"damage":0,"enemies":"Snake Plant","floor":31,"turns":4},{"damage":66,"enemies":"Collector","floor":33,"turns":7}],"seed_played":"-5309714807739543086","potions_obtained":[{"floor":1,"key":"Weak Potion"},{"floor":7,"key":"SteroidPotion"},{"floor":18,"key":"Strength Potion"},{"floor":21,"key":"BottledMiracle"},{"floor":31,"key":"SneckoOil"}],"is_trial":false,"path_per_floor":["M","$","?","M","M","R","E","M","T","$","R","?","R","M","R","B",null,"M","M","M","M","M","E","M","R","T","M","?","?","?","M","R","B"],"character_chosen":"WATCHER","items_purchased":["Prostrate"],"campfire_rested":3,"item_purchase_floors":[2],"current_hp_per_floor":[70,70,63,62,60,60,17,8,8,23,23,23,23,23,44,26,72,72,72,72,48,39,10,10,31,31,12,12,12,12,12,33,0,0],"gold":510,"neow_bonus":"ONE_RANDOM_RARE_CARD","is_daily":false,"chose_seed":false,"campfire_upgraded":3,"win_rate":0.0,"timestamp":1612139954,"path_taken":["M","$","?","M","M","R","E","M","T","?","R","?","R","M","R","BOSS","M","M","M","?","?","E","M","R","T","M","?","?","?","M","R","BOSS"],"items_purchased_type":["Card"],"build_version":"2020-12-22","purchased_purges":1,"victory":false,"max_hp_per_floor":[72,72,72,72,72,72,72,72,72,72,72,72,72,72,72,72,72,72,72,72,72,72,72,72,72,72,72,72,72,72,72,72,72,72],"relic_stats":{"counters":[17,79],"Pantograph":25,"MealTicket":15,"obtain_stats":[{"Anchor":3,"HornCleat":26,"Pantograph":23,"MealTicket":9,"GremlinMask":12,"PureWater":0,"StrikeDummy":7,"Toy Ornithopter":28,"Runic Pyramid":17},{"Anchor":1,"HornCleat":14,"Pantograph":13,"MealTicket":5,"GremlinMask":5,"PureWater":0,"StrikeDummy":4,"Toy Ornithopter":15,"Runic Pyramid":7},{"Anchor":6,"HornCleat":62,"Pantograph":57,"MealTicket":22,"GremlinMask":22,"PureWater":0,"StrikeDummy":18,"Toy Ornithopter":68,"Runic Pyramid":32}],"Toy Ornithopter":5},"card_choices":[{"not_picked":["LikeWater","FollowUp"],"picked":"Prostrate","floor":1},{"not_picked":["MentalFortress","PathToVictory"],"picked":"ClearTheMind","floor":4},{"not_picked":["FollowUp","FlurryOfBlows","DeceiveReality"],"picked":"SKIP","floor":5},{"not_picked":["Evaluate","MentalFortress"],"picked":"Vault","floor":7},{"not_picked":["PathToVictory","Indignation"],"picked":"Crescendo","floor":8},{"not_picked":["Nirvana","SignatureMove"],"picked":"Prostrate","floor":14},{"not_picked":["MasterReality","Scrawl"],"picked":"Brilliance","floor":16},{"not_picked":["SashWhip+1","Protect","SandsOfTime"],"picked":"SKIP","floor":18},{"not_picked":["Evaluate","ForeignInfluence+1","PathToVictory"],"picked":"SKIP","floor":19},{"not_picked":["Meditate","FlurryOfBlows","CrushJoints"],"picked":"SKIP","floor":20},{"not_picked":["BowlingBash","Meditate"],"picked":"BattleHymn","floor":21},{"not_picked":["CutThroughFate","JustLucky","ThirdEye"],"picked":"SKIP","floor":22},{"not_picked":["Establishment","JustLucky"],"picked":"SpiritShield","floor":23},{"not_picked":["FollowUp","CrushJoints","Weave"],"picked":"SKIP","floor":24},{"not_picked":["SignatureMove","Study+1","SashWhip+1"],"picked":"SKIP","floor":27},{"not_picked":["JustLucky+1","FollowUp+1"],"picked":"Pray","floor":31}],"player_experience":659168,"relics_obtained":[{"floor":7,"key":"StrikeDummy"},{"floor":9,"key":"MealTicket"},{"floor":23,"key":"Pantograph"},{"floor":26,"key":"HornCleat"}],"event_choices":[{"damage_healed":0,"gold_gain":0,"player_choice":"Success","damage_taken":7,"relics_obtained":["Anchor"],"max_hp_gain":0,"max_hp_loss":0,"event_name":"Scrap Ooze","floor":3,"gold_loss":0},{"damage_healed":0,"gold_gain":0,"player_choice":"Trade","damage_taken":0,"relics_obtained":["GremlinMask"],"max_hp_gain":0,"max_hp_loss":0,"event_name":"FaceTrader","floor":12,"gold_loss":0},{"damage_healed":0,"gold_gain":0,"player_choice":"Opened","damage_taken":0,"relics_obtained":["Toy Ornithopter"],"max_hp_gain":0,"max_hp_loss":0,"event_name":"The Mausoleum","floor":28,"gold_loss":0},{"damage_healed":0,"gold_gain":99,"player_choice":"Stole From Cult","damage_taken":0,"max_hp_gain":0,"max_hp_loss":0,"event_name":"Nest","floor":29,"gold_loss":0},{"damage_healed":0,"gold_gain":0,"player_choice":"Smashed Altar","damage_taken":0,"max_hp_gain":0,"max_hp_loss":0,"event_name":"Forgotten Altar","floor":30,"gold_loss":0,"cards_obtained":["Decay"]}],"is_beta":false,"boss_relics":[{"not_picked":["Ectoplasm","Runic Dome"],"picked":"Runic Pyramid"}],"items_purged_floors":[10],"is_endless":false,"potions_floor_spawned":[1,7,18,21,22,31],"killed_by":"Collector","ascension_level":4}}