{"host":"58njlu7hme3ojrlz","time":1612198827,"event":{"mods":["AchievementEnabler","Act Like it!","BaseMod","Block Reminder","Colored Map","Colored Powertips","DeckTracker","Downfall","Gensokyo","Hallownest","Highlight Path","Hubris","Infinite Spire","KomeijiMod","Marisa????????","Minty Spire (QoL Compilation)","Reimu??????","Relic Sorter","Remilia??????","Replay The Spire","Shop Mod","StSLib","The Alterego","The Animator","The Bug Knight","The Cursed","The Servant 0.9.4","The Wild Card","TheBandit"],"gold_per_floor":[116,116,116,116,116,131,149,149,169,188,239,239,84,100,100,35,35,130,130,149,149,462,562,578,578,589,589,589],"floor_reached":27,"language":"ENG","playtime":2419,"items_purged":["Pain"],"score":230,"play_id":"56455dc0-3a7e-4e50-a547-2cd73bf4b542","local_time":"20210202000027","is_ascension_mode":false,"campfire_choices":[{"data":"Dash_Komeiji","floor":8.0,"key":"SMITH"},{"data":"SemiAutomaton","floor":12.0,"key":"SMITH"},{"floor":15.0,"key":"REST"},{"floor":17.0,"key":"REST"},{"floor":25,"key":"REST"}],"circlet_count":0,"master_deck":["Strike_Komeiji","Strike_Komeiji","Strike_Komeiji","Strike_Komeiji","Defend_Komeiji","Defend_Komeiji","Defend_Komeiji","Defend_Komeiji","Dash_Komeiji+1","NingyouYunhei+1","HenyouMirume","NingyouKisou+1","SemiAutomaton+1","DochyakuKami+1","MajikuruSanhai+1","AbyssNova","Gluttony_TH","DemonLordCradle","JigokuNoTaiyou","NingyouSousou+1"],"relics":["KomeijisEye","SpellCardsRule","Gensokyo:LunaticRedEyes","hubris:Towel","NeowsBlessing","SpellExtend","MerchantsRug","Busted Crown"],"acts_visited":["Gensokyo:Gensokyo","TheCity"],"potions_floor_usage":[],"damage_taken":[{"damage":0.0,"enemies":"Gensokyo:Gryphon","floor":1.0,"turns":1.0},{"damage":0.0,"enemies":"Gensokyo:2_Kodama","floor":6.0,"turns":1.0},{"damage":0.0,"enemies":"Gensokyo:Python","floor":7.0,"turns":1.0},{"damage":4.0,"enemies":"Gensokyo:Gryphon_and_Rabbit","floor":9.0,"turns":5.0},{"damage":5.0,"enemies":"Gensokyo:VengefulSpirit","floor":10.0,"turns":4.0},{"damage":19.0,"enemies":"Gensokyo:Python_and_Kodama","floor":14.0,"turns":6.0},{"damage":39.0,"enemies":"Gensokyo:Reimu","floor":18.0,"turns":11.0},{"damage":13.0,"enemies":"Spheric Guardian","floor":20.0,"turns":4.0},{"damage":34.0,"enemies":"Snake Plant","floor":22.0,"turns":6.0},{"damage":0.0,"enemies":"Centurion and Healer","floor":24.0,"turns":3.0},{"damage":15,"enemies":"Snecko","floor":26,"turns":4},{"damage":28,"enemies":"3 Cultists","floor":27,"turns":3}],"seed_played":"-3991225518852008030","potions_obtained":[{"floor":14.0,"key":"Milkshake"},{"floor":20.0,"key":"Block Potion"},{"floor":24.0,"key":"bronze:BurnAndBuffPotion"},{"floor":26,"key":"SpeedPotion"}],"is_trial":false,"path_per_floor":["M","?","?","PTL","PTL","M","M","R","M","M","T","R","$","M","R","COS","R","B",null,"M","?","M","?","M","R","M","M"],"character_chosen":"KomeijiSatori","items_purchased":["MerchantsRug"],"campfire_rested":3,"item_purchase_floors":[13],"current_hp_per_floor":[50,50,50,50,50,50,50,50,46,41,41,41,41,22,37,37,50,11,50,37,52,22,22,22,41,26,0,0],"gold":589,"neow_bonus":"THREE_ENEMY_KILL","is_daily":false,"chose_seed":false,"campfire_upgraded":2,"win_rate":0.0,"timestamp":1612198827,"path_taken":["M","?","?","PTL","PTL","?","M","R","M","M","T","R","$","?","R","COS","R","BOSS","M","?","M","?","?","R","M","M"],"items_purchased_type":["Relic"],"build_version":"2020-12-22","purchased_purges":1,"victory":false,"max_hp_per_floor":[50,50,50,50,50,50,50,50,50,50,50,50,50,50,50,50,50,50,50,50,65,65,65,65,65,65,65,65],"card_choices":[{"not_picked":["ShyakuBuku","NingyouFukuhei+1"],"picked":"NingyouYunhei+1","floor":1.0},{"not_picked":["SelfTokamak","NingyouSP+1"],"picked":"HenyouMirume","floor":6.0},{"not_picked":["NingyouSP+1","EnMu+1"],"picked":"NingyouKisou+1","floor":7.0},{"not_picked":["KoKei+1","HagoromoMizu"],"picked":"SemiAutomaton","floor":9.0},{"not_picked":["InscribeRedSoul","KeiseiJin+1"],"picked":"DochyakuKami+1","floor":10.0},{"not_picked":["VampireKiss","DemonLordCradle"],"picked":"MajikuruSanhai+1","floor":14.0},{"not_picked":["HelanNingyou","IceTornado"],"picked":"AbyssNova","floor":18.0},{"not_picked":["SeekerWire+1"],"picked":"SKIP","floor":20.0},{"not_picked":[],"picked":"DemonLordCradle","floor":22.0},{"not_picked":[],"picked":"JigokuNoTaiyou","floor":24.0},{"not_picked":["ShyakuBuku"],"picked":"SKIP","floor":24.0},{"not_picked":[],"picked":"NingyouSousou+1","floor":26}],"player_experience":181168,"relics_obtained":[{"floor":11.0,"key":"SpellExtend"}],"event_choices":[{"damage_healed":0.0,"max_hp_gain":0.0,"max_hp_loss":0.0,"gold_gain":100.0,"event_name":"Golden Shrine","player_choice":"Pray","floor":23.0,"gold_loss":0.0,"damage_taken":0.0}],"is_beta":false,"boss_relics":[{"not_picked":["Fusion Hammer","Runic Pyramid"],"picked":"Busted Crown"}],"items_purged_floors":[13],"is_endless":false,"potions_floor_spawned":[14,20,24,26],"killed_by":"3 Cultists","ascension_level":0}}