{"host":"o3b7ow6d1xe49css","time":1612138145,"event":{"mods":["Act Like it!","Aspiration","BaseMod","Bestiary","Better Altar","Better Match","Better Note","Better Sensory Stone","Better Skull","Better Third Choice","Colored Powertips","Conspire","Energized Spire","Force Act Four","GifTheSpireLib","Halation","Hermit","Hubris","Infinite Spire","Lobotomy","Minty Spire (QoL Compilation)","Quick Restart","Rare Cards Sparkle","Relic Filter Mod","Reliquary","Replay The Spire","Spicy Shops","Spikes Relics","Spire Arcade","StSLib","Stuff the Spire","The Blue Laboratory","Wandering Minibosses"],"gold_per_floor":[118,138,155,230,240,272,285,285,285,90,120,155,155,190,190,293,293,293,293],"floor_reached":18,"language":"ENG","playtime":758,"items_purged":[],"score":240,"play_id":"057d7722-9939-4112-861f-c77c7ef44437","local_time":"20210131150905","daily_mods":["Heirloom","Flight"],"is_ascension_mode":false,"campfire_choices":[{"data":"hermit:WideOpen","floor":8,"key":"SMITH"},{"data":"hermit:BlackWind","floor":15,"key":"SMITH"}],"circlet_count":0,"master_deck":["hermit:Strike_Hermit","hermit:Strike_Hermit","hermit:Strike_Hermit","hermit:Strike_Hermit","hermit:Defend_Hermit","hermit:Defend_Hermit","hermit:Defend_Hermit","hermit:Defend_Hermit","hermit:Snapshot","hermit:Covet","hermit:Glare","hermit:Headshot","hermit:Feint","hermit:Horror","hermit:CursedWeapon","UniverseFragment","hermit:BlackWind+1","hermit:WideOpen+1","hermit:PistolWhip","hermit:PistolWhip","hermit:HoleUp","OSAHOGD","hermit:HoleUp","Mercenary","hermit:HeroicBravado"],"relics":["hermit:Momento","Ring of Chaos","Prayer Wheel","CogitoBucket","Eternal Feather","BehaviorAdjustment","Mummified Hand","conspire:TreasureMap","hubris:TenFootPole","Gremlin Food","hubris:Towel","Replay:Wax Seal","Snecko Eye"],"acts_visited":["Exordium","TheCity"],"potions_floor_usage":[6,11,14,16],"damage_taken":[{"damage":1,"enemies":"2 Louse","floor":1,"turns":4},{"damage":4,"enemies":"Cultist","floor":2,"turns":3},{"damage":0,"enemies":"Jaw Worm","floor":3,"turns":1},{"damage":8,"enemies":"Exordium Wildlife","floor":5,"turns":5},{"damage":11,"enemies":"3 Sentries","floor":6,"turns":7},{"damage":7,"enemies":"Looter","floor":7,"turns":4},{"damage":0,"enemies":"Gremlin Nob","floor":11,"turns":2},{"damage":16,"enemies":"3 Sentries","floor":12,"turns":4},{"damage":2,"enemies":"Lagavulin","floor":14,"turns":4},{"damage":23,"enemies":"Hexaghost","floor":16,"turns":6},{"damage":80,"enemies":"Chosen","floor":18,"turns":8}],"seed_played":"642561062304628498","potions_obtained":[{"floor":5,"key":"Explosive Potion"},{"floor":7,"key":"FearPotion"},{"floor":12,"key":"SpeedPotion"},{"floor":14,"key":"blueLaboratory:FruitPunch"},{"floor":16,"key":"blueLaboratory:ExaltedPotion"}],"is_trial":true,"path_per_floor":["M","M","M","?","M","E","M","R","T","$","E","E","?","E","R","B",null,"M"],"character_chosen":"HERMIT","items_purchased":["conspire:TreasureMap","hermit:PistolWhip"],"campfire_rested":0,"item_purchase_floors":[10,10],"current_hp_per_floor":[74,70,70,63,55,44,37,46,46,46,46,33,33,31,43,22,77,0,0],"gold":293,"neow_bonus":"","is_daily":false,"chose_seed":false,"campfire_upgraded":2,"win_rate":0.0,"timestamp":1612138145,"path_taken":["M","M","M","?","M","E","M","R","T","$","E","E","?","E","R","BOSS","M"],"items_purchased_type":["Relic","Card"],"build_version":"2020-12-22","purchased_purges":0,"victory":false,"max_hp_per_floor":[75,75,75,75,75,75,75,75,75,75,75,75,75,75,75,77,77,77,77],"card_choices":[{"not_picked":["hermit:Feint","hermit:Midnight"],"picked":"hermit:Glare","floor":1},{"not_picked":["ShyLook","HeroicMonk","SingingMachine"],"picked":"Singing Bowl","floor":1},{"not_picked":["hermit:TakeAim","hermit:Dive","hermit:Vantage"],"picked":"SKIP","floor":1},{"not_picked":["hermit:HighCaliber","hermit:Spite"],"picked":"hermit:Headshot","floor":2},{"not_picked":["OSAHOGD","SingingMachine","WhitesApple"],"picked":"Singing Bowl","floor":2},{"not_picked":["hermit:Showdown","hermit:Horror","hermit:TrackingShot"],"picked":"SKIP","floor":2},{"not_picked":["hermit:Vantage","hermit:Magnum"],"picked":"hermit:Feint","floor":3},{"not_picked":["CrumblingArmor","FairyFestival","MHz"],"picked":"Singing Bowl","floor":3},{"not_picked":["hermit:Feint","hermit:Vantage","hermit:ShadowCloak"],"picked":"SKIP","floor":3},{"not_picked":["hermit:Glare","hermit:FlashPowder"],"picked":"hermit:Horror","floor":5},{"not_picked":["hermit:Virtue","hermit:SprayPray"],"picked":"hermit:CursedWeapon","floor":5},{"not_picked":["VoidDream","Murderer"],"picked":"UniverseFragment","floor":5},{"not_picked":["CrumblingArmor","VoidDream","DreamingCurrent"],"picked":"Singing Bowl","floor":6},{"not_picked":["hermit:Deadeye","hermit:BodyArmor"],"picked":"hermit:BlackWind","floor":6},{"not_picked":["hermit:FinalCanter","hermit:LoneWolf"],"picked":"hermit:WideOpen","floor":7},{"not_picked":["CrumblingArmor","MeatLantern","SpiderBud"],"picked":"Singing Bowl","floor":7},{"not_picked":["hermit:Headshot","hermit:TrackingShot","hermit:Scavenge"],"picked":"SKIP","floor":7},{"not_picked":["FieryBird","Rudolta","Murderer"],"picked":"Singing Bowl","floor":11},{"not_picked":["hermit:Scavenge","hermit:WideOpen"],"picked":"hermit:HoleUp","floor":11},{"not_picked":["OldLady","PunishingBird","Bloodbath"],"picked":"Singing Bowl","floor":12},{"not_picked":["Wellcheers","CrumblingArmor"],"picked":"OSAHOGD","floor":12},{"not_picked":["hermit:ShadowCloak","hermit:TrackingShot"],"picked":"hermit:HoleUp","floor":12},{"not_picked":["SpiderBud","ShyLook","MHz"],"picked":"Singing Bowl","floor":14},{"not_picked":["hermit:CursedWeapon","hermit:FullyLoaded","hermit:BodyArmor"],"picked":"SKIP","floor":14},{"not_picked":["Yin","Alriune"],"picked":"Mercenary","floor":16},{"not_picked":["hermit:EternalForm","hermit:Reprieve"],"picked":"hermit:HeroicBravado","floor":16}],"player_experience":1238099,"relics_obtained":[{"floor":6,"key":"Eternal Feather"},{"floor":9,"key":"Mummified Hand"},{"floor":11,"key":"hubris:TenFootPole"},{"floor":12,"key":"Gremlin Food"},{"floor":14,"key":"Replay:Wax Seal"}],"event_choices":[{"damage_healed":0,"gold_gain":75,"player_choice":"Touch","damage_taken":7,"max_hp_gain":0,"max_hp_loss":0,"event_name":"FaceTrader","floor":4,"gold_loss":0}],"is_beta":false,"boss_relics":[{"not_picked":["energizedSpire:SpiderWeb","energizedSpire:HugeHouse"],"picked":"Snecko Eye"}],"items_purged_floors":[],"is_endless":false,"potions_floor_spawned":[5,7,12,14,16],"killed_by":"Chosen","ascension_level":0}}