{"host":"r10yh36zs2k9z1sa","time":1612192720,"event":{"mods":["AchievementEnabler","Act Like it!","Aspiration","Astrologer","BaseMod","Colored Map","Conspire","Decade(¤ý¤p©ú)","Gensokyo","Hermit","Highlight Path","KinomotoSakuraMod(¤ì¤§¥»?)","Koishi","Marisa¡]Ãú«B¡@Å]²z¨F¡^","Minty Spire (QoL Compilation)","Permanent Neow","Quick Restart","Reimu¡]³Õ???¡^","Remilia¡]Á¢¦Ì²ú?¡^","StSLib","SuperFastMode","The Administrix","The Blackbeard","The Bug Knight","The Cursed","The Gatherer","The Mystic","The Saiyan","The Senshi","The Servant 0.9.4","Youmu¡]»î¾z§¯?¡^","Yuri Mod","Yuyuko"],"gold_per_floor":[91,109,109,120,20,52,52,86,86,86,103,127,55,83,83,184,184,194,469,488,95,108,108,123,135,135,135,165,265,597,612,612,710,710,720,720,737,751,751,751,795,795,821,256,256,285,308,39,39,39],"floor_reached":51,"language":"ZHS","playtime":5019,"items_purged":["Regret","Saiyan:SAIYA_Strike"],"score":963,"play_id":"0ac0921e-dd36-4015-8268-ce97fc6e68f7","local_time":"20210201231840","is_ascension_mode":false,"campfire_choices":[{"data":"Ghostly","floor":7.0,"key":"SMITH"},{"data":"1","floor":10.0,"key":"LIFT"},{"data":"2","floor":15.0,"key":"LIFT"},{"data":"Apotheosis","floor":23,"key":"SMITH"},{"data":"Saiyan:HyperTimeChamber","floor":27,"key":"SMITH"},{"data":"3","floor":32,"key":"LIFT"},{"data":"Saiyan:SuperSaiyanForm","floor":40,"key":"SMITH"},{"data":"Saiyan:ExtremeSpeed","floor":42,"key":"SMITH"},{"data":"Saiyan:SuperSaiyanForm","floor":49,"key":"SMITH"}],"circlet_count":0,"master_deck":["Saiyan:SAIYA_Strike","Saiyan:SAIYA_Strike","Saiyan:SAIYA_Strike","Saiyan:SAIYA_Defend","Saiyan:SAIYA_Defend","Saiyan:SAIYA_Defend","Saiyan:SAIYA_Defend","Saiyan:EnergyBlast","Saiyan:KaioKen+1","Saiyan:RuthlessBlow+1","Saiyan:Furor","Saiyan:ExpandingShockwave","Saiyan:KiExplosion","Ghostly+1","Saiyan:BigBangAttack","Saiyan:PowerStance","Saiyan:SuperSaiyanForm+1","Saiyan:PowerUp","Saiyan:HyperTimeChamber+1","Saiyan:Medicine","Apotheosis+1","Saiyan:CCCapsule","Saiyan:Medicine","Saiyan:KiExplosion","Saiyan:Planning+1","Saiyan:Flurry","Saiyan:ExtremeSpeed+1","Saiyan:SenzuBean","Saiyan:Fly+1","Saiyan:SuperSaiyanForm+1"],"relics":["SaiyanSoul","SaiyanHeart","Anchor","Girya","conspire:DecoderRing","Odd Mushroom","MealTicket","Black Star","PreservedInsect","aspiration:StickyExplosives_weak","Ancient Tea Set","Orichalcum","Ice Cream","Letter Opener","Old Coin","aspiration:FetidBarrel","SlaversCollar","CrazyTorch:ReiMu","theSenshi:FeatherClipsRelic","CeramicFish","Bag of Preparation","Bottled Tornado","Bronze Scales","Nunchaku","Art of War","Lantern"],"acts_visited":["Exordium","TheCity","TheBeyond"],"potions_floor_usage":[24,29,33,33,37,50,50,50],"damage_taken":[{"damage":0.0,"enemies":"Cultist","floor":1.0,"turns":5.0},{"damage":2.0,"enemies":"Jaw Worm","floor":2.0,"turns":4.0},{"damage":0.0,"enemies":"Small Slimes","floor":4.0,"turns":5.0},{"damage":6.0,"enemies":"3 Sentries","floor":6.0,"turns":8.0},{"damage":8.0,"enemies":"Gremlin Nob","floor":8.0,"turns":6.0},{"damage":0.0,"enemies":"Blue Slaver","floor":11.0,"turns":5.0},{"damage":1.0,"enemies":"The Mushroom Lair","floor":12.0,"turns":3.0},{"damage":0.0,"enemies":"3 Sentries","floor":14.0,"turns":6.0},{"damage":27.0,"enemies":"Hexaghost","floor":16.0,"turns":12.0},{"damage":6.0,"enemies":"conspire:FuzzyDice","floor":18.0,"turns":9.0},{"damage":5.0,"enemies":"3 Byrds","floor":20.0,"turns":5.0},{"damage":0,"enemies":"Snecko","floor":22,"turns":10},{"damage":12,"enemies":"Sentry and Sphere","floor":24,"turns":10},{"damage":4,"enemies":"3 Cultists","floor":25,"turns":7},{"damage":0,"enemies":"conspire:SneckoGhost","floor":28,"turns":9},{"damage":0,"enemies":"Colosseum Slavers","floor":29,"turns":5},{"damage":0,"enemies":"Colosseum Nobs","floor":29,"turns":4},{"damage":9,"enemies":"HollowMod:Nosk","floor":30,"turns":9},{"damage":0,"enemies":"Cultist and Chosen","floor":31,"turns":6},{"damage":33,"enemies":"Automaton","floor":33,"turns":7},{"damage":0,"enemies":"3 Shapes","floor":35,"turns":5},{"damage":21,"enemies":"3 Darklings","floor":37,"turns":6},{"damage":8,"enemies":"Jaw Worm Horde","floor":38,"turns":6},{"damage":0,"enemies":"HollowMod:StalkingDevout","floor":41,"turns":6},{"damage":35,"enemies":"Nemesis","floor":46,"turns":11},{"damage":0,"enemies":"Sphere and 2 Shapes","floor":47,"turns":5},{"damage":0,"enemies":"Time Eater","floor":50,"turns":14}],"seed_played":"5508875256709973713","potions_obtained":[{"floor":1.0,"key":"ColorlessPotion"},{"floor":2.0,"key":"SpeedPotion"},{"floor":6.0,"key":"PowerPotion"},{"floor":16.0,"key":"Swift Potion"},{"floor":20.0,"key":"Weak Potion"},{"floor":28,"key":"PowerPotion"},{"floor":30,"key":"Explosive Potion"},{"floor":31,"key":"Strength Potion"},{"floor":35,"key":"Dexterity Potion"},{"floor":37,"key":"Ancient Potion"},{"floor":38,"key":"SteroidPotion"}],"is_trial":false,"path_per_floor":["M","M","?","M","?","E","R","E","T","R","M","?","$","E","R","B",null,"M","?","M","$","M","R","M","M","T","R","E","?","E","M","R","B",null,"M","?","M","M","T","R","E","R","T","$","?","E","M","$","R","B",null],"character_chosen":"SAIYAJIN","items_purchased":["Saiyan:SuperSaiyanForm","Apotheosis","PreservedInsect","Saiyan:SenzuBean","Bottled Tornado","Bronze Scales","Saiyan:SuperSaiyanForm","Lantern","AttackPotion"],"campfire_rested":0,"item_purchase_floors":[13,21,21,44,44,44,48,48,48],"current_hp_per_floor":[63,64,64,68,68,63,63,56,56,56,58,58,58,59,59,33,77,73,73,71,80,80,80,75,82,82,82,84,89,86,89,89,57,90,91,91,71,79,79,79,94,94,94,94,91,65,83,96,96,98],"gold":39,"neow_bonus":"UPGRADE_CARD","is_daily":false,"chose_seed":false,"campfire_upgraded":6,"win_rate":0.0,"timestamp":1612192720,"path_taken":["M","M","?","M","?","E","R","E","T","R","M","?","?","E","R","BOSS","M","?","M","$","M","R","?","M","T","R","E","?","E","M","R","BOSS","M","?","?","M","?","R","E","R","T","?","?","E","M","$","R","BOSS"],"items_purchased_type":["Card","Card","Relic","Card","Relic","Relic","Card","Relic","Potion"],"build_version":"2020-12-22","purchased_purges":2,"victory":true,"max_hp_per_floor":[63,66,66,70,70,71,71,72,72,72,74,75,75,76,76,77,77,79,79,80,80,80,80,82,82,82,82,84,89,89,89,89,90,90,91,91,92,93,93,93,94,94,94,94,94,94,96,96,96,98],"card_choices":[{"not_picked":["Saiyan:ConcussiveBlow","Saiyan:Twize"],"picked":"Saiyan:Furor","floor":1.0},{"not_picked":["Saiyan:DragonFist","Saiyan:DoubleMasenko"],"picked":"Saiyan:ExpandingShockwave","floor":2.0},{"not_picked":["Saiyan:Twize","Saiyan:ConcussiveBlow"],"picked":"Saiyan:KiExplosion","floor":4.0},{"not_picked":["Saiyan:KameHameHa","Saiyan:Pacing"],"picked":"Saiyan:BigBangAttack","floor":6.0},{"not_picked":["Saiyan:ThirstForFight","Saiyan:MeteorDash","Saiyan:KameHameHa"],"picked":"SKIP","floor":8.0},{"not_picked":["Saiyan:RemoveWeights","Saiyan:SaiyanHubris","Saiyan:BurningSoul"],"picked":"SKIP","floor":11.0},{"not_picked":["Saiyan:KameHameHa","Saiyan:DragonFist"],"picked":"Saiyan:PowerStance","floor":12.0},{"not_picked":["Saiyan:DragonFist","Saiyan:TheBomb"],"picked":"Saiyan:PowerUp","floor":14.0},{"not_picked":["Saiyan:SenzuBean","Saiyan:TransfigurationBeam"],"picked":"Saiyan:HyperTimeChamber","floor":16.0},{"not_picked":["Saiyan:RemoveWeights+1","Saiyan:Twize"],"picked":"Saiyan:Medicine","floor":18.0},{"not_picked":["Saiyan:WarmUp","Saiyan:RemoveWeights","Saiyan:BackAttack"],"picked":"SKIP","floor":20.0},{"not_picked":["Saiyan:Twize","Saiyan:TurtleShell"],"picked":"Saiyan:CCCapsule","floor":22},{"not_picked":["Saiyan:KameHameHa","Saiyan:Scouter"],"picked":"Saiyan:Medicine","floor":24},{"not_picked":["Saiyan:FinalFlash","Saiyan:MeteorDash+1","Saiyan:SpiritSword"],"picked":"SKIP","floor":25},{"not_picked":["Saiyan:WarmUp+1","Saiyan:Reset+1","Saiyan:SpiritSword"],"picked":"SKIP","floor":28},{"not_picked":["Saiyan:Kienzan","Saiyan:UltraInstinct"],"picked":"Saiyan:KiExplosion","floor":29},{"not_picked":["Saiyan:Furor+1","Saiyan:MeteorDash+1","Saiyan:Scouter"],"picked":"SKIP","floor":30},{"not_picked":["Saiyan:PowerUp","Saiyan:Scouter"],"picked":"Saiyan:Planning+1","floor":31},{"not_picked":["Saiyan:Kienzan+1","Saiyan:UltraInstinct","Saiyan:PlotArmor"],"picked":"SKIP","floor":35},{"not_picked":["Saiyan:SpiritSword","Saiyan:BigBangAttack"],"picked":"Saiyan:Flurry","floor":37},{"not_picked":["Saiyan:Honing+1","Saiyan:PowerUp","Saiyan:KameHameHa+1"],"picked":"SKIP","floor":38},{"not_picked":["Saiyan:KameHameHa","Saiyan:ExpandingShockwave+1"],"picked":"Saiyan:ExtremeSpeed","floor":41},{"not_picked":["Saiyan:PowerStance","Saiyan:Honing","Saiyan:DragonFist+1"],"picked":"SKIP","floor":46},{"not_picked":["Saiyan:KameHameHa+1","Saiyan:TransfigurationBeam"],"picked":"Saiyan:Fly+1","floor":47}],"player_experience":404650,"relics_obtained":[{"floor":6.0,"key":"Anchor"},{"floor":8.0,"key":"Girya"},{"floor":9.0,"key":"conspire:DecoderRing"},{"floor":12.0,"key":"Odd Mushroom"},{"floor":14.0,"key":"MealTicket"},{"floor":26,"key":"aspiration:StickyExplosives_weak"},{"floor":28,"key":"Ancient Tea Set"},{"floor":28,"key":"Orichalcum"},{"floor":29,"key":"Ice Cream"},{"floor":29,"key":"Letter Opener"},{"floor":30,"key":"Old Coin"},{"floor":30,"key":"aspiration:FetidBarrel"},{"floor":39,"key":"CrazyTorch:ReiMu"},{"floor":41,"key":"theSenshi:FeatherClipsRelic"},{"floor":41,"key":"CeramicFish"},{"floor":43,"key":"Bag of Preparation"},{"floor":46,"key":"Nunchaku"},{"floor":46,"key":"Art of War"}],"event_choices":[{"damage_healed":0.0,"max_hp_gain":0.0,"max_hp_loss":0.0,"gold_gain":0.0,"event_name":"Living Wall","player_choice":"Grow","floor":3.0,"gold_loss":0.0,"damage_taken":0.0,"cards_upgraded":["Saiyan:RuthlessBlow"]},{"damage_healed":0.0,"max_hp_gain":0.0,"max_hp_loss":0.0,"gold_gain":0.0,"event_name":"conspire:LoneGhost","player_choice":"Argue","floor":5.0,"gold_loss":0.0,"damage_taken":0.0},{"damage_healed":0.0,"max_hp_gain":0.0,"max_hp_loss":0.0,"gold_gain":0.0,"event_name":"Mushrooms","player_choice":"Fought Mushrooms","floor":12.0,"gold_loss":0.0,"damage_taken":0.0},{"damage_healed":0.0,"max_hp_gain":0.0,"max_hp_loss":0.0,"gold_gain":275.0,"event_name":"Golden Shrine","player_choice":"Desecrate","floor":19.0,"gold_loss":0.0,"damage_taken":0.0,"cards_obtained":["Regret"]},{"damage_healed":0,"gold_gain":0,"player_choice":"Fight","damage_taken":0,"max_hp_gain":0,"max_hp_loss":0,"event_name":"Colosseum","floor":29,"gold_loss":0},{"damage_healed":0,"gold_gain":0,"player_choice":"Fought Nobs","damage_taken":0,"max_hp_gain":0,"max_hp_loss":0,"event_name":"Colosseum","floor":29,"gold_loss":0},{"damage_healed":0,"gold_gain":0,"player_choice":"Punched","damage_taken":3,"max_hp_gain":0,"max_hp_loss":0,"event_name":"Designer","floor":45,"gold_loss":0}],"is_beta":false,"boss_relics":[{"not_picked":["aspiration:WatcherSkillbook","aspiration:RitualDagger"],"picked":"Black Star"},{"not_picked":["Cursed Key","Snecko Eye"],"picked":"SlaversCollar"}],"items_purged_floors":[21,44],"is_endless":false,"potions_floor_spawned":[1,2,6,16,20,28,30,31,35,37,38],"ascension_level":0}}