{"host":"vumwfieg2b2mnrfl","time":1612219705,"event":{"mods":["AchievementEnabler","BaseMod","Minty Spire (QoL Compilation)","Rare Cards Sparkle","Relic Stats"],"gold_per_floor":[114,114,129,149,149,177,97,97,97,109,153,175,187,228,240,252,252],"floor_reached":16,"language":"ENG","playtime":413,"items_purged":[],"score":165,"play_id":"db8608c3-8caf-4595-9d0f-2f4fc2cfb0f7","local_time":"20210201164825","is_ascension_mode":true,"campfire_choices":[{"floor":8,"key":"REST"},{"data":"Eruption","floor":10,"key":"SMITH"},{"floor":15,"key":"REST"}],"circlet_count":0,"master_deck":["Strike_P","Strike_P","Strike_P","Strike_P","Defend_P","Defend_P","Defend_P","Eruption+1","Vigilance","FollowUp","LikeWater","Evaluate","MentalFortress","Meditate","WreathOfFlame","Consecrate"],"relics":["PureWater","NeowsBlessing","Meat on the Bone","MawBank","Bottled Tornado","CaptainsWheel"],"acts_visited":["Exordium"],"potions_floor_usage":[11,14,16],"damage_taken":[{"damage":0,"enemies":"Cultist","floor":1,"turns":1},{"damage":0,"enemies":"Jaw Worm","floor":3,"turns":1},{"damage":0,"enemies":"2 Louse","floor":4,"turns":1},{"damage":62,"enemies":"Gremlin Nob","floor":6,"turns":5},{"damage":14,"enemies":"3 Sentries","floor":11,"turns":10},{"damage":4,"enemies":"Exordium Wildlife","floor":12,"turns":3},{"damage":36,"enemies":"Gremlin Nob","floor":14,"turns":4},{"damage":50,"enemies":"The Guardian","floor":16,"turns":4}],"seed_played":"-6357145019669996050","potions_obtained":[{"floor":6,"key":"LiquidMemories"},{"floor":11,"key":"BlessingOfTheForge"},{"floor":12,"key":"PowerPotion"}],"is_trial":false,"path_per_floor":["M","$","M","M","?","E","$","R","T","R","E","M","?","E","R","B"],"character_chosen":"WATCHER","items_purchased":["MentalFortress"],"campfire_rested":2,"item_purchase_floors":[7],"current_hp_per_floor":[65,65,65,65,72,10,10,31,31,31,29,37,37,13,34,0,0],"gold":252,"neow_bonus":"THREE_ENEMY_KILL","is_daily":false,"chose_seed":false,"campfire_upgraded":1,"win_rate":0.0,"timestamp":1612219705,"path_taken":["M","?","M","?","?","E","?","R","T","R","E","M","?","E","R","BOSS"],"items_purchased_type":["Card"],"build_version":"2020-12-22","purchased_purges":0,"victory":false,"max_hp_per_floor":[72,72,72,72,72,72,72,72,72,72,72,72,72,72,72,72,72],"relic_stats":{"counters":[8,29],"MawBank":84,"obtain_stats":[{"CaptainsWheel":14,"NeowsBlessing":0,"PureWater":0,"Bottled Tornado":11,"MawBank":9,"Meat on the Bone":6},{"CaptainsWheel":7,"NeowsBlessing":0,"PureWater":0,"Bottled Tornado":5,"MawBank":4,"Meat on the Bone":4},{"CaptainsWheel":25,"NeowsBlessing":0,"PureWater":0,"Bottled Tornado":18,"MawBank":8,"Meat on the Bone":8}],"Meat on the Bone":36},"card_choices":[{"not_picked":["SashWhip","WreathOfFlame","Wireheading"],"picked":"SKIP","floor":1},{"not_picked":["EmptyFist","SashWhip"],"picked":"FollowUp","floor":3},{"not_picked":["BowlingBash","Halt"],"picked":"LikeWater","floor":4},{"not_picked":["SashWhip","Omniscience"],"picked":"Evaluate","floor":6},{"not_picked":["PathToVictory","ReachHeaven"],"picked":"Meditate","floor":11},{"not_picked":["PathToVictory","BowlingBash","ClearTheMind"],"picked":"SKIP","floor":12},{"not_picked":["SashWhip","CutThroughFate"],"picked":"Consecrate","floor":14}],"player_experience":510899,"relics_obtained":[{"floor":6,"key":"Meat on the Bone"},{"floor":9,"key":"MawBank"},{"floor":11,"key":"Bottled Tornado"},{"floor":14,"key":"CaptainsWheel"}],"event_choices":[{"damage_healed":7,"gold_gain":0,"player_choice":"Full Heal","damage_taken":0,"max_hp_gain":0,"max_hp_loss":0,"event_name":"Wheel of Change","floor":5,"gold_loss":0},{"damage_healed":0,"gold_gain":0,"cards_transformed":["Defend_P"],"player_choice":"Change","damage_taken":0,"max_hp_gain":0,"max_hp_loss":0,"event_name":"Living Wall","floor":13,"gold_loss":0,"cards_obtained":["WreathOfFlame"]}],"is_beta":false,"boss_relics":[],"items_purged_floors":[],"is_endless":false,"potions_floor_spawned":[6,11,12],"killed_by":"The Guardian","ascension_level":8}}