{"host":"15dd7v8o90xso62x","time":1612177905,"event":{"mods":["BaseMod","Minty Spire (QoL Compilation)","Quick Restart","StSLib","SuperFastMode"],"gold_per_floor":[119,119,119,119,60,60,85,104,104,138,138,167,184,259,259,259,259],"floor_reached":16,"language":"KOR","playtime":511,"items_purged":[],"score":282,"play_id":"65752a17-eada-40a9-bedd-3c234b96582d","local_time":"20210201201145","is_ascension_mode":true,"campfire_choices":[{"data":"Dagger Throw","floor":6.0,"key":"SMITH"},{"floor":11.0,"key":"REST"},{"floor":15.0,"key":"REST"}],"circlet_count":0,"master_deck":["AscendersBane","Strike_G","Strike_G","Strike_G","Strike_G","Strike_G","Defend_G","Defend_G","Defend_G","Defend_G","Defend_G","Survivor","Neutralize","Blade Dance","Dagger Throw+1","Backstab","Tactician","Corpse Explosion","Noxious Fumes","Cloak And Dagger","Crippling Poison"],"relics":["Ring of the Snake","NeowsBlessing","Orichalcum","Dream Catcher","Boot","Letter Opener","Pen Nib"],"acts_visited":["Exordium"],"potions_floor_usage":[16],"damage_taken":[{"damage":0.0,"enemies":"Small Slimes","floor":1.0,"turns":1.0},{"damage":0.0,"enemies":"Lagavulin","floor":7.0,"turns":1.0},{"damage":0.0,"enemies":"Jaw Worm","floor":8.0,"turns":1.0},{"damage":14.0,"enemies":"3 Sentries","floor":10.0,"turns":9.0},{"damage":14.0,"enemies":"Lagavulin","floor":12.0,"turns":6.0},{"damage":0.0,"enemies":"2 Louse","floor":13.0,"turns":2.0},{"damage":34,"enemies":"Slime Boss","floor":16,"turns":6}],"seed_played":"2270720906111615614","potions_obtained":[{"floor":7.0,"key":"Weak Potion"},{"floor":10.0,"key":"Swift Potion"},{"floor":13.0,"key":"Strength Potion"}],"is_trial":false,"path_per_floor":["M","?","$","?","$","R","E","M","T","E","R","E","M","?","R","B"],"character_chosen":"THE_SILENT","items_purchased":["Dagger Throw"],"campfire_rested":2,"item_purchase_floors":[5],"current_hp_per_floor":[59,59,59,33,33,33,33,33,33,19,38,24,24,13,32,0,0],"gold":259,"neow_bonus":"THREE_ENEMY_KILL","is_daily":false,"chose_seed":false,"campfire_upgraded":1,"win_rate":0.0,"timestamp":1612177905,"path_taken":["M","?","$","?","$","R","E","M","T","E","R","E","M","?","R","BOSS"],"items_purchased_type":["Card"],"build_version":"2020-12-22","purchased_purges":0,"victory":false,"max_hp_per_floor":[66,66,66,66,66,66,66,66,66,66,66,66,66,66,66,66,66],"card_choices":[{"not_picked":["Backflip","Flying Knee"],"picked":"Blade Dance","floor":1.0},{"not_picked":["Sucker Punch","Concentrate"],"picked":"Backstab","floor":7.0},{"not_picked":["PiercingWail","Cloak And Dagger"],"picked":"Tactician","floor":8.0},{"not_picked":["Blade Dance","Blur"],"picked":"Corpse Explosion","floor":10.0},{"not_picked":["Prepared","Poisoned Stab"],"picked":"Noxious Fumes","floor":11.0},{"not_picked":["Escape Plan","Outmaneuver"],"picked":"Cloak And Dagger","floor":12.0},{"not_picked":["Backflip","Underhanded Strike"],"picked":"Crippling Poison","floor":13.0}],"player_experience":921999,"relics_obtained":[{"floor":7.0,"key":"Dream Catcher"},{"floor":9.0,"key":"Boot"},{"floor":10.0,"key":"Letter Opener"},{"floor":12.0,"key":"Pen Nib"}],"event_choices":[{"damage_healed":0.0,"max_hp_gain":0.0,"max_hp_loss":0.0,"gold_gain":0.0,"event_name":"Shining Light","player_choice":"Ignored","floor":2.0,"gold_loss":0.0,"damage_taken":0.0},{"damage_healed":0.0,"max_hp_gain":0.0,"max_hp_loss":0.0,"gold_gain":0.0,"event_name":"Scrap Ooze","player_choice":"Success","floor":4.0,"gold_loss":0.0,"damage_taken":26.0,"relics_obtained":["Orichalcum"]},{"damage_healed":0.0,"max_hp_gain":0.0,"max_hp_loss":0.0,"gold_gain":75.0,"event_name":"World of Goop","player_choice":"Gather Gold","floor":14.0,"gold_loss":0.0,"damage_taken":11.0}],"is_beta":false,"boss_relics":[],"items_purged_floors":[],"is_endless":false,"potions_floor_spawned":[7,10,13],"killed_by":"Slime Boss","ascension_level":20}}