{"host":"xes75gx807s8gyhc","time":1612221335,"event":{"mods":["AchievementEnabler","BaseMod","Colored Powertips","Curses Come First","Minty Spire (QoL Compilation)","Rare Cards Sparkle","Relic Stats","StSLib","Unceasing Turn Reminder","everything is the same but u backflip on backflip"],"gold_per_floor":[112,128,128,8,23,23,39,70,70,70,97,97,147,147,147,249,249,263,282,21,38,52,80,80,99,99,134,134,145,145,159,159,264,264,274,274,324,324,334,334,347,367,367,367,384,415,426,458,458,458],"floor_reached":51,"language":"ENG","playtime":3772,"items_purged":["Strike_P","Strike_P"],"score":809,"play_id":"83e08c6b-8bd9-4518-b2d9-1324fae2e371","local_time":"20210201151535","is_ascension_mode":false,"campfire_choices":[{"data":"Eruption","floor":6.0,"key":"SMITH"},{"floor":12.0,"key":"REST"},{"data":"Vigilance","floor":15.0,"key":"SMITH"},{"floor":24.0,"key":"REST"},{"data":"Defend_P","floor":28.0,"key":"SMITH"},{"floor":30.0,"key":"REST"},{"data":"Defend_P","floor":32.0,"key":"SMITH"},{"floor":40.0,"key":"RECALL"},{"floor":44.0,"key":"REST"},{"floor":49,"key":"REST"}],"circlet_count":0,"master_deck":["Defend_P+1","Defend_P+1","Eruption+1","Vigilance+1","CutThroughFate+1","EmptyFist+1","InnerPeace+1","WindmillStrike+1","PathToVictory+1","TalkToTheHand+1","Scrawl+1","TalkToTheHand+1","PathToVictory+1","Omniscience+1","Wallop+1","Evaluate+1","Crescendo+1","FlurryOfBlows+1","Perseverance+1","EmptyBody+1","Blasphemy+1","DeusExMachina+1","Adaptation+1","Vault+1","Indignation+1","ThirdEye+1","ThirdEye+1","CrushJoints+1","Sanctity+1","Tantrum+1"],"relics":["Black Star","Molten Egg 2","PreservedInsect","Bottled Lightning","Toxic Egg 2","Pantograph","Happy Flower","Whetstone","SacredBark","Membership Card","War Paint","InkBottle","Mummified Hand","Pen Nib","Strawberry","Astrolabe","Lizard Tail","Pear","Damaru","Question Card","Sundial","Toy Ornithopter"],"acts_visited":["Exordium","TheCity","TheBeyond"],"potions_floor_usage":[46,50,50],"damage_taken":[{"damage":3.0,"enemies":"Small Slimes","floor":1.0,"turns":3.0},{"damage":1.0,"enemies":"Cultist","floor":2.0,"turns":4.0},{"damage":3.0,"enemies":"Jaw Worm","floor":5.0,"turns":2.0},{"damage":0.0,"enemies":"3 Louse","floor":7.0,"turns":2.0},{"damage":27.0,"enemies":"3 Sentries","floor":8.0,"turns":6.0},{"damage":10.0,"enemies":"Gremlin Nob","floor":11.0,"turns":3.0},{"damage":0.0,"enemies":"Slime Boss","floor":16.0,"turns":4.0},{"damage":4.0,"enemies":"Chosen","floor":18.0,"turns":4.0},{"damage":6.0,"enemies":"3 Byrds","floor":19.0,"turns":5.0},{"damage":0.0,"enemies":"3 Cultists","floor":21.0,"turns":2.0},{"damage":0.0,"enemies":"Centurion and Healer","floor":22.0,"turns":5.0},{"damage":5.0,"enemies":"Book of Stabbing","floor":23.0,"turns":5.0},{"damage":7.0,"enemies":"Chosen and Byrds","floor":25.0,"turns":4.0},{"damage":13.0,"enemies":"Gremlin Leader","floor":27.0,"turns":4.0},{"damage":0.0,"enemies":"Snecko","floor":29.0,"turns":4.0},{"damage":0.0,"enemies":"Cultist and Chosen","floor":31.0,"turns":3.0},{"damage":5.0,"enemies":"Automaton","floor":33.0,"turns":10.0},{"damage":0.0,"enemies":"3 Shapes","floor":35.0,"turns":5.0},{"damage":0.0,"enemies":"Mind Bloom Boss Battle","floor":37.0,"turns":3.0},{"damage":0.0,"enemies":"Orb Walker","floor":39.0,"turns":4.0},{"damage":0.0,"enemies":"4 Shapes","floor":41.0,"turns":6.0},{"damage":0.0,"enemies":"Transient","floor":42.0,"turns":6.0},{"damage":0.0,"enemies":"Spire Growth","floor":45.0,"turns":5.0},{"damage":29,"enemies":"Nemesis","floor":46,"turns":6},{"damage":5,"enemies":"4 Shapes","floor":47,"turns":5},{"damage":29,"enemies":"Reptomancer","floor":48,"turns":7},{"damage":25,"enemies":"Awakened One","floor":50,"turns":9}],"seed_played":"-1536398234646111245","potions_obtained":[{"floor":7.0,"key":"Weak Potion"},{"floor":11.0,"key":"Block Potion"},{"floor":16.0,"key":"AttackPotion"},{"floor":18.0,"key":"EssenceOfSteel"},{"floor":25.0,"key":"EssenceOfSteel"},{"floor":29.0,"key":"Weak Potion"},{"floor":33.0,"key":"Strength Potion"},{"floor":35.0,"key":"Block Potion"},{"floor":48,"key":"EssenceOfSteel"}],"is_trial":false,"path_per_floor":["M","M","?","$","M","R","M","E","T","?","E","R","T","?","R","B",null,"M","M","$","M","M","E","R","M","T","E","R","M","R","M","R","B",null,"M","?","?","?","M","R","M","M","T","R","M","E","M","E","R","B",null],"character_chosen":"WATCHER","items_purchased":["EmptyFist+1","Membership Card","Omniscience+1","AttackPotion"],"campfire_rested":5,"item_purchase_floors":[4,20,20,20],"current_hp_per_floor":[69,68,68,68,65,65,65,38,38,38,28,49,49,49,49,72,72,68,62,62,62,62,57,72,65,65,59,59,59,79,79,79,74,79,79,79,79,79,79,79,79,79,89,89,89,60,55,26,52,62],"gold":458,"neow_bonus":"BOSS_RELIC","is_daily":false,"chose_seed":false,"campfire_upgraded":4,"win_rate":0.0,"timestamp":1612221335,"path_taken":["M","M","?","$","M","R","?","E","T","?","E","R","?","?","R","BOSS","M","M","$","M","M","E","R","M","T","E","R","M","R","M","R","BOSS","M","?","?","?","M","R","?","M","T","R","M","E","M","E","R","BOSS"],"items_purchased_type":["Card","Relic","Card","Potion"],"build_version":"2020-12-22","purchased_purges":2,"victory":true,"max_hp_per_floor":[72,72,72,72,72,72,72,72,72,72,72,72,72,72,72,72,72,72,72,72,72,72,72,72,72,72,79,79,79,79,79,79,79,79,79,79,79,79,79,79,79,79,89,89,89,89,89,89,89,89],"relic_stats":{"Happy Flower":[35],"counters":[27,126],"Astrolabe":["Adaptation","Vault","Indignation"],"PreservedInsect":214,"Pen Nib":[13],"Whetstone":["Strike_P","CutThroughFate"],"War Paint":["InnerPeace","PathToVictory"],"Question Card":2,"Lizard Tail":0,"Mummified Hand":[13],"Sundial":[0],"Pantograph":48,"Black Star":6,"obtain_stats":[{"Pear":43,"Happy Flower":11,"SacredBark":17,"Astrolabe":34,"Damaru":46,"PreservedInsect":8,"Pen Nib":27,"Whetstone":13,"War Paint":23,"Question Card":46,"Lizard Tail":37,"Mummified Hand":26,"Sundial":48,"Pantograph":11,"Strawberry":27,"Molten Egg 2":3,"Black Star":0,"Bottled Lightning":8,"Membership Card":20,"PureWater":0,"Toxic Egg 2":9,"InkBottle":23,"Toy Ornithopter":48},{"Pear":22,"Happy Flower":6,"SacredBark":7,"Astrolabe":17,"Damaru":24,"PreservedInsect":5,"Pen Nib":14,"Whetstone":6,"War Paint":12,"Question Card":24,"Lizard Tail":19,"Mummified Hand":13,"Sundial":26,"Pantograph":6,"Strawberry":14,"Molten Egg 2":2,"Black Star":0,"Bottled Lightning":5,"Membership Card":9,"PureWater":0,"Toxic Egg 2":5,"InkBottle":12,"Toy Ornithopter":26},{"Pear":94,"Happy Flower":20,"SacredBark":24,"Astrolabe":70,"Damaru":105,"PreservedInsect":17,"Pen Nib":53,"Whetstone":20,"War Paint":45,"Question Card":105,"Lizard Tail":78,"Mummified Hand":49,"Sundial":117,"Pantograph":20,"Strawberry":53,"Molten Egg 2":7,"Black Star":0,"Bottled Lightning":17,"Membership Card":33,"PureWater":0,"Toxic Egg 2":17,"InkBottle":45,"Toy Ornithopter":117}],"InkBottle":[34],"Toy Ornithopter":10},"card_choices":[{"not_picked":["SashWhip","Consecrate"],"picked":"CutThroughFate","floor":1.0},{"not_picked":["Halt","Worship"],"picked":"Indignation","floor":2.0},{"not_picked":["EmptyFist+1","Evaluate"],"picked":"InnerPeace","floor":5.0},{"not_picked":["ThirdEye","EmptyBody"],"picked":"WindmillStrike+1","floor":7.0},{"not_picked":["Brilliance+1","Nirvana"],"picked":"PathToVictory","floor":8.0},{"not_picked":["Halt+1","Conclude+1"],"picked":"TalkToTheHand+1","floor":11.0},{"not_picked":["LessonLearned+1","DevaForm"],"picked":"Scrawl+1","floor":16.0},{"not_picked":["Evaluate+1","CrushJoints+1"],"picked":"TalkToTheHand+1","floor":18.0},{"not_picked":["Conclude+1","SashWhip+1"],"picked":"PathToVictory+1","floor":19.0},{"not_picked":["Fasting2+1","Protect+1"],"picked":"Wallop+1","floor":21.0},{"not_picked":["EmptyFist+1","JustLucky+1"],"picked":"Evaluate+1","floor":22.0},{"not_picked":["Halt+1","Meditate+1"],"picked":"Crescendo+1","floor":23.0},{"not_picked":["EmptyBody+1","Worship+1"],"picked":"FlurryOfBlows+1","floor":25.0},{"not_picked":["EmptyFist+1","Prostrate+1"],"picked":"Perseverance+1","floor":27.0},{"not_picked":["Consecrate+1","Crescendo+1"],"picked":"EmptyBody+1","floor":29.0},{"not_picked":["Adaptation+1","FlurryOfBlows+1"],"picked":"Blasphemy+1","floor":31.0},{"not_picked":["Judgement+1","ConjureBlade+1"],"picked":"DeusExMachina+1","floor":33.0},{"not_picked":["ClearTheMind+1","LikeWater+1"],"picked":"ThirdEye+1","floor":35.0},{"not_picked":["Weave+1","Halt+1"],"picked":"ThirdEye+1","floor":37.0},{"not_picked":["JustLucky+1","Protect+1","SignatureMove+1"],"picked":"SKIP","floor":39.0},{"not_picked":["BattleHymn","Sanctity+1","ThirdEye+1"],"picked":"SKIP","floor":41.0},{"not_picked":["Blasphemy+1","BowlingBash+1"],"picked":"CrushJoints+1","floor":42.0},{"not_picked":["FlyingSleeves+1","Crescendo+1","FlurryOfBlows+1"],"picked":"SKIP","floor":45.0},{"not_picked":["Prostrate+1","SashWhip+1","Fasting2"],"picked":"SKIP","floor":46},{"not_picked":["SignatureMove+1","ClearTheMind+1","EmptyMind+1"],"picked":"Sanctity+1","floor":47},{"not_picked":["EmptyFist+1","TalkToTheHand+1","Fasting2+1"],"picked":"Tantrum+1","floor":48}],"player_experience":19944,"relics_obtained":[{"floor":8.0,"key":"PreservedInsect"},{"floor":8.0,"key":"Bottled Lightning"},{"floor":9.0,"key":"Toxic Egg 2"},{"floor":11.0,"key":"Pantograph"},{"floor":11.0,"key":"Happy Flower"},{"floor":13.0,"key":"Whetstone"},{"floor":23.0,"key":"War Paint"},{"floor":23.0,"key":"InkBottle"},{"floor":26.0,"key":"Mummified Hand"},{"floor":27.0,"key":"Pen Nib"},{"floor":27.0,"key":"Strawberry"},{"floor":37.0,"key":"Lizard Tail"},{"floor":43.0,"key":"Pear"},{"floor":46,"key":"Damaru"},{"floor":46,"key":"Question Card"},{"floor":48,"key":"Sundial"},{"floor":48,"key":"Toy Ornithopter"}],"event_choices":[{"cards_removed":["Indignation"],"damage_healed":0.0,"max_hp_gain":0.0,"max_hp_loss":0.0,"gold_gain":0.0,"event_name":"WeMeetAgain","player_choice":"Gave Card","floor":3.0,"gold_loss":0.0,"damage_taken":0.0,"relics_obtained":["Molten Egg 2"]},{"damage_healed":0.0,"max_hp_gain":0.0,"max_hp_loss":0.0,"gold_gain":0.0,"event_name":"Liars Game","player_choice":"Ignored","floor":10.0,"gold_loss":0.0,"damage_taken":0.0},{"cards_removed":["Strike_P"],"damage_healed":0.0,"max_hp_gain":0.0,"max_hp_loss":0.0,"gold_gain":0.0,"event_name":"Bonfire Elementals","player_choice":"Offered Basic","floor":14.0,"gold_loss":0.0,"damage_taken":0.0},{"damage_healed":0.0,"max_hp_gain":0.0,"max_hp_loss":0.0,"gold_gain":0.0,"event_name":"Mysterious Sphere","player_choice":"Ignored","floor":36.0,"gold_loss":0.0,"damage_taken":0.0},{"damage_healed":0.0,"max_hp_gain":0.0,"max_hp_loss":0.0,"gold_gain":0.0,"event_name":"MindBloom","player_choice":"Fight","floor":37.0,"gold_loss":0.0,"damage_taken":0.0},{"damage_healed":0.0,"max_hp_gain":0.0,"max_hp_loss":0.0,"gold_gain":0.0,"event_name":"Upgrade Shrine","player_choice":"Ignored","floor":38.0,"gold_loss":0.0,"damage_taken":0.0}],"is_beta":false,"boss_relics":[{"not_picked":["Cursed Key","Snecko Eye"],"picked":"SacredBark"},{"not_picked":["Coffee Dripper","Runic Dome"],"picked":"Astrolabe"}],"items_purged_floors":[4,20],"is_endless":false,"potions_floor_spawned":[7,11,16,18,25,29,31,33,35,37,39,48],"ascension_level":0}}