{"host":"j4g6ia6asvpyu2b0","time":1612220811,"event":{"mods":["BaseMod","Colored Map","Minty Spire (QoL Compilation)","Permanent Neow","Quick Restart","Relic Stats","StSLib","Unceasing Turn Reminder"],"gold_per_floor":[113,132,148,168,168,202,202,237,263,263,263,298,327,327,327,440,467,496,533,560,584,608,608,651,651,651,693,693,734,758,781,781,888,888,915,690,713,735,735,769,769,819,819,819,855,644,866,885,885,885,885,885,87,128,128],"floor_reached":56,"language":"ENG","playtime":2005,"items_purged":[],"score":1739,"play_id":"b7ffbd77-63c6-4254-a25b-82410261974d","local_time":"20210201160651","is_ascension_mode":true,"campfire_choices":[{"data":"Amplify","floor":7,"key":"SMITH"},{"data":"Consume","floor":10,"key":"SMITH"},{"data":"Static Discharge","floor":15,"key":"SMITH"},{"data":"Biased Cognition","floor":23,"key":"SMITH"},{"data":"Loop","floor":25,"key":"SMITH"},{"data":"Loop","floor":32,"key":"SMITH"},{"data":"Buffer","floor":41,"key":"SMITH"},{"floor":49,"key":"RECALL"},{"data":"Static Discharge","floor":52,"key":"SMITH"}],"circlet_count":0,"master_deck":["Zap","Dualcast","Self Repair","Doom and Gloom","Conserve Battery","Static Discharge+1","Amplify+1","Cold Snap","Consume+1","Storm+1","Loop+1","Sweeping Beam","Cold Snap","Chill","Biased Cognition+1","Rip and Tear+1","Capacitor+1","Redo+1","BootSequence","Sweeping Beam+1","Coolheaded","Hologram+1","Leap+1","Buffer+1","White Noise","Loop+1","Sweeping Beam","Storm","Biased Cognition","Compile Driver+1","Loop","Seek","Static Discharge+1","Static Discharge+1","Loop","Defragment+1","Defragment","Capacitor","Consume","Hologram","Aggregate","Biased Cognition"],"relics":["Pandora\u0027s Box","CeramicFish","Oddly Smooth Stone","Orichalcum","Astrolabe","Red Mask","Thread and Needle","Cables","Symbiotic Virus","Bottled Tornado","Philosopher\u0027s Stone","Frozen Eye","Bronze Scales","Torii","The Courier","Smiling Mask","OrangePellets","Medical Kit","Bottled Lightning","Dead Branch","FossilizedHelix"],"acts_visited":["Exordium","TheCity","TheBeyond","TheEnding"],"potions_floor_usage":[24,33,48,55,55,55,55,55],"damage_taken":[{"damage":14.0,"enemies":"Jaw Worm","floor":1.0,"turns":4.0},{"damage":0.0,"enemies":"2 Louse","floor":2.0,"turns":3.0},{"damage":1.0,"enemies":"Cultist","floor":3.0,"turns":3.0},{"damage":0,"enemies":"3 Louse","floor":4,"turns":3},{"damage":25,"enemies":"3 Sentries","floor":6,"turns":3},{"damage":17,"enemies":"Gremlin Nob","floor":8,"turns":4},{"damage":28,"enemies":"3 Sentries","floor":12,"turns":4},{"damage":2,"enemies":"Large Slime","floor":13,"turns":5},{"damage":18,"enemies":"Slime Boss","floor":16,"turns":6},{"damage":0,"enemies":"Spheric Guardian","floor":18,"turns":1},{"damage":1,"enemies":"Masked Bandits","floor":19,"turns":4},{"damage":0,"enemies":"Chosen","floor":20,"turns":4},{"damage":17,"enemies":"3 Cultists","floor":21,"turns":4},{"damage":12,"enemies":"Snake Plant","floor":22,"turns":4},{"damage":4,"enemies":"Book of Stabbing","floor":24,"turns":5},{"damage":20,"enemies":"Gremlin Leader","floor":27,"turns":5},{"damage":13,"enemies":"Slavers","floor":29,"turns":4},{"damage":13,"enemies":"Centurion and Healer","floor":30,"turns":5},{"damage":0,"enemies":"Chosen and Byrds","floor":31,"turns":4},{"damage":10,"enemies":"Collector","floor":33,"turns":7},{"damage":0,"enemies":"3 Shapes","floor":35,"turns":3},{"damage":0,"enemies":"Orb Walker","floor":37,"turns":3},{"damage":0,"enemies":"Transient","floor":38,"turns":5},{"damage":17,"enemies":"Reptomancer","floor":40,"turns":4},{"damage":0,"enemies":"Mind Bloom Boss Battle","floor":42,"turns":6},{"damage":0,"enemies":"Nemesis","floor":45,"turns":5},{"damage":10,"enemies":"4 Shapes","floor":48,"turns":3},{"damage":58,"enemies":"Time Eater","floor":50,"turns":5},{"damage":43,"enemies":"Shield and Spear","floor":54,"turns":3},{"damage":7,"enemies":"The Heart","floor":55,"turns":5}],"seed_played":"-564070945618698983","potions_obtained":[{"floor":2.0,"key":"Explosive Potion"},{"floor":6,"key":"SteroidPotion"},{"floor":12,"key":"Strength Potion"},{"floor":16,"key":"Regen Potion"},{"floor":20,"key":"FocusPotion"},{"floor":21,"key":"EntropicBrew"},{"floor":29,"key":"Weak Potion"},{"floor":31,"key":"EssenceOfSteel"},{"floor":37,"key":"AttackPotion"}],"is_trial":false,"path_per_floor":["M","M","M","M","?","E","R","E","T","R","?","E","M","?","R","B",null,"M","?","M","M","M","R","E","R","T","E","?","E","M","M","R","B",null,"M","$","M","M","?","E","R","?","T","?","E","$","?","M","R","B",null,"R","$","E","B",null],"character_chosen":"DEFECT","items_purchased":["Loop","Frozen Eye","OrangePellets","Loop","FocusPotion","Defragment","Capacitor","Medical Kit","FocusPotion","Consume","Bottled Lightning","Dead Branch","Hologram","Aggregate"],"campfire_rested":0,"item_purchase_floors":[36,36,46,46,46,53,53,53,53,53,53,53,53,53],"current_hp_per_floor":[68,68,74,75,75,57,57,47,47,47,47,26,31,36,36,25,66,66,72,79,69,71,71,80,80,80,74,59,46,40,40,40,59,79,79,79,79,85,85,75,75,82,82,81,81,81,81,78,78,34,69,69,69,26,19],"gold":128,"neow_bonus":"BOSS_RELIC","is_daily":false,"chose_seed":false,"campfire_upgraded":8,"win_rate":0.0,"timestamp":1612220811,"path_taken":["M","M","M","M","?","E","R","E","T","R","?","E","?","?","R","BOSS","M","?","M","M","M","R","E","R","T","E","?","E","M","M","R","BOSS","M","$","M","M","?","E","R","?","T","?","E","$","?","M","R","BOSS","R","$","E","BOSS"],"items_purchased_type":["Card","Relic","Relic","Card","Potion","Card","Card","Relic","Potion","Card","Relic","Relic","Card","Card"],"build_version":"2020-12-22","purchased_purges":0,"victory":true,"max_hp_per_floor":[75,75,75,75,75,75,75,75,75,75,75,75,75,80,80,80,80,80,80,80,80,80,80,80,80,80,80,85,85,85,85,85,85,85,85,85,85,85,85,85,85,85,85,81,81,81,81,81,81,81,81,81,81,81,81],"relic_stats":{"Torii":6,"counters":[30,121],"CeramicFish":297,"Astrolabe":["Rip and Tear","Capacitor","Redo"],"Dead Branch":[10],"Orichalcum":[234],"Smiling Mask":0,"Medical Kit":[2],"Cables":[71,30,6,35,0],"OrangePellets":[5],"Bronze Scales":[127],"Pandora\u0027s Box":["Self Repair","Sweeping Beam","Doom and Gloom","Conserve Battery","Static Discharge","Amplify","Conserve Battery","Meteor Strike"],"obtain_stats":[{"Torii":42,"CeramicFish":6,"Astrolabe":17,"Dead Branch":53,"Oddly Smooth Stone":8,"Thread and Needle":24,"The Courier":43,"Orichalcum":12,"Bottled Tornado":29,"Smiling Mask":45,"Medical Kit":53,"Cables":26,"Frozen Eye":36,"OrangePellets":46,"Bronze Scales":40,"Pandora\u0027s Box":0,"Philosopher\u0027s Stone":34,"Red Mask":19,"Bottled Lightning":53,"Cracked Core":0,"Symbiotic Virus":27,"FossilizedHelix":54},{"Torii":25,"CeramicFish":5,"Astrolabe":9,"Dead Branch":28,"Oddly Smooth Stone":6,"Thread and Needle":15,"The Courier":25,"Orichalcum":7,"Bottled Tornado":17,"Smiling Mask":26,"Medical Kit":28,"Cables":15,"Frozen Eye":21,"OrangePellets":26,"Bronze Scales":24,"Pandora\u0027s Box":0,"Philosopher\u0027s Stone":20,"Red Mask":11,"Bottled Lightning":28,"Cracked Core":0,"Symbiotic Virus":16,"FossilizedHelix":29},{"Torii":100,"CeramicFish":16,"Astrolabe":35,"Dead Branch":113,"Oddly Smooth Stone":20,"Thread and Needle":57,"The Courier":100,"Orichalcum":24,"Bottled Tornado":65,"Smiling Mask":105,"Medical Kit":113,"Cables":57,"Frozen Eye":82,"OrangePellets":105,"Bronze Scales":94,"Pandora\u0027s Box":0,"Philosopher\u0027s Stone":80,"Red Mask":40,"Bottled Lightning":113,"Cracked Core":0,"Symbiotic Virus":62,"FossilizedHelix":116}]},"card_choices":[{"not_picked":["Steam","BootSequence"],"picked":"Cold Snap","floor":1.0},{"not_picked":["Skim","Sweeping Beam"],"picked":"Steam","floor":2.0},{"not_picked":["Fusion","Thunder Strike"],"picked":"Consume","floor":3.0},{"not_picked":["Fusion","Reinforced Body"],"picked":"Storm","floor":4},{"not_picked":["Chill","Barrage"],"picked":"Loop","floor":6},{"not_picked":["Aggregate","Go for the Eyes"],"picked":"Sweeping Beam","floor":8},{"not_picked":["Steam","Streamline"],"picked":"Cold Snap","floor":12},{"not_picked":["Auto Shields","Barrage"],"picked":"Chill","floor":13},{"not_picked":["Thunder Strike","Amplify"],"picked":"Biased Cognition","floor":16},{"not_picked":["Hologram","Beam Cell"],"picked":"BootSequence","floor":18},{"not_picked":["Coolheaded","Go for the Eyes"],"picked":"Sweeping Beam+1","floor":19},{"not_picked":["Scrape","Redo"],"picked":"Coolheaded","floor":20},{"not_picked":["Darkness","Conserve Battery"],"picked":"Hologram+1","floor":21},{"not_picked":["Go for the Eyes","Steam Power"],"picked":"Leap+1","floor":22},{"not_picked":["BootSequence+1","Steam"],"picked":"Buffer","floor":24},{"not_picked":["Rebound","Leap"],"picked":"White Noise","floor":27},{"not_picked":["Stack","Beam Cell"],"picked":"Loop","floor":29},{"not_picked":["Turbo+1","Rebound"],"picked":"Sweeping Beam","floor":30},{"not_picked":["Barrage","Scrape"],"picked":"Storm","floor":31},{"not_picked":["Reboot","Machine Learning"],"picked":"Biased Cognition","floor":33},{"not_picked":["Beam Cell+1","Streamline+1"],"picked":"Compile Driver+1","floor":35},{"not_picked":["Cold Snap","Barrage+1"],"picked":"Seek","floor":37},{"not_picked":["Beam Cell","Steam"],"picked":"Ball Lightning","floor":38},{"not_picked":["Leap+1","Rebound+1"],"picked":"Static Discharge","floor":40},{"not_picked":["Compile Driver","Reprogram"],"picked":"Static Discharge+1","floor":45},{"not_picked":["Turbo","Sunder+1"],"picked":"Defragment+1","floor":48},{"not_picked":["Sweeping Beam+1","Gash+1"],"picked":"Biased Cognition","floor":54}],"player_experience":1090214,"relics_obtained":[{"floor":6,"key":"CeramicFish"},{"floor":8,"key":"Oddly Smooth Stone"},{"floor":12,"key":"Orichalcum"},{"floor":19,"key":"Red Mask"},{"floor":24,"key":"Thread and Needle"},{"floor":26,"key":"Cables"},{"floor":27,"key":"Symbiotic Virus"},{"floor":29,"key":"Bottled Tornado"},{"floor":40,"key":"Bronze Scales"},{"floor":42,"key":"Torii"},{"floor":43,"key":"The Courier"},{"floor":45,"key":"Smiling Mask"},{"floor":54,"key":"FossilizedHelix"}],"event_choices":[{"damage_healed":0,"gold_gain":0,"player_choice":"Grow","damage_taken":0,"max_hp_gain":0,"max_hp_loss":0,"event_name":"Living Wall","floor":5,"gold_loss":0,"cards_upgraded":["Storm"]},{"cards_removed":["Meteor Strike"],"damage_healed":0,"gold_gain":0,"player_choice":"Purged","damage_taken":0,"max_hp_gain":0,"max_hp_loss":0,"event_name":"Purifier","floor":11,"gold_loss":0},{"damage_healed":0,"gold_gain":0,"player_choice":"Donut","damage_taken":0,"max_hp_gain":5,"max_hp_loss":0,"event_name":"Big Fish","floor":14,"gold_loss":0},{"damage_healed":0,"gold_gain":0,"player_choice":"Fought Bandits","damage_taken":0,"max_hp_gain":0,"max_hp_loss":0,"event_name":"Masked Bandits","floor":19,"gold_loss":0},{"damage_healed":0,"gold_gain":0,"player_choice":"Shed Blood","damage_taken":20,"max_hp_gain":5,"max_hp_loss":0,"event_name":"Forgotten Altar","floor":28,"gold_loss":0},{"cards_removed":["Ball Lightning"],"damage_healed":0,"gold_gain":0,"player_choice":"Removed Attack","damage_taken":0,"max_hp_gain":0,"max_hp_loss":0,"event_name":"Falling","floor":39,"gold_loss":0},{"damage_healed":0,"gold_gain":0,"player_choice":"Fight","damage_taken":0,"max_hp_gain":0,"max_hp_loss":0,"event_name":"MindBloom","floor":42,"gold_loss":0},{"damage_healed":0,"gold_gain":0,"player_choice":"Max HP","damage_taken":0,"max_hp_gain":0,"max_hp_loss":4,"event_name":"Winding Halls","floor":44,"gold_loss":0},{"damage_healed":0,"gold_gain":222,"player_choice":"Wore Mask","damage_taken":0,"max_hp_gain":0,"max_hp_loss":0,"event_name":"Tomb of Lord Red Mask","floor":47,"gold_loss":0}],"is_beta":false,"boss_relics":[{"not_picked":["Snecko Eye","Nuclear Battery"],"picked":"Astrolabe"},{"not_picked":["Tiny House","Fusion Hammer"],"picked":"Philosopher\u0027s Stone"}],"items_purged_floors":[],"is_endless":false,"potions_floor_spawned":[2,6,12,16,20,21,22,29,31,37,38],"ascension_level":7}}