{"host":"3j2m8n0ywf988fwb","time":1612197890,"event":{"mods":["2.2 Compatiblity","AchievementEnabler","Act Like it!","Aspiration","BaseMod","Better Altar","Better Match","Better Note","Better Sensory Stone","Better Skull","Better Third Choice","CCEM2","ChefMod","Colored Map","Colored Powertips","Conspire","Dark Map","Energized Spire","GifTheSpireLib","Halation","Hallownest","Highlight Path","Hubris","Infinite Spire","Jedi Mod","Marked Mod","Mimic Mod","Minty Spire (QoL Compilation)","Monster B Gone","Random Character Button","Relic Filter Mod","Relic Stats","Reliquary","Replay The Spire","Robot Space Explorer","Shop Mod","Somnambulant","StS++","StSLib","Stuff the Spire","The Bug Knight","The Hierophant","The Runesmith","TheSurvivalist","Unceasing Turn Reminder","Weighted Paths","everything is the same but u backflip on backflip"],"gold_per_floor":[109,109,109,123,137,137,170,170,205,205,220,247,18,37,37,142,142,162,87,98,114,126,126,158,158,158,168,168,168,168],"floor_reached":29,"language":"ENG","playtime":1380,"items_purged":["StuffTheSpire:CuriosityCurse"],"score":255,"play_id":"38e14ca0-6ca4-4368-9a9b-1e2b32fd9a43","local_time":"20210201104449","is_ascension_mode":false,"campfire_choices":[{"data":"chefmod:QuickThaw","floor":6,"key":"SMITH"},{"floor":15,"key":"REST"},{"data":"chefmod:FrozenTuna","floor":23,"key":"SMITH"},{"data":"chefmod:Escargot","floor":25,"key":"SMITH"}],"circlet_count":0,"master_deck":["chefmod:Strike","chefmod:Strike","chefmod:Strike","chefmod:Strike","chefmod:QuickThaw+1","chefmod:Defend","chefmod:Defend","chefmod:Defend","chefmod:Defend","chefmod:TodaysSpecial","chefmod:ColdSteel","chefmod:IcePick","chefmod:Chop","chefmod:Granita","chefmod:Gelato","chefmod:FryPan","chefmod:FrozenTuna+1","chefmod:QuickChop","chefmod:CuttingBoard","chefmod:PrepCook","chefmod:FiveAlarmChili","chefmod:Puree+1","chefmod:LiquidNitrogen+1","chefmod:FarmersMarket","chefmod:Escargot+1","chefmod:FreezerBurn"],"relics":["chefmod:TrustyPot","NeowsBlessing","TungstenRod","Hallownest:DreamNailRelic","Replay:Baseball","Hallownest:SalubrasBlessingRelic","Membership Card","reliquary:RedPaperclip","reliquary:SilkGlove","hubris:Towel"],"acts_visited":["Exordium","TheCity"],"potions_floor_usage":[27],"damage_taken":[{"damage":0,"enemies":"Hallownest:2_Baldur","floor":1,"turns":1},{"damage":0,"enemies":"2_ Uuma","floor":4,"turns":2},{"damage":0,"enemies":"Hallownest:monsterHuskWarrior","floor":5,"turns":1},{"damage":8,"enemies":"Hallownest:eliteMossKnight","floor":7,"turns":7},{"damage":2,"enemies":"Hallownest:2_Tiktiks_1_Baldur_1_Crawlid","floor":9,"turns":8},{"damage":7,"enemies":"Hallownest:2_Tiktiks_1_Baldur_1_Crawlid","floor":11,"turns":6},{"damage":20,"enemies":"Hallownest:eliteCrystalGuardian","floor":12,"turns":7},{"damage":0,"enemies":"Hallownest:monsterMossCharger","floor":14,"turns":1},{"damage":30,"enemies":"Hallownest:BossHornet","floor":16,"turns":10},{"damage":9,"enemies":"Chosen","floor":18,"turns":5},{"damage":22,"enemies":"Spheric Guardian","floor":20,"turns":4},{"damage":11,"enemies":"Snecko","floor":21,"turns":6},{"damage":12,"enemies":"Cultist and Chosen","floor":22,"turns":5},{"damage":7,"enemies":"conspire:Head Lice","floor":24,"turns":6},{"damage":32,"enemies":"Centurion and Healer","floor":27,"turns":6},{"damage":11,"enemies":"Snake Plant","floor":29,"turns":2}],"seed_played":"-7850643162082384404","potions_obtained":[{"floor":5,"key":"StSpp:SecondWindPotion"},{"floor":11,"key":"Strength Potion"},{"floor":14,"key":"Fire Potion"},{"floor":22,"key":"FairyPotion"}],"is_trial":false,"path_per_floor":["M","?","?","M","M","R","E","?","MIM","?","M","E","$","M","R","B",null,"M","?","M","M","M","R","E","R","T","M","?","M"],"character_chosen":"THE_CHEF","items_purchased":["Membership Card","chefmod:QuickChop"],"campfire_rested":1,"item_purchase_floors":[13,13],"current_hp_per_floor":[76,76,76,76,76,76,68,68,66,66,59,39,39,47,71,49,78,69,69,47,36,24,24,17,17,17,8,8,0,0],"gold":168,"neow_bonus":"THREE_ENEMY_KILL","is_daily":false,"chose_seed":false,"campfire_upgraded":3,"win_rate":0.0,"timestamp":1612197889,"path_taken":["M","?","?","M","?","R","E","?","MIM","?","M","E","$","M","R","BOSS","M","?","M","M","M","R","E","R","T","?","?","M"],"items_purchased_type":["Relic","Card"],"build_version":"2020-12-22","purchased_purges":1,"victory":false,"max_hp_per_floor":[76,76,76,76,76,76,76,76,76,76,76,76,76,76,78,78,78,78,78,78,78,78,78,78,78,78,78,78,78,78],"relic_stats":{"counters":[16,77],"obtain_stats":[{"chefmod:TrustyPot":0,"Hallownest:SalubrasBlessingRelic":10,"StuffTheSpire:Barrel":7,"Replay:Baseball":9,"reliquary:RedPaperclip":17,"reliquary:SilkGlove":24,"NeowsBlessing":0,"Hallownest:DreamNailRelic":8,"Membership Card":13,"hubris:Towel":28,"TungstenRod":2,"Mercury Hourglass":12},{"chefmod:TrustyPot":0,"Hallownest:SalubrasBlessingRelic":5,"StuffTheSpire:Barrel":4,"Replay:Baseball":5,"reliquary:RedPaperclip":9,"reliquary:SilkGlove":14,"NeowsBlessing":0,"Hallownest:DreamNailRelic":4,"Membership Card":7,"hubris:Towel":15,"TungstenRod":1,"Mercury Hourglass":7},{"chefmod:TrustyPot":0,"Hallownest:SalubrasBlessingRelic":19,"StuffTheSpire:Barrel":11,"Replay:Baseball":19,"reliquary:RedPaperclip":43,"reliquary:SilkGlove":69,"NeowsBlessing":0,"Hallownest:DreamNailRelic":11,"Membership Card":32,"hubris:Towel":75,"TungstenRod":1,"Mercury Hourglass":32}],"TungstenRod":39},"card_choices":[{"not_picked":["chefmod:Gelato","chefmod:MonsterBait"],"picked":"chefmod:ColdSteel","floor":1},{"not_picked":["chefmod:SliceAndDice","chefmod:FullBurn"],"picked":"chefmod:Chop","floor":4},{"not_picked":["chefmod:Julienne","chefmod:SliceAndDice"],"picked":"chefmod:Granita","floor":5},{"not_picked":["chefmod:LocoMoco","chefmod:OldCookbook"],"picked":"chefmod:Gelato","floor":7},{"not_picked":["chefmod:Ratatouille","chefmod:AllYouCanEat"],"picked":"chefmod:FryPan","floor":11},{"not_picked":["chefmod:CleanHouse","chefmod:TonkotsuRamen"],"picked":"chefmod:FrozenTuna","floor":12},{"not_picked":["chefmod:SliceAndDice","chefmod:Granita"],"picked":"chefmod:CuttingBoard","floor":14},{"not_picked":["chefmod:Mince","chefmod:TastyDistraction"],"picked":"chefmod:PrepCook","floor":16},{"not_picked":["chefmod:SliceAndDice","chefmod:VegetableTart"],"picked":"chefmod:FiveAlarmChili","floor":18},{"not_picked":["chefmod:AlooGobi+1","chefmod:AllYouCanEat+1"],"picked":"chefmod:Puree+1","floor":19},{"not_picked":["chefmod:SliceAndDice","chefmod:Defrost"],"picked":"chefmod:LiquidNitrogen+1","floor":20},{"not_picked":["chefmod:FryPan+1","chefmod:DimSum","chefmod:Gelato+1"],"picked":"SKIP","floor":21},{"not_picked":["chefmod:Gelato","chefmod:FreshProduce"],"picked":"chefmod:FarmersMarket","floor":22},{"not_picked":["chefmod:FreshProduce","chefmod:DinoKale+1"],"picked":"chefmod:Escargot","floor":24},{"not_picked":["chefmod:GroceryDelivery","chefmod:ColdSteel"],"picked":"chefmod:FreezerBurn","floor":27}],"player_experience":981371,"relics_obtained":[{"floor":7,"key":"StuffTheSpire:Barrel"},{"floor":9,"key":"Replay:Baseball"},{"floor":12,"key":"Mercury Hourglass"},{"floor":24,"key":"reliquary:SilkGlove"}],"event_choices":[{"damage_healed":0,"gold_gain":0,"player_choice":"2","damage_taken":0,"max_hp_gain":0,"max_hp_loss":0,"event_name":"betterMatch:BetterMatch","floor":19,"gold_loss":0,"cards_obtained":["betterMatch:UncommonCard"]}],"is_beta":false,"boss_relics":[{"not_picked":["halation:HeavySnake","Astrolabe"],"picked":"reliquary:RedPaperclip"}],"items_purged_floors":[13],"is_endless":false,"potions_floor_spawned":[5,11,14,18,21,22],"killed_by":"Snake Plant","ascension_level":0}}