{"host":"kzfpatocel9exp3u","time":1612163689,"event":{"mods":["BaseMod","Googly Eyes","Minty Spire (QoL Compilation)","Reliquary","StSLib","[IsaacMod]ÒÔÈö¼âËþ"],"gold_per_floor":[115,115,115,129,129,162,162,162,162],"floor_reached":8,"language":"ZHS","playtime":113,"items_purged":[],"score":154,"play_id":"3b370806-7329-4223-b107-99d158e40db7","local_time":"20210201151449","is_ascension_mode":true,"campfire_choices":[{"data":"Blade Dance","floor":7,"key":"SMITH"}],"circlet_count":0,"master_deck":["AscendersBane","Strike_G+1","Strike_G","Strike_G","Strike_G","Strike_G","Defend_G","Defend_G","Defend_G","Defend_G","Defend_G","Survivor+1","Neutralize","Blade Dance+1"],"relics":["Ring of the Snake","HushsDoor","BookOfRevelations","NeowsBlessing","Golden Idol","Ancient Tea Set"],"acts_visited":["Exordium"],"potions_floor_usage":[],"damage_taken":[{"damage":0,"enemies":"2 Louse","floor":1,"turns":1},{"damage":0,"enemies":"Cultist","floor":4,"turns":1},{"damage":0,"enemies":"Gremlin Nob","floor":6,"turns":1},{"damage":12,"enemies":"Lagavulin","floor":8,"turns":8}],"seed_played":"5298566587960367506","potions_obtained":[],"is_trial":false,"path_per_floor":["M","?","$","M","?","E","R","E"],"character_chosen":"THE_SILENT","items_purchased":[],"campfire_rested":0,"item_purchase_floors":[],"current_hp_per_floor":[59,59,59,59,41,41,41,29,29],"gold":162,"neow_bonus":"THREE_ENEMY_KILL","is_daily":false,"chose_seed":false,"campfire_upgraded":1,"win_rate":0.0,"timestamp":1612163689,"path_taken":["M","?","$","M","?","E","R","E"],"items_purchased_type":[],"build_version":"2020-12-22","purchased_purges":0,"victory":false,"max_hp_per_floor":[66,60,60,60,60,60,60,60,60],"card_choices":[{"not_picked":["Deflect","Dodge and Roll","Expertise"],"picked":"SKIP","floor":1},{"not_picked":["Quick Slash","Deadly Poison","Flying Knee"],"picked":"SKIP","floor":4},{"not_picked":["Deadly Poison","PiercingWail"],"picked":"Blade Dance","floor":6}],"player_experience":1314168,"relics_obtained":[{"floor":6,"key":"Ancient Tea Set"}],"event_choices":[{"damage_healed":0,"gold_gain":0,"player_choice":"Lose Max HP","damage_taken":0,"relics_obtained":["Golden Idol"],"max_hp_gain":0,"max_hp_loss":6,"event_name":"Golden Idol","floor":2,"gold_loss":0},{"damage_healed":0,"gold_gain":0,"player_choice":"Entered Light","damage_taken":18,"max_hp_gain":0,"max_hp_loss":0,"event_name":"Shining Light","floor":5,"gold_loss":0,"cards_upgraded":["Survivor","Strike_G"]}],"is_beta":false,"boss_relics":[],"items_purged_floors":[],"is_endless":false,"potions_floor_spawned":[],"killed_by":"Lagavulin","ascension_level":19}}