{"host":"zfh44j5h77tkupss","time":1612178215,"event":{"mods":["AchievementEnabler","BaseMod","Bestiary","Better Skull","Better Third Choice","Better Vampires","Colored Map","Colored Powertips","Highlight Path","Minty Spire (QoL Compilation)","Permanent Neow","Quick Restart","Rare Cards Sparkle","Relic Stats","StSLib"],"gold_per_floor":[110,110,110,129,142,175,175,201,228,71,71,86,86,101,101,205,205,224,149,164,184,202,202,234,234,279,312,85,115,115,127,127,227,227,241,261,261,261,274,274,20,53,78,89,89,121,133,159,159,159],"floor_reached":51,"language":"ENG","playtime":3285,"items_purged":["Defend_G","Defend_G"],"score":1187,"play_id":"dfc2a51f-8ace-4a79-ac96-dc7b5034f5c9","local_time":"20210201121655","is_ascension_mode":true,"campfire_choices":[{"floor":7.0,"key":"REST"},{"floor":13.0,"key":"REST"},{"floor":15.0,"key":"REST"},{"floor":23.0,"key":"REST"},{"floor":25.0,"key":"REST"},{"floor":32,"key":"REST"},{"floor":40,"key":"REST"},{"data":"A Thousand Cuts","floor":45,"key":"SMITH"},{"data":"Escape Plan","floor":49,"key":"SMITH"}],"circlet_count":0,"master_deck":["Survivor+1","Neutralize+1","Distraction","Doppelganger","Noxious Fumes","Phantasmal Killer","Infinite Blades","Unload","Bullet Time+1","A Thousand Cuts+1","Bane+1","Acrobatics+1","Escape Plan+1","Tools of the Trade","Backstab+1","Adrenaline+1","Bite","Bite+1","Bite+1","Adrenaline","Underhanded Strike+1","Transmutation+1","Caltrops+1","Acrobatics+1","A Thousand Cuts+1","After Image","Noxious Fumes"],"relics":["Ring of the Snake","Torii","Dream Catcher","Strawberry","Toy Ornithopter","CultistMask","Astrolabe","Boot","Ancient Tea Set","Mummified Hand","Sling","Mercury Hourglass","HoveringKite","Whetstone","War Paint","Lantern","Nunchaku","Pocketwatch"],"acts_visited":["Exordium","TheCity","TheBeyond"],"potions_floor_usage":[27,27,33,36,48,50,50,50,50,50],"damage_taken":[{"damage":2.0,"enemies":"Cultist","floor":1.0,"turns":6.0},{"damage":1.0,"enemies":"Jaw Worm","floor":4.0,"turns":4.0},{"damage":2.0,"enemies":"2 Louse","floor":5.0,"turns":3.0},{"damage":25.0,"enemies":"Gremlin Nob","floor":6.0,"turns":6.0},{"damage":10.0,"enemies":"Lagavulin","floor":8.0,"turns":8.0},{"damage":7.0,"enemies":"Red Slaver","floor":12.0,"turns":4.0},{"damage":2.0,"enemies":"Looter","floor":14.0,"turns":4.0},{"damage":55.0,"enemies":"The Guardian","floor":16.0,"turns":9.0},{"damage":6.0,"enemies":"Spheric Guardian","floor":18.0,"turns":3.0},{"damage":0.0,"enemies":"3 Byrds","floor":20.0,"turns":3.0},{"damage":7.0,"enemies":"3 Cultists","floor":21.0,"turns":4.0},{"damage":12.0,"enemies":"Cultist and Chosen","floor":22.0,"turns":3.0},{"damage":36.0,"enemies":"Slavers","floor":24.0,"turns":5.0},{"damage":1,"enemies":"Gremlin Leader","floor":27,"turns":3},{"damage":22,"enemies":"Book of Stabbing","floor":29,"turns":5},{"damage":12,"enemies":"Centurion and Healer","floor":31,"turns":5},{"damage":59,"enemies":"Collector","floor":33,"turns":6},{"damage":15,"enemies":"3 Darklings","floor":35,"turns":2},{"damage":1,"enemies":"3 Shapes","floor":36,"turns":2},{"damage":31,"enemies":"Jaw Worm Horde","floor":39,"turns":3},{"damage":0,"enemies":"Giant Head","floor":42,"turns":3},{"damage":0,"enemies":"Sphere and 2 Shapes","floor":44,"turns":2},{"damage":19,"enemies":"Nemesis","floor":46,"turns":3},{"damage":0,"enemies":"Transient","floor":47,"turns":5},{"damage":0,"enemies":"Reptomancer","floor":48,"turns":2},{"damage":35,"enemies":"Donu and Deca","floor":50,"turns":4}],"seed_played":"1072091861464374482","potions_obtained":[{"floor":4.0,"key":"AttackPotion"},{"floor":5.0,"key":"Energy Potion"},{"floor":8.0,"key":"Strength Potion"},{"floor":12.0,"key":"DuplicationPotion"},{"floor":20.0,"key":"LiquidMemories"},{"floor":24.0,"key":"Swift Potion"},{"floor":27,"key":"Explosive Potion"},{"floor":29,"key":"DuplicationPotion"},{"floor":33,"key":"PowerPotion"},{"floor":35,"key":"Dexterity Potion"},{"floor":39,"key":"EntropicBrew"}],"is_trial":false,"path_per_floor":["M","?","?","M","M","E","R","E","T","$","?","M","R","M","R","B",null,"M","?","M","M","M","R","E","R","T","E","$","E","?","M","R","B",null,"M","M","?","?","M","R","$","E","T","M","R","E","M","E","R","B",null],"character_chosen":"THE_SILENT","items_purchased":["Toy Ornithopter","Sling","Whetstone"],"campfire_rested":7,"item_purchase_floors":[10,28,41],"current_hp_per_floor":[43,29,29,28,26,1,22,12,19,19,19,14,37,37,60,12,61,57,57,59,54,49,72,38,61,61,72,72,52,52,46,69,33,66,55,61,61,61,36,59,59,67,67,75,75,61,77,77,77,77],"gold":159,"neow_bonus":"ONE_RARE_RELIC","is_daily":false,"chose_seed":false,"campfire_upgraded":2,"win_rate":0.0,"timestamp":1612178215,"path_taken":["M","?","?","M","?","E","R","E","T","$","?","?","R","M","R","BOSS","M","?","M","M","M","R","E","R","T","E","$","E","?","M","R","BOSS","M","M","?","?","?","R","$","E","T","M","R","E","M","E","R","BOSS"],"items_purchased_type":["Relic","Relic","Relic"],"build_version":"2020-12-22","purchased_purges":2,"victory":true,"max_hp_per_floor":[70,70,70,70,70,70,70,70,77,77,77,77,77,77,77,77,77,77,77,77,77,77,77,77,77,77,77,77,77,77,77,77,77,77,77,77,77,77,77,77,77,77,77,77,77,77,77,77,77,77],"relic_stats":{"Torii":54,"counters":[26,107],"Astrolabe":["Bullet Time","A Thousand Cuts","Bane"],"HoveringKite":[22],"Whetstone":["Bite","Bite"],"War Paint":["Adrenaline","Transmutation"],"Boot":[32],"Mercury Hourglass":[163],"Dream Catcher":7,"Nunchaku":[5],"Mummified Hand":[41],"obtain_stats":[{"Lantern":43,"Torii":0,"Astrolabe":17,"HoveringKite":34,"Whetstone":41,"War Paint":42,"Boot":24,"Ancient Tea Set":26,"Sling":28,"Mercury Hourglass":29,"Blood Vial":8,"Dream Catcher":6,"Nunchaku":46,"Mummified Hand":27,"Strawberry":9,"CultistMask":11,"Toy Ornithopter":10,"Ring of the Snake":0,"Pocketwatch":48},{"Lantern":21,"Torii":0,"Astrolabe":8,"HoveringKite":17,"Whetstone":20,"War Paint":21,"Boot":13,"Ancient Tea Set":13,"Sling":14,"Mercury Hourglass":15,"Blood Vial":5,"Dream Catcher":4,"Nunchaku":23,"Mummified Hand":14,"Strawberry":5,"CultistMask":5,"Toy Ornithopter":5,"Ring of the Snake":0,"Pocketwatch":25},{"Lantern":91,"Torii":0,"Astrolabe":44,"HoveringKite":81,"Whetstone":88,"War Paint":91,"Boot":62,"Ancient Tea Set":62,"Sling":65,"Mercury Hourglass":70,"Blood Vial":27,"Dream Catcher":19,"Nunchaku":96,"Mummified Hand":65,"Strawberry":27,"CultistMask":27,"Toy Ornithopter":27,"Ring of the Snake":0,"Pocketwatch":103}],"Toy Ornithopter":54,"Ring of the Snake":[52],"Pocketwatch":[0]},"card_choices":[{"not_picked":["Outmaneuver","Blade Dance"],"picked":"Distraction","floor":1.0},{"not_picked":["Blade Dance","Predator"],"picked":"Doppelganger","floor":4.0},{"not_picked":["Bane","Poisoned Stab","Slice"],"picked":"SKIP","floor":5.0},{"not_picked":["Finisher","Cloak And Dagger"],"picked":"Noxious Fumes","floor":6.0},{"not_picked":["Dagger Throw","Dodge and Roll"],"picked":"Phantasmal Killer","floor":8.0},{"not_picked":["Dagger Spray","Dodge and Roll"],"picked":"Infinite Blades","floor":12.0},{"not_picked":["Deadly Poison","Backflip","Crippling Poison"],"picked":"SKIP","floor":14.0},{"not_picked":["Wraith Form v2","Burst"],"picked":"Unload","floor":16.0},{"not_picked":["Crippling Poison","Dagger Throw","Slice+1"],"picked":"SKIP","floor":18.0},{"not_picked":["Slice","Deadly Poison"],"picked":"Acrobatics+1","floor":20.0},{"not_picked":["Outmaneuver","Prepared+1","Dodge and Roll"],"picked":"SKIP","floor":21.0},{"not_picked":["Catalyst","Deflect+1"],"picked":"Escape Plan","floor":22.0},{"not_picked":["Dash","Cloak And Dagger"],"picked":"Tools of the Trade","floor":23.0},{"not_picked":["Quick Slash","Masterful Stab","PiercingWail+1"],"picked":"SKIP","floor":24.0},{"not_picked":["Poisoned Stab+1","Underhanded Strike"],"picked":"Backstab+1","floor":25.0},{"not_picked":["Sucker Punch","Bane","Cloak And Dagger"],"picked":"SKIP","floor":27},{"not_picked":["Footwork+1","Acrobatics+1"],"picked":"Adrenaline","floor":29},{"not_picked":["Sucker Punch","Dagger Throw+1","Blade Dance+1"],"picked":"SKIP","floor":31},{"not_picked":["Grand Finale","Venomology"],"picked":"Adrenaline","floor":33},{"not_picked":["Backflip","Quick Slash","Bane"],"picked":"SKIP","floor":35},{"not_picked":["Quick Slash+1","Sucker Punch+1"],"picked":"Underhanded Strike+1","floor":36},{"not_picked":["Dark Shackles","Madness"],"picked":"Transmutation","floor":37},{"not_picked":["Flying Knee+1","Prepared"],"picked":"Caltrops+1","floor":39},{"not_picked":["Deadly Poison+1","Setup+1"],"picked":"Acrobatics+1","floor":40},{"not_picked":["Deadly Poison+1","Acrobatics","Quick Slash"],"picked":"SKIP","floor":42},{"not_picked":["Acrobatics+1","Tactician+1"],"picked":"A Thousand Cuts","floor":44},{"not_picked":["PiercingWail","Underhanded Strike+1"],"picked":"After Image","floor":46},{"not_picked":["Outmaneuver+1","Blur"],"picked":"Noxious Fumes","floor":47},{"not_picked":["Riddle With Holes","Bane","Sucker Punch+1"],"picked":"SKIP","floor":48}],"player_experience":337125,"relics_obtained":[{"floor":6.0,"key":"Dream Catcher"},{"floor":8.0,"key":"Blood Vial"},{"floor":9.0,"key":"Strawberry"},{"floor":24.0,"key":"Boot"},{"floor":26.0,"key":"Ancient Tea Set"},{"floor":27,"key":"Mummified Hand"},{"floor":29,"key":"Mercury Hourglass"},{"floor":42,"key":"War Paint"},{"floor":43,"key":"Lantern"},{"floor":46,"key":"Nunchaku"},{"floor":48,"key":"Pocketwatch"}],"event_choices":[{"damage_healed":43.0,"max_hp_gain":0.0,"max_hp_loss":70.0,"gold_gain":0.0,"event_name":"betterThird:BetterShining","player_choice":"Upgrade","floor":2.0,"gold_loss":0.0,"damage_taken":14.0,"cards_upgraded":["Strike_G","Survivor"]},{"damage_healed":0.0,"max_hp_gain":0.0,"max_hp_loss":0.0,"gold_gain":0.0,"event_name":"Accursed Blacksmith","player_choice":"Forge","floor":3.0,"gold_loss":0.0,"damage_taken":0.0,"cards_upgraded":["Neutralize"]},{"damage_healed":0.0,"max_hp_gain":0.0,"max_hp_loss":0.0,"gold_gain":0.0,"event_name":"FaceTrader","player_choice":"Trade","floor":11.0,"gold_loss":0.0,"damage_taken":0.0,"relics_obtained":["CultistMask"]},{"cards_removed":["Strike_G"],"damage_healed":0.0,"max_hp_gain":0.0,"max_hp_loss":0.0,"gold_gain":0.0,"event_name":"Beggar","player_choice":"Gave Gold","floor":19.0,"gold_loss":75.0,"damage_taken":0.0},{"damage_healed":0,"gold_gain":0,"player_choice":"Became a vampire (Vial)","damage_taken":0,"max_hp_gain":0,"max_hp_loss":0,"event_name":"Vampires","floor":30,"relics_lost":["Blood Vial"],"gold_loss":0,"cards_obtained":["Bite","Bite","Bite"]},{"damage_healed":0,"gold_gain":0,"player_choice":"Memory 1","damage_taken":0,"max_hp_gain":0,"max_hp_loss":0,"event_name":"SensoryStone","floor":37,"gold_loss":0},{"cards_removed":["Defend_G"],"damage_healed":0,"gold_gain":0,"player_choice":"Offered Basic","damage_taken":0,"max_hp_gain":0,"max_hp_loss":0,"event_name":"Bonfire Elementals","floor":38,"gold_loss":0}],"is_beta":false,"boss_relics":[{"not_picked":["Ectoplasm","Tiny House"],"picked":"Astrolabe"},{"not_picked":["WristBlade","SlaversCollar"],"picked":"HoveringKite"}],"items_purged_floors":[28,41],"is_endless":false,"potions_floor_spawned":[4,5,8,12,20,24,27,29,33,35,39,44],"ascension_level":8}}