{"host":"nia1zwr35jsu5y7h","time":1612183390,"event":{"mods":["2.2 Compatiblity","Abigail Mod","Bard","BaseMod","Colored Map","Conspire","Downfall","Friendly Minions","Hermit","Highlight Path","Hubris","Infinite Spire","Kiyohime????","Koishi","Marisa????????","Minty Spire (QoL Compilation)","Quick Restart","Replay The Spire","Shade Mod","Shop Mod","StSLib","The Administrix","The Animator","The Construct","The Cursed","The Disciple","The Mystic","The Necromancer","The Servant 0.9.4"],"gold_per_floor":[11,38,38,65,65,65,65],"floor_reached":6,"language":"ENG","playtime":451,"items_purged":[],"score":41,"play_id":"d2f6f033-927f-40f8-b199-53fec3cbb15b","local_time":"20210201044310","is_ascension_mode":true,"campfire_choices":[],"circlet_count":0,"master_deck":["animator:Strike_MadokaMagica","animator:Defend_MadokaMagica","animator:Strike","animator:Strike","animator:Strike","animator:Defend","animator:Defend","animator:Defend","animator:IrohaTamaki","animator:YuiTsuruno","animator:HououinKyouma","animator:CowGirl","animator:Ain","Decay","animator:ElricAlphonse"],"relics":["animator:LivingPicture","animator:TheMissingPiece","animator:PurgingStone","Mummified Hand"],"acts_visited":["Exordium"],"potions_floor_usage":[],"damage_taken":[{"damage":3,"enemies":"2 Louse","floor":1,"turns":3},{"damage":5,"enemies":"Cultist","floor":2,"turns":4},{"damage":21,"enemies":"Small Slimes","floor":4,"turns":5},{"damage":13,"enemies":"Gremlin Nob","floor":6,"turns":3}],"seed_played":"3617522413178993881","potions_obtained":[{"floor":4,"key":"Milkshake"}],"is_trial":false,"path_per_floor":["M","M","?","M","?","E"],"character_chosen":"THE_ANIMATOR","items_purchased":[],"campfire_rested":0,"item_purchase_floors":[],"current_hp_per_floor":[63,58,58,37,25,12,12],"gold":65,"neow_bonus":"RANDOM_COLORLESS_2","is_daily":false,"chose_seed":false,"campfire_upgraded":0,"win_rate":0.0,"timestamp":1612183390,"path_taken":["M","M","?","?","?","E"],"items_purchased_type":[],"build_version":"2020-12-22","purchased_purges":0,"victory":false,"max_hp_per_floor":[66,66,66,66,66,66,66],"card_choices":[{"not_picked":["animator:Kira","animator:Hibiki"],"picked":"animator:HououinKyouma","floor":0},{"not_picked":["animator:Raven","animator:Viivi"],"picked":"animator:CowGirl","floor":1},{"not_picked":["animator:Kaijin","animator:Aqua"],"picked":"animator:Ain","floor":2},{"not_picked":["animator:Kaijin","animator:YaoHaDucy"],"picked":"animator:ElricAlphonse","floor":4}],"player_experience":2296434,"relics_obtained":[],"event_choices":[{"damage_healed":0,"gold_gain":0,"player_choice":"Cursed","damage_taken":0,"max_hp_gain":0,"max_hp_loss":0,"event_name":"Wheel of Change","floor":3,"gold_loss":0,"cards_obtained":["Decay"]},{"damage_healed":0,"gold_gain":0,"player_choice":"Success","damage_taken":12,"relics_obtained":["Mummified Hand"],"max_hp_gain":0,"max_hp_loss":0,"event_name":"Scrap Ooze","floor":5,"gold_loss":0}],"is_beta":false,"boss_relics":[],"items_purged_floors":[],"is_endless":false,"potions_floor_spawned":[4],"killed_by":"Gremlin Nob","ascension_level":3}}