{"host":"Qube","time":1612149986,"event":{"mods":["AchievementEnabler","BaseMod","Colored Map","Colored Powertips","Highlight Path","Minty Spire (QoL Compilation)","Permanent Neow","Quick Restart","Random Character Button","StSLib"],"gold_per_floor":[14,28,48,48,68,97,97,125,170,170,192,192,218,244,244,327,327,352,27,72,90,108,108,108,108],"floor_reached":24,"language":"ENG","playtime":3740,"items_purged":[],"score":441,"play_id":"64c91bcd-609f-41f1-9441-154cece4eeab","local_time":"20210131192626","is_ascension_mode":true,"campfire_choices":[{"floor":7.0,"key":"REST"},{"data":"Zap","floor":10.0,"key":"SMITH"},{"data":"Hologram","floor":12.0,"key":"SMITH"},{"data":"Glacier","floor":15.0,"key":"SMITH"},{"data":"Fission","floor":23.0,"key":"SMITH"}],"circlet_count":0,"master_deck":["AscendersBane","Defend_B","Defend_B+1","Defend_B+1","Zap+1","Dualcast","Gash","Gash","Leap","Sweeping Beam","Steam","Multi-Cast","Hologram+1","Rip and Tear","Glacier+1","Fission+1","Cold Snap+1","Bite","Bite","Bite","Bite","Conserve Battery","Panache"],"relics":["Cracked Core","Calipers","DataDisk","White Beast Statue","CeramicFish","SacredBark","Unceasing Top"],"acts_visited":["Exordium","TheCity"],"potions_floor_usage":[24],"damage_taken":[{"damage":7.0,"enemies":"Jaw Worm","floor":1.0,"turns":3.0},{"damage":2.0,"enemies":"2 Louse","floor":2.0,"turns":2.0},{"damage":3.0,"enemies":"Small Slimes","floor":3.0,"turns":3.0},{"damage":1.0,"enemies":"3 Louse","floor":5.0,"turns":3.0},{"damage":2.0,"enemies":"Lagavulin","floor":6.0,"turns":6.0},{"damage":25.0,"enemies":"Gremlin Nob","floor":8.0,"turns":4.0},{"damage":0.0,"enemies":"2 Fungi Beasts","floor":11.0,"turns":2.0},{"damage":3.0,"enemies":"Looter","floor":13.0,"turns":3.0},{"damage":0.0,"enemies":"Blue Slaver","floor":14.0,"turns":3.0},{"damage":11.0,"enemies":"Hexaghost","floor":16.0,"turns":14.0},{"damage":0.0,"enemies":"Spheric Guardian","floor":18.0,"turns":3.0},{"damage":19.0,"enemies":"3 Byrds","floor":21.0,"turns":8.0},{"damage":49,"enemies":"Gremlin Leader","floor":24,"turns":5}],"seed_played":"-1056992481860284639","potions_obtained":[{"floor":1.0,"key":"PowerPotion"},{"floor":3.0,"key":"SneckoOil"},{"floor":8.0,"key":"GamblersBrew"},{"floor":11.0,"key":"PowerPotion"},{"floor":13.0,"key":"EssenceOfSteel"},{"floor":16.0,"key":"AttackPotion"},{"floor":18.0,"key":"Regen Potion"},{"floor":21.0,"key":"DistilledChaos"}],"is_trial":false,"path_per_floor":["M","M","M","?","M","E","R","E","T","R","M","R","M","M","R","B",null,"M","$","?","M","?","R","E"],"character_chosen":"DEFECT","items_purchased":["Unceasing Top"],"campfire_rested":1,"item_purchase_floors":[19],"current_hp_per_floor":[57,55,52,31,30,28,49,24,24,24,24,24,21,21,21,10,56,56,56,49,34,34,34,0,0],"gold":108,"neow_bonus":"ONE_RARE_RELIC","is_daily":false,"chose_seed":false,"campfire_upgraded":4,"win_rate":0.0,"timestamp":1612149986,"path_taken":["M","M","M","?","M","E","R","E","T","R","M","R","M","M","R","BOSS","M","$","?","M","?","R","E"],"items_purchased_type":["Relic"],"build_version":"2020-12-18","purchased_purges":0,"victory":false,"max_hp_per_floor":[71,71,71,71,71,71,71,71,71,71,71,71,71,71,71,71,71,71,71,49,49,49,49,49,49],"card_choices":[{"not_picked":["Undo","Auto Shields"],"picked":"Gash","floor":1.0},{"not_picked":["Hologram","Steam"],"picked":"Gash","floor":2.0},{"not_picked":["Coolheaded","Recycle"],"picked":"Leap","floor":3.0},{"not_picked":["Streamline","Stack"],"picked":"Sweeping Beam","floor":5.0},{"not_picked":["Go for the Eyes","Sweeping Beam"],"picked":"Steam","floor":6.0},{"not_picked":["Redo","Defragment"],"picked":"Multi-Cast","floor":8.0},{"not_picked":["Genetic Algorithm","Hello World"],"picked":"Hologram","floor":11.0},{"not_picked":["Beam Cell","Chaos"],"picked":"Rip and Tear","floor":13.0},{"not_picked":["Tempest","Static Discharge"],"picked":"Glacier","floor":14.0},{"not_picked":["Seek","Thunder Strike"],"picked":"Fission","floor":16.0},{"not_picked":["Streamline","Fusion"],"picked":"Cold Snap+1","floor":18.0},{"not_picked":["Sweeping Beam","Stack","Hologram"],"picked":"SKIP","floor":21.0}],"player_experience":1030029,"relics_obtained":[{"floor":6.0,"key":"DataDisk"},{"floor":8.0,"key":"White Beast Statue"},{"floor":9.0,"key":"CeramicFish"}],"event_choices":[{"damage_healed":0.0,"max_hp_gain":0.0,"max_hp_loss":0.0,"gold_gain":0.0,"event_name":"Shining Light","player_choice":"Entered Light","floor":4.0,"gold_loss":0.0,"damage_taken":21.0,"cards_upgraded":["Defend_B","Defend_B"]},{"damage_healed":0.0,"max_hp_gain":0.0,"max_hp_loss":22.0,"gold_gain":0.0,"event_name":"Vampires","player_choice":"Became a vampire","floor":20.0,"gold_loss":0.0,"damage_taken":0.0,"cards_obtained":["Bite","Bite","Bite","Bite","Bite"]},{"damage_healed":0.0,"max_hp_gain":0.0,"max_hp_loss":0.0,"gold_gain":0.0,"cards_transformed":["Defend_B","Bite"],"event_name":"Drug Dealer","player_choice":"Became Test Subject","floor":22.0,"gold_loss":0.0,"damage_taken":0.0,"cards_obtained":["Conserve Battery","Panache"]}],"is_beta":true,"boss_relics":[{"not_picked":["Runic Dome","Busted Crown"],"picked":"SacredBark"}],"items_purged_floors":[],"is_endless":false,"potions_floor_spawned":[1,3,8,11,13,14,16,18,21],"killed_by":"Gremlin Leader","ascension_level":20}}