{"host":"6pfj0wha12yu6wq3","time":1612192159,"event":{"mods":["AchievementEnabler","BaseMod","Colored Map","Colored Powertips","Curses Come First","DeckTracker","Minty Spire (QoL Compilation)","RNG Fix","Relic Sorter","Relic Stats","StSLib","UnlockEverythingMod","ojb\u0027s Better Paths Mod","ojb\u0027s Info Mod"],"gold_per_floor":[117,117,16,16,30,30,47,78,105,125,125,138,138,169,169,241,241,252,167,167,178,178,208,208,223,223,9,109,109,135,135,135,206,206,217,217,70,81,93,93,93],"floor_reached":40,"language":"ENG","playtime":3810,"items_purged":["Writhe","Strike_G","Strike_G"],"score":914,"play_id":"ef775f01-6c13-4ee8-9b45-3841f9721451","local_time":"20210201100919","is_ascension_mode":true,"campfire_choices":[{"data":"Dash","floor":6.0,"key":"SMITH"},{"data":"Eviscerate","floor":13.0,"key":"SMITH"},{"data":"Burst","floor":15.0,"key":"SMITH"},{"data":"Malaise","floor":24.0,"key":"SMITH"},{"data":"Neutralize","floor":32.0,"key":"SMITH"}],"circlet_count":0,"master_deck":["AscendersBane","Strike_G","Strike_G","Defend_G","Defend_G","Defend_G","Survivor","Neutralize+1","Acrobatics","Dagger Throw","Dash+1","Poisoned Stab","Backstab","Reflex","Burst+1","Eviscerate+1","Blade Dance","Malaise+1","Underhanded Strike+1","Blur","Bullet Time","Outmaneuver+1","Phantasmal Killer","Malaise+1","Dagger Throw+1"],"relics":["Ring of the Snake","Mercury Hourglass","Pantograph","Tiny Chest","Ninja Scroll","HoveringKite","Bronze Scales","Gambling Chip","Mummified Hand","Sundial","Membership Card","Unceasing Top","White Beast Statue","Ancient Tea Set","InkBottle","Orichalcum","Runic Dome","DollysMirror"],"acts_visited":["Exordium","TheCity","TheBeyond"],"potions_floor_usage":[33,33,39,40],"damage_taken":[{"damage":7.0,"enemies":"Jaw Worm","floor":1.0,"turns":4.0},{"damage":0.0,"enemies":"2 Louse","floor":5.0,"turns":2.0},{"damage":0.0,"enemies":"Cultist","floor":7.0,"turns":3.0},{"damage":23.0,"enemies":"Gremlin Nob","floor":8.0,"turns":4.0},{"damage":5.0,"enemies":"3 Louse","floor":10.0,"turns":3.0},{"damage":0.0,"enemies":"Large Slime","floor":12.0,"turns":4.0},{"damage":3.0,"enemies":"3 Sentries","floor":14.0,"turns":6.0},{"damage":11.0,"enemies":"Slime Boss","floor":16.0,"turns":8.0},{"damage":0.0,"enemies":"Spheric Guardian","floor":18.0,"turns":3.0},{"damage":0.0,"enemies":"3 Byrds","floor":21.0,"turns":2.0},{"damage":9.0,"enemies":"Slavers","floor":23.0,"turns":4.0},{"damage":0.0,"enemies":"Centurion and Healer","floor":25.0,"turns":4.0},{"damage":0.0,"enemies":"Colosseum Slavers","floor":28.0,"turns":3.0},{"damage":5.0,"enemies":"Colosseum Nobs","floor":28.0,"turns":4.0},{"damage":0.0,"enemies":"Book of Stabbing","floor":30.0,"turns":4.0},{"damage":39,"enemies":"Champ","floor":33,"turns":16},{"damage":0,"enemies":"3 Darklings","floor":35,"turns":4},{"damage":0,"enemies":"3 Shapes","floor":38,"turns":6},{"damage":25,"enemies":"Spire Growth","floor":39,"turns":5},{"damage":55,"enemies":"Giant Head","floor":40,"turns":6}],"seed_played":"-1226413149969121918","potions_obtained":[{"floor":10.0,"key":"Dexterity Potion"},{"floor":12.0,"key":"FearPotion"},{"floor":14.0,"key":"EssenceOfSteel"},{"floor":18.0,"key":"FearPotion"},{"floor":21.0,"key":"SkillPotion"},{"floor":28.0,"key":"PowerPotion"},{"floor":30.0,"key":"ColorlessPotion"},{"floor":33,"key":"SkillPotion"},{"floor":35,"key":"LiquidBronze"},{"floor":38,"key":"Weak Potion"},{"floor":39,"key":"LiquidBronze"}],"is_trial":false,"path_per_floor":["M","?","$","?","M","R","M","E","T","M","?","M","R","E","R","B",null,"M","?","T","M","T","E","R","M","T","$","?","?","E","T","R","B",null,"M","?","$","M","M","E"],"character_chosen":"THE_SILENT","items_purchased":["Poisoned Stab","Membership Card","DollysMirror"],"campfire_rested":0,"item_purchase_floors":[3,27,37],"current_hp_per_floor":[52,17,17,39,39,39,39,16,16,11,11,11,11,8,8,22,55,55,55,55,55,55,46,46,46,46,46,41,41,41,41,41,27,56,56,56,56,56,31,0,0],"gold":93,"neow_bonus":"TRANSFORM_TWO_CARDS","is_daily":false,"chose_seed":false,"campfire_upgraded":5,"win_rate":0.0,"timestamp":1612192159,"path_taken":["M","?","$","?","M","R","?","E","T","M","?","M","R","E","R","BOSS","M","?","?","M","?","E","R","M","T","?","?","?","E","?","R","BOSS","M","?","?","M","M","E"],"items_purchased_type":["Card","Relic","Relic"],"build_version":"2020-12-22","purchased_purges":3,"victory":false,"max_hp_per_floor":[66,66,66,66,66,66,66,66,66,66,66,66,66,66,66,66,66,66,66,66,66,66,66,66,66,66,66,66,66,66,66,66,66,66,66,66,66,66,66,66,66],"relic_stats":{"counters":[20,92],"HoveringKite":[42],"Orichalcum":[18],"Mercury Hourglass":[310],"Mummified Hand":[0],"Sundial":[10],"Pantograph":50,"Bronze Scales":[150],"Gambling Chip":[64],"Tiny Chest":2,"obtain_stats":[{"HoveringKite":17,"Orichalcum":31,"Ancient Tea Set":29,"White Beast Statue":28,"Mercury Hourglass":2,"Runic Dome":34,"Ninja Scroll":14,"Mummified Hand":23,"Sundial":26,"DollysMirror":37,"Pantograph":8,"Bronze Scales":19,"Gambling Chip":22,"Tiny Chest":9,"Membership Card":27,"Unceasing Top":28,"InkBottle":30,"Ring of the Snake":0},{"HoveringKite":8,"Orichalcum":15,"Ancient Tea Set":14,"White Beast Statue":14,"Mercury Hourglass":1,"Runic Dome":16,"Ninja Scroll":7,"Mummified Hand":11,"Sundial":12,"DollysMirror":17,"Pantograph":4,"Bronze Scales":9,"Gambling Chip":10,"Tiny Chest":4,"Membership Card":12,"Unceasing Top":14,"InkBottle":15,"Ring of the Snake":0},{"HoveringKite":32,"Orichalcum":55,"Ancient Tea Set":52,"White Beast Statue":52,"Mercury Hourglass":4,"Runic Dome":71,"Ninja Scroll":25,"Mummified Hand":41,"Sundial":45,"DollysMirror":75,"Pantograph":13,"Bronze Scales":35,"Gambling Chip":37,"Tiny Chest":13,"Membership Card":45,"Unceasing Top":52,"InkBottle":55,"Ring of the Snake":0}],"Unceasing Top":[14],"InkBottle":[21],"Ring of the Snake":[40]},"card_choices":[{"not_picked":["Crippling Poison","Predator"],"picked":"Dash","floor":1.0},{"not_picked":["Footwork","Acrobatics","Outmaneuver"],"picked":"SKIP","floor":5.0},{"not_picked":["Endless Agony","Blade Dance"],"picked":"Backstab","floor":7.0},{"not_picked":["Poisoned Stab","Bane"],"picked":"Reflex","floor":8.0},{"not_picked":["Prepared","Deflect","Finisher"],"picked":"SKIP","floor":10.0},{"not_picked":["Prepared","Deflect","Finisher"],"picked":"SKIP","floor":10.0},{"not_picked":["Infinite Blades","Slice"],"picked":"Eviscerate","floor":12.0},{"not_picked":["Slice","Night Terror"],"picked":"Blade Dance","floor":14.0},{"not_picked":["Adrenaline","Grand Finale"],"picked":"Malaise","floor":16.0},{"not_picked":["Poisoned Stab","Masterful Stab+1"],"picked":"Underhanded Strike+1","floor":18.0},{"not_picked":["Poisoned Stab","Dodge and Roll","Underhanded Strike"],"picked":"SKIP","floor":21.0},{"not_picked":["Unload","All Out Attack"],"picked":"Blur","floor":23.0},{"not_picked":["Outmaneuver","Dagger Spray","Bane+1"],"picked":"SKIP","floor":25.0},{"not_picked":["Quick Slash+1","Dagger Spray"],"picked":"Bullet Time","floor":28.0},{"not_picked":["Dagger Spray","Flying Knee"],"picked":"Outmaneuver+1","floor":30.0},{"not_picked":["Grand Finale","Malaise"],"picked":"Phantasmal Killer","floor":33},{"not_picked":["Poisoned Stab","Cloak And Dagger","Noxious Fumes"],"picked":"SKIP","floor":35},{"not_picked":["Predator","Deadly Poison+1","Dagger Throw"],"picked":"SKIP","floor":38},{"not_picked":["Slice","Setup"],"picked":"Dagger Throw+1","floor":39}],"player_experience":576335,"relics_obtained":[{"floor":8.0,"key":"Pantograph"},{"floor":9.0,"key":"Tiny Chest"},{"floor":14.0,"key":"Ninja Scroll"},{"floor":22.0,"key":"Gambling Chip"},{"floor":23.0,"key":"Mummified Hand"},{"floor":26.0,"key":"Sundial"},{"floor":28.0,"key":"Unceasing Top"},{"floor":28.0,"key":"White Beast Statue"},{"floor":30.0,"key":"InkBottle"},{"floor":31.0,"key":"Orichalcum"}],"event_choices":[{"damage_healed":0.0,"max_hp_gain":0.0,"max_hp_loss":0.0,"gold_gain":0.0,"event_name":"Scrap Ooze","player_choice":"Success","floor":2.0,"gold_loss":0.0,"damage_taken":35.0,"relics_obtained":["Mercury Hourglass"]},{"damage_healed":22.0,"max_hp_gain":0.0,"max_hp_loss":0.0,"gold_gain":0.0,"event_name":"Big Fish","player_choice":"Banana","floor":4.0,"gold_loss":0.0,"damage_taken":0.0},{"damage_healed":0.0,"max_hp_gain":0.0,"max_hp_loss":0.0,"gold_gain":0.0,"cards_transformed":["Strike_G"],"event_name":"Living Wall","player_choice":"Change","floor":11.0,"gold_loss":0.0,"damage_taken":0.0,"cards_obtained":["Burst"]},{"damage_healed":0.0,"max_hp_gain":0.0,"max_hp_loss":0.0,"gold_gain":0.0,"event_name":"Addict","player_choice":"Obtained Relic","floor":19.0,"gold_loss":85.0,"damage_taken":0.0,"relics_obtained":["Bronze Scales"]},{"damage_healed":0.0,"max_hp_gain":0.0,"max_hp_loss":0.0,"gold_gain":0.0,"event_name":"Colosseum","player_choice":"Fight","floor":28.0,"gold_loss":0.0,"damage_taken":0.0},{"damage_healed":0.0,"max_hp_gain":0.0,"max_hp_loss":0.0,"gold_gain":0.0,"event_name":"Colosseum","player_choice":"Fought Nobs","floor":28.0,"gold_loss":0.0,"damage_taken":0.0},{"damage_healed":0.0,"max_hp_gain":0.0,"max_hp_loss":0.0,"gold_gain":0.0,"event_name":"WeMeetAgain","player_choice":"Gave Potion","floor":29.0,"gold_loss":0.0,"damage_taken":0.0,"relics_obtained":["Ancient Tea Set"]},{"damage_healed":0,"gold_gain":0,"player_choice":"Ignored","damage_taken":0,"max_hp_gain":0,"max_hp_loss":0,"event_name":"Tomb of Lord Red Mask","floor":36,"gold_loss":0}],"is_beta":false,"boss_relics":[{"not_picked":["Velvet Choker","Runic Pyramid"],"picked":"HoveringKite"},{"not_picked":["Pandora\u0027s Box","Busted Crown"],"picked":"Runic Dome"}],"items_purged_floors":[3,27,37],"is_endless":false,"potions_floor_spawned":[10,12,14,18,21,28,30,33,35,38,39],"killed_by":"Giant Head","ascension_level":20}}