{"host":"tvwbxqry54t86y0v","time":1612160329,"event":{"mods":["2.2 Compatiblity","A Magickal Journey","Arknights","Astrologer","BaseMod","Beaked The Cultist","BetterRewards","Block Reminder","Clockwork Mod","Colored Powertips","DeckTracker","Downfall","Fiend Mod","GungeonMod","Hermit","Hubris","Infinite Spire","Ironclad Rager","Marked Mod","Mimic Mod","Minty Spire (QoL Compilation)","Potionbrewer","Replay The Spire","Shade Mod","Somnambulant","StSLib","The Bug Knight","The Cursed","The Death Knight","The Druid","The Elementalist","The Exalted","The Forsaken","The Hierophant","The Jungle","The Marked","The Mystic","The Problem Sleuth","The Runesmith","The Senshi","The Spell Scribe","The Valiant","The Wild Card","TheFirefly","TheHeartMod","Unceasing Turn Reminder","thorton"],"gold_per_floor":[109,127,127,145,145,170,170,198,225,225,225,244,264,284,284,380,380,391,391,391,406,420,420,438,438,438,438,438],"floor_reached":27,"language":"ENG","playtime":1721,"items_purged":[],"score":236,"play_id":"4ccf4ab6-c6c7-4db0-b786-f0c8eb7e347f","local_time":"20210201171849","is_ascension_mode":true,"campfire_choices":[{"floor":7,"key":"RECALL"},{"data":"1","floor":11,"key":"LIFT"},{"floor":15,"key":"DIG"},{"data":"HollowMod:HowlingWraiths","floor":23,"key":"SMITH"},{"floor":25,"key":"REST"}],"circlet_count":0,"master_deck":["HollowMod:NailStrikeStart","HollowMod:NailStrikeStart","HollowMod:NailStrikeStart","HollowMod:NailStrikeStart","HollowMod:QuickDashStart","HollowMod:QuickDashStart+1","HollowMod:QuickDashStart","HollowMod:QuickDashStart","HollowMod:FocusHealStart+1","HollowMod:PogoStrike","HollowMod:Hiveblood+1","HollowMod:VengefulSpirit","HollowMod:SiblingsSouls","HollowMod:SlysStrikes+1","HollowMod:CornifersMapStart","HollowMod:HowlingWraiths+1","HollowMod:AwokenDreamNail+1","HollowMod:LifebloodCocoon"],"relics":["HollowMod:VesselMask","Quantum Egg","Girya","DemoMod:MonsterBlood","Replay:Baseball","War Paint","thethorton:BottledFunds","PreservedInsect"],"acts_visited":["Exordium","TheCity"],"potions_floor_usage":[8,12,13,16,22,24],"damage_taken":[{"damage":5,"enemies":"Small Slimes","floor":1,"turns":5},{"damage":0,"enemies":"2 Louse","floor":2,"turns":3},{"damage":0,"enemies":"Cultist","floor":4,"turns":3},{"damage":51,"enemies":"3 Sentries","floor":6,"turns":11},{"damage":40,"enemies":"Gremlin Nob","floor":8,"turns":4},{"damage":10,"enemies":"Lots of Slimes","floor":12,"turns":5},{"damage":43,"enemies":"Exordium Thugs","floor":13,"turns":8},{"damage":4,"enemies":"Looter","floor":14,"turns":4},{"damage":66,"enemies":"Fading Forest","floor":16,"turns":11},{"damage":6,"enemies":"Chosen","floor":18,"turns":6},{"damage":20,"enemies":"3 Byrds","floor":21,"turns":3},{"damage":36,"enemies":"Centurion and Healer","floor":22,"turns":8},{"damage":61,"enemies":"Sentry and Sphere","floor":24,"turns":6},{"damage":33,"enemies":"Slavers","floor":27,"turns":2}],"seed_played":"3529137309093489454","potions_obtained":[{"floor":4,"key":"FearPotion"},{"floor":8,"key":"DemoMod:LeadSkinPotion"},{"floor":12,"key":"Swift Potion"},{"floor":13,"key":"DuplicationPotion"},{"floor":18,"key":"Milkshake"},{"floor":21,"key":"sneckomod:MuddlingPotion"}],"is_trial":false,"path_per_floor":["M","M","?","M","?","E","R","E","T","?","R","M","M","M","R","B",null,"M","?","?","M","M","R","M","R","T","E"],"character_chosen":"THE_BUGKNIGHT","items_purchased":[],"campfire_rested":1,"item_purchase_floors":[],"current_hp_per_floor":[70,75,75,75,75,49,49,31,31,31,31,36,41,43,43,53,82,76,76,52,38,32,32,6,30,30,0,0],"gold":438,"neow_bonus":"ONE_RANDOM_RARE_CARD","is_daily":false,"chose_seed":false,"campfire_upgraded":1,"win_rate":0.0,"timestamp":1612160329,"path_taken":["M","M","?","M","?","E","R","E","T","?","R","M","?","?","R","BOSS","M","?","?","M","M","R","M","R","T","E"],"items_purchased_type":[],"build_version":"2020-12-22","purchased_purges":0,"victory":false,"max_hp_per_floor":[75,75,75,75,75,75,75,82,82,82,82,82,82,82,82,82,82,82,82,82,82,82,82,82,82,82,82,82],"card_choices":[{"not_picked":["HollowMod:SiblingsSouls","HollowMod:WraithStrike","HollowMod:SharpenedNail"],"picked":"SKIP","floor":1},{"not_picked":["HollowMod:DoubleDash","HollowMod:CloakDash"],"picked":"HollowMod:VengefulSpirit","floor":2},{"not_picked":["HollowMod:DreamGate","HollowMod:SiblingsSouls","HollowMod:FastStrike"],"picked":"SKIP","floor":4},{"not_picked":["HollowMod:BrokenVessel","HollowMod:HeavyBlow"],"picked":"HollowMod:SiblingsSouls","floor":6},{"not_picked":["HollowMod:DescendingDark","HollowMod:GreatSlash"],"picked":"HollowMod:SlysStrikes","floor":8},{"not_picked":["HollowMod:SoulShaman","HollowMod:VengefulSpirit"],"picked":"HollowMod:CornifersMapStart","floor":12},{"not_picked":["HollowMod:FallenFury","HollowMod:VengefulVoid","HollowMod:SoulSplash"],"picked":"SKIP","floor":13},{"not_picked":["HollowMod:CoiledNail","HollowMod:InfectedAttack"],"picked":"HollowMod:HowlingWraiths","floor":14},{"not_picked":["HollowMod:HornetsHelp","HollowMod:LordofShades"],"picked":"HollowMod:AwokenDreamNail","floor":16},{"not_picked":["HollowMod:MawleksShell","HollowMod:CornifersMapStart+1","HollowMod:InfectedCysts+1"],"picked":"SKIP","floor":18},{"not_picked":["HollowMod:SoulSplash","HollowMod:HowlingWraiths","HollowMod:DungDefenderAura"],"picked":"SKIP","floor":21},{"not_picked":["HollowMod:SoulSplash","HollowMod:BlackTendrils","HollowMod:SharpenedNail"],"picked":"SKIP","floor":22},{"not_picked":["HollowMod:SoulShaman","HollowMod:SharpenedNail"],"picked":"HollowMod:LifebloodCocoon","floor":24}],"player_experience":1133022,"relics_obtained":[{"floor":3,"key":"Quantum Egg"},{"floor":6,"key":"Girya"},{"floor":8,"key":"DemoMod:MonsterBlood"},{"floor":9,"key":"Replay:Baseball"},{"floor":15,"key":"War Paint"},{"floor":26,"key":"PreservedInsect"}],"event_choices":[{"damage_healed":0,"gold_gain":0,"player_choice":"Ignored","damage_taken":0,"max_hp_gain":0,"max_hp_loss":0,"event_name":"Golden Wing","floor":5,"gold_loss":0},{"damage_healed":0,"gold_gain":0,"player_choice":"Ignored","damage_taken":0,"max_hp_gain":0,"max_hp_loss":0,"event_name":"Purifier","floor":10,"gold_loss":0}],"is_beta":false,"boss_relics":[{"not_picked":["Replay:Grab Bag","ReplayTheSpireMod:DimensionalGlitch"],"picked":"thethorton:BottledFunds"}],"items_purged_floors":[],"is_endless":false,"potions_floor_spawned":[4,8,12,13,18,21],"killed_by":"Slavers","ascension_level":1}}