{"host":"2js2pxuugveqjuf7","time":1612157242,"event":{"mods":["BaseMod","Colored Map","Minty Spire (QoL Compilation)","Quick Restart","Random Character Button","Relic Stats","StSLib"],"gold_per_floor":[17,292,307,11,22,22,22,22,22,22,57,74,94,112,112,217,217,255,296,309,326,21,21,74,74,74,74,99,99],"floor_reached":28,"language":"ENG","playtime":2355,"items_purged":["Regret","Strike_P"],"score":312,"play_id":"55227df3-cb19-4be7-a217-f712937d8899","local_time":"20210131232722","is_ascension_mode":true,"campfire_choices":[{"data":"SandsOfTime","floor":6.0,"key":"SMITH"},{"data":"Eruption","floor":8.0,"key":"SMITH"},{"data":"FearNoEvil","floor":10.0,"key":"SMITH"},{"floor":15,"key":"REST"},{"data":"Meditate","floor":23,"key":"SMITH"},{"data":"1","floor":25,"key":"LIFT"}],"circlet_count":0,"master_deck":["Strike_P","Strike_P","Strike_P","Defend_P","Defend_P","Eruption+1","Vigilance","FearNoEvil+1","SandsOfTime+1","Meditate+1","Collect","Halt","Crescendo","Worship","Worship","Wish","ThirdEye+1","BowlingBash+1","ThirdEye","Worship"],"relics":["PureWater","Chemical X","Yang","Centennial Puzzle","Snecko Eye","PrismaticShard","Girya","Art of War"],"acts_visited":["Exordium","TheCity"],"potions_floor_usage":[18,19,20],"damage_taken":[{"damage":0.0,"enemies":"2 Louse","floor":1.0,"turns":2.0},{"damage":6.0,"enemies":"Cultist","floor":3.0,"turns":4.0},{"damage":4.0,"enemies":"Jaw Worm","floor":5.0,"turns":3.0},{"damage":25.0,"enemies":"3 Sentries","floor":11.0,"turns":6.0},{"damage":1.0,"enemies":"Lots of Slimes","floor":12.0,"turns":3.0},{"damage":0,"enemies":"3 Louse","floor":13,"turns":1},{"damage":3,"enemies":"Gremlin Gang","floor":14,"turns":3},{"damage":36,"enemies":"Hexaghost","floor":16,"turns":6},{"damage":2,"enemies":"Chosen","floor":18,"turns":2},{"damage":0,"enemies":"Shell Parasite","floor":19,"turns":3},{"damage":1,"enemies":"Shelled Parasite and Fungi","floor":20,"turns":2},{"damage":3,"enemies":"Centurion and Healer","floor":21,"turns":2},{"damage":26,"enemies":"Gremlin Leader","floor":24,"turns":4},{"damage":32,"enemies":"Book of Stabbing","floor":28,"turns":3}],"seed_played":"-2239655838722951512","potions_obtained":[{"floor":1.0,"key":"Weak Potion"},{"floor":11.0,"key":"SkillPotion"},{"floor":12.0,"key":"SkillPotion"},{"floor":13,"key":"SpeedPotion"},{"floor":19,"key":"DistilledChaos"},{"floor":21,"key":"Strength Potion"},{"floor":24,"key":"FearPotion"}],"is_trial":false,"path_per_floor":["M","?","M","$","M","R","$","R","T","R","E","M","M","M","R","B",null,"M","M","M","M","$","R","E","R","T","?","E"],"character_chosen":"WATCHER","items_purchased":["Meditate","Chemical X","PrismaticShard","ThirdEye"],"campfire_rested":1,"item_purchase_floors":[4,4,22,22],"current_hp_per_floor":[65,65,59,59,55,55,55,55,55,55,30,29,29,26,47,11,57,55,55,54,51,51,51,25,25,25,25,0,0],"gold":99,"neow_bonus":"REMOVE_TWO","is_daily":false,"chose_seed":false,"campfire_upgraded":4,"win_rate":0.0,"timestamp":1612157242,"path_taken":["M","?","M","$","?","R","?","R","T","R","E","M","M","M","R","BOSS","M","M","M","M","?","R","E","R","T","?","E"],"items_purchased_type":["Card","Relic","Relic","Card"],"build_version":"2020-12-22","purchased_purges":2,"victory":false,"max_hp_per_floor":[72,72,72,72,72,72,72,72,72,72,72,72,72,72,72,72,72,72,72,72,72,72,72,72,72,72,72,72,72],"relic_stats":{"Centennial Puzzle":[24],"counters":[14,44],"Snecko Eye":[32,32,25,27],"Yang":[72],"Art of War":[0],"Chemical X":[6],"obtain_stats":[{"Girya":24,"Centennial Puzzle":11,"Snecko Eye":17,"Yang":9,"Art of War":26,"Chemical X":4,"PureWater":0,"PrismaticShard":22},{"Girya":13,"Centennial Puzzle":4,"Snecko Eye":8,"Yang":3,"Art of War":13,"Chemical X":2,"PureWater":0,"PrismaticShard":12},{"Girya":41,"Centennial Puzzle":15,"Snecko Eye":28,"Yang":9,"Art of War":41,"Chemical X":6,"PureWater":0,"PrismaticShard":37}]},"card_choices":[{"not_picked":["EmptyFist","CrushJoints"],"picked":"FearNoEvil","floor":1.0},{"not_picked":["EmptyFist","ClearTheMind"],"picked":"SandsOfTime","floor":3.0},{"not_picked":["Protect","EmptyMind"],"picked":"Collect","floor":5.0},{"not_picked":["Worship","CutThroughFate"],"picked":"Halt","floor":11.0},{"not_picked":["Perseverance","ReachHeaven"],"picked":"Crescendo","floor":12.0},{"not_picked":["WindmillStrike","Evaluate"],"picked":"Worship","floor":13},{"not_picked":["BowlingBash","Study"],"picked":"Worship","floor":14},{"not_picked":["LessonLearned","DevaForm"],"picked":"Wish","floor":16},{"not_picked":["Collect","Swivel"],"picked":"ThirdEye+1","floor":18},{"not_picked":["Crescendo+1","FearNoEvil"],"picked":"BowlingBash+1","floor":19},{"not_picked":["CutThroughFate","FlurryOfBlows","WindmillStrike+1"],"picked":"SKIP","floor":20},{"not_picked":["BowlingBash","EmptyBody+1","Vengeance"],"picked":"SKIP","floor":21},{"not_picked":["Searing Blow","Deadly Poison"],"picked":"Worship","floor":24}],"player_experience":355583,"relics_obtained":[{"floor":9.0,"key":"Yang"},{"floor":11.0,"key":"Centennial Puzzle"},{"floor":24,"key":"Girya"},{"floor":26,"key":"Art of War"}],"event_choices":[{"damage_healed":0.0,"max_hp_gain":0.0,"max_hp_loss":0.0,"gold_gain":275.0,"event_name":"Golden Shrine","player_choice":"Desecrate","floor":2.0,"gold_loss":0.0,"damage_taken":0.0,"cards_obtained":["Regret"]},{"damage_healed":0,"gold_gain":0,"player_choice":"Ignored","damage_taken":0,"max_hp_gain":0,"max_hp_loss":0,"event_name":"N\u0027loth","floor":27,"gold_loss":0}],"is_beta":false,"boss_relics":[{"not_picked":["Ectoplasm","Calling Bell"],"picked":"Snecko Eye"}],"items_purged_floors":[4,22],"is_endless":false,"potions_floor_spawned":[1,11,12,13,19,21,24],"killed_by":"Book of Stabbing","ascension_level":6}}