{"host":"bf5upntvbdompq33","time":1612161161,"event":{"mods":["BaseMod","Colored Map","Colored Powertips","Curses Come First","Minty Spire (QoL Compilation)","StSLib"],"gold_per_floor":[12,12,12,32,32,66,66,98,98,124,137,148,3,21,21,96,96,112,124,51,71,82,111,111,111,138,138,151,176,190,190,190,262,262,281,15,25,45,56,56,0,0,0,16,16,16,32,51,51,51],"floor_reached":51,"language":"ENG","playtime":3762,"items_purged":["Strike_R","Defend_R"],"score":1091,"play_id":"089af7ca-1560-42f0-86cf-aaf4ceb56d61","local_time":"20210131233241","is_ascension_mode":true,"campfire_choices":[{"data":"Bash","floor":7,"key":"SMITH"},{"floor":15,"key":"REST"},{"data":"Shockwave","floor":24,"key":"SMITH"},{"floor":27,"key":"REST"},{"data":"Flame Barrier","floor":32,"key":"SMITH"},{"data":"Whirlwind","floor":40,"key":"SMITH"},{"data":"Limit Break","floor":42,"key":"SMITH"},{"data":"Parasite","floor":45,"key":"PURGE"},{"data":"Entrench","floor":49,"key":"SMITH"}],"circlet_count":0,"master_deck":["AscendersBane","Defend_R","Defend_R","Defend_R","Bash+1","Cleave","Metallicize","Inflame","Pommel Strike","Battle Trance","Flame Barrier+1","Whirlwind+1","Reaper","Battle Trance+1","True Grit+1","Hemokinesis+1","Flex","Blood for Blood+1","Shockwave+1","Reaper","Armaments+1","Disarm","Shrug It Off","Limit Break+1","Feel No Pain","Intimidate","Flex","Ghostly Armor+1","Rupture+1","Feel No Pain+1","Entrench+1"],"relics":["Burning Blood","StoneCalendar","Mummified Hand","Sundial","White Beast Statue","Bag of Marbles","Astrolabe","Peace Pipe","Anchor","Paper Frog","Mercury Hourglass","Philosopher\u0027s Stone","Red Mask","Shuriken"],"acts_visited":["Exordium","TheCity","TheBeyond"],"potions_floor_usage":[6,16,16,19,21,23,23,28,29,30,33,33,33,39,50,50],"damage_taken":[{"damage":10,"enemies":"Cultist","floor":1,"turns":5},{"damage":7,"enemies":"Small Slimes","floor":4,"turns":4},{"damage":23,"enemies":"3 Sentries","floor":6,"turns":7},{"damage":32,"enemies":"Lagavulin","floor":8,"turns":4},{"damage":16,"enemies":"Gremlin Nob","floor":10,"turns":3},{"damage":7,"enemies":"Jaw Worm","floor":11,"turns":3},{"damage":4,"enemies":"Gremlin Gang","floor":12,"turns":2},{"damage":3,"enemies":"Looter","floor":14,"turns":4},{"damage":18,"enemies":"The Guardian","floor":16,"turns":14},{"damage":8,"enemies":"Shell Parasite","floor":18,"turns":5},{"damage":0,"enemies":"3 Byrds","floor":19,"turns":1},{"damage":9,"enemies":"Shelled Parasite and Fungi","floor":21,"turns":7},{"damage":21,"enemies":"Snake Plant","floor":22,"turns":4},{"damage":71,"enemies":"Gremlin Leader","floor":23,"turns":7},{"damage":13,"enemies":"3 Cultists","floor":28,"turns":5},{"damage":43,"enemies":"Slavers","floor":29,"turns":5},{"damage":8,"enemies":"Snecko","floor":30,"turns":4},{"damage":75,"enemies":"Automaton","floor":33,"turns":11},{"damage":27,"enemies":"3 Shapes","floor":35,"turns":3},{"damage":2,"enemies":"Orb Walker","floor":37,"turns":2},{"damage":12,"enemies":"3 Darklings","floor":38,"turns":5},{"damage":7,"enemies":"Writhing Mass","floor":39,"turns":5},{"damage":2,"enemies":"4 Shapes","floor":44,"turns":3},{"damage":6,"enemies":"Jaw Worm Horde","floor":47,"turns":4},{"damage":2,"enemies":"Sphere and 2 Shapes","floor":48,"turns":2},{"damage":97,"enemies":"Time Eater","floor":50,"turns":8}],"seed_played":"-444998076781948800","potions_obtained":[{"floor":4,"key":"Fire Potion"},{"floor":8,"key":"Dexterity Potion"},{"floor":10,"key":"AttackPotion"},{"floor":11,"key":"Explosive Potion"},{"floor":16,"key":"Dexterity Potion"},{"floor":18,"key":"SkillPotion"},{"floor":19,"key":"Block Potion"},{"floor":21,"key":"Ancient Potion"},{"floor":22,"key":"BloodPotion"},{"floor":23,"key":"DistilledChaos"},{"floor":28,"key":"ColorlessPotion"},{"floor":29,"key":"DuplicationPotion"},{"floor":30,"key":"EntropicBrew"},{"floor":33,"key":"Strength Potion"},{"floor":35,"key":"Weak Potion"},{"floor":39,"key":"SkillPotion"}],"is_trial":false,"path_per_floor":["M","?","?","M","$","E","R","E","T","E","M","M","$","M","R","B",null,"M","M","$","M","M","E","R","?","T","R","M","E","M","?","R","B",null,"M","$","M","M","M","R","?","R","T","M","R","?","M","M","R","B",null],"character_chosen":"IRONCLAD","items_purchased":["Metallicize","Combust","Feel No Pain","Intimidate","Flex"],"campfire_rested":2,"item_purchase_floors":[13,20,36,36,36],"current_hp_per_floor":[68,68,68,67,67,50,50,24,24,14,13,15,15,18,42,30,68,66,72,72,69,60,29,29,29,29,53,73,53,59,59,59,18,65,51,51,55,80,79,79,79,79,79,80,77,77,77,77,77,25],"gold":51,"neow_bonus":"ONE_RARE_RELIC","is_daily":false,"chose_seed":false,"campfire_upgraded":6,"win_rate":0.0,"timestamp":1612161161,"path_taken":["M","?","?","M","$","E","R","E","T","E","M","?","$","M","R","BOSS","M","M","$","M","M","E","R","?","T","R","M","E","?","?","R","BOSS","M","$","M","?","M","R","?","R","T","M","R","?","M","M","R","BOSS"],"items_purchased_type":["Card","Card","Card","Card","Card"],"build_version":"2020-12-22","purchased_purges":2,"victory":true,"max_hp_per_floor":[80,80,80,80,80,80,80,80,80,80,80,80,80,80,80,80,80,80,80,80,80,80,80,80,80,80,80,80,80,80,80,80,80,80,80,80,80,80,80,80,80,80,80,80,77,77,77,77,77,77],"card_choices":[{"not_picked":["Blood for Blood","Iron Wave"],"picked":"Cleave","floor":1},{"not_picked":["Pommel Strike","Clash"],"picked":"Metallicize","floor":4},{"not_picked":["Juggernaut","Rupture"],"picked":"Inflame","floor":6},{"not_picked":["Whirlwind","Corruption"],"picked":"Pommel Strike","floor":8},{"not_picked":["Clash","Pommel Strike"],"picked":"Battle Trance","floor":10},{"not_picked":["Infernal Blade","Cleave","Blood for Blood"],"picked":"SKIP","floor":11},{"not_picked":["Body Slam","Clothesline"],"picked":"Flame Barrier","floor":12},{"not_picked":["Clothesline","Sword Boomerang"],"picked":"Whirlwind","floor":14},{"not_picked":["Fiend Fire","Brutality"],"picked":"Reaper","floor":16},{"not_picked":["Clash","Havoc","Sword Boomerang"],"picked":"SKIP","floor":18},{"not_picked":["Dual Wield+1","Heavy Blade","Bloodletting"],"picked":"SKIP","floor":19},{"not_picked":["Havoc","Thunderclap"],"picked":"Flex","floor":21},{"not_picked":["Fire Breathing","Body Slam"],"picked":"Blood for Blood+1","floor":22},{"not_picked":["Shrug It Off","Intimidate"],"picked":"Shockwave","floor":23},{"not_picked":["Intimidate","Sword Boomerang"],"picked":"Armaments+1","floor":28},{"not_picked":["Sword Boomerang+1","Immolate"],"picked":"Disarm","floor":29},{"not_picked":["Pommel Strike","Clash"],"picked":"Shrug It Off","floor":30},{"not_picked":["Berserk","Immolate"],"picked":"Limit Break","floor":33},{"not_picked":["Warcry","Havoc","Perfected Strike"],"picked":"SKIP","floor":35},{"not_picked":["Perfected Strike+1","Sever Soul+1"],"picked":"Ghostly Armor+1","floor":37},{"not_picked":["Warcry","Havoc+1","Power Through"],"picked":"SKIP","floor":38},{"not_picked":["Reaper","Pommel Strike"],"picked":"Rupture+1","floor":39},{"not_picked":["Infernal Blade","Twin Strike+1"],"picked":"Feel No Pain+1","floor":44},{"not_picked":["Flame Barrier","Cleave"],"picked":"Entrench","floor":47},{"not_picked":["Shrug It Off","Armaments+1","Fire Breathing"],"picked":"SKIP","floor":48}],"player_experience":1285030,"relics_obtained":[{"floor":6,"key":"Mummified Hand"},{"floor":8,"key":"Sundial"},{"floor":9,"key":"White Beast Statue"},{"floor":10,"key":"Bag of Marbles"},{"floor":23,"key":"Peace Pipe"},{"floor":26,"key":"Anchor"},{"floor":29,"key":"Paper Frog"},{"floor":43,"key":"Shuriken"}],"event_choices":[{"damage_healed":0,"gold_gain":0,"player_choice":"Ignored","damage_taken":0,"max_hp_gain":0,"max_hp_loss":0,"event_name":"Golden Idol","floor":2,"gold_loss":0},{"cards_removed":["Strike_R"],"damage_healed":0,"gold_gain":0,"player_choice":"Offered Basic","damage_taken":0,"max_hp_gain":0,"max_hp_loss":0,"event_name":"Bonfire Elementals","floor":3,"gold_loss":0},{"damage_healed":0,"gold_gain":0,"player_choice":"Copied","damage_taken":0,"max_hp_gain":0,"max_hp_loss":0,"event_name":"Duplicator","floor":25,"gold_loss":0,"cards_obtained":["Reaper"]},{"cards_removed":["Combust"],"damage_healed":0,"gold_gain":0,"player_choice":"Gave Card","damage_taken":0,"relics_obtained":["Mercury Hourglass"],"max_hp_gain":0,"max_hp_loss":0,"event_name":"WeMeetAgain","floor":31,"gold_loss":0},{"damage_healed":0,"gold_gain":0,"player_choice":"Paid","damage_taken":0,"relics_obtained":["Red Mask"],"max_hp_gain":0,"max_hp_loss":0,"event_name":"Tomb of Lord Red Mask","floor":41,"gold_loss":56},{"cards_removed":["Metallicize"],"damage_healed":0,"gold_gain":0,"player_choice":"Removed Power","damage_taken":0,"max_hp_gain":0,"max_hp_loss":0,"event_name":"Falling","floor":46,"gold_loss":0}],"is_beta":false,"boss_relics":[{"not_picked":["Ectoplasm","Mark of Pain"],"picked":"Astrolabe"},{"not_picked":["Runic Dome","Empty Cage"],"picked":"Philosopher\u0027s Stone"}],"items_purged_floors":[13,36],"is_endless":false,"potions_floor_spawned":[4,8,10,11,12,14,16,18,19,21,22,23,28,29,30,33,35,37,38,39,44,47,48],"ascension_level":13}}