{"host":"jumrmhf584hajrnz","time":1612203208,"event":{"mods":["BaseMod","Duelist Mod","GifTheSpireLib","Minty Spire (QoL Compilation)","Quick Restart","StSLib"],"gold_per_floor":[136,148,148,140,165,179,193,193,193,196,196,189,189,222,222,300,300,260,260],"floor_reached":18,"language":"ENG","playtime":1310,"items_purged":[],"score":410,"play_id":"62e08b90-8e5d-4340-85aa-3ce22cd79580","local_time":"20210201191328","is_ascension_mode":true,"campfire_choices":[{"floor":8,"key":"REST"},{"floor":15,"key":"REST"}],"circlet_count":0,"master_deck":["AscendersBane","theDuelist:BabyDragon","theDuelist:CastleWalls","theDuelist:CastleWalls","theDuelist:CaveDragon","theDuelist:CaveDragon","theDuelist:LesserDragon","theDuelist:LesserDragon+1","theDuelist:Sparks","theDuelist:Sparks","theDuelist:YamataDragon+1","theDuelist:StrayLambs","theDuelist:CyberDragon","theDuelist:MegafleetDragon","theDuelist:CoralDragon","theDuelist:CurseDragon","theDuelist:DragonMirror","theDuelist:Earthquake","theDuelist:DarkHorus","theDuelist:Lancephorhynchus"],"relics":["theDuelist:MillenniumPuzzle","theDuelist:CardPoolRelic","theDuelist:CardPoolBasicRelic","theDuelist:BoosterPackPoolRelic","theDuelist:CardPoolAddRelic","theDuelist:CardPoolMinusRelic","theDuelist:CardPoolSaveRelic","theDuelist:CardPoolOptionsRelic","Oddly Smooth Stone","theDuelist:MillenniumScale","Juzu Bracelet","theDuelist:DuelistTeaSet","Eternal Feather","Whetstone","Snecko Eye"],"acts_visited":["Exordium","TheCity"],"potions_floor_usage":[10],"damage_taken":[{"damage":0,"enemies":"Jaw Worm","floor":1,"turns":1},{"damage":10,"enemies":"Small Slimes","floor":2,"turns":2},{"damage":0,"enemies":"Cultist","floor":4,"turns":4},{"damage":43,"enemies":"Gremlin Nob","floor":6,"turns":5},{"damage":0,"enemies":"Looter","floor":7,"turns":2},{"damage":0,"enemies":"3 Sentries","floor":10,"turns":7},{"damage":0,"enemies":"Blue Slaver","floor":12,"turns":2},{"damage":20,"enemies":"Lagavulin","floor":14,"turns":5},{"damage":3,"enemies":"Hexaghost","floor":16,"turns":10},{"damage":17,"enemies":"2 Thieves","floor":18,"turns":2}],"seed_played":"-5342516152141350927","potions_obtained":[{"floor":2,"key":"ColorlessPotion"},{"floor":6,"key":"Strength Potion"}],"is_trial":false,"path_per_floor":["M","M","?","M","T","E","M","R","T","E","?","M","?","E","R","B",null,"M"],"character_chosen":"THE_DUELIST","items_purchased":[],"campfire_rested":2,"item_purchase_floors":[],"current_hp_per_floor":[63,53,53,53,53,10,10,31,31,31,31,31,31,11,41,38,62,45,45],"gold":260,"neow_bonus":"RANDOM_COMMON_RELIC","is_daily":false,"chose_seed":false,"campfire_upgraded":0,"win_rate":0.0,"timestamp":1612203208,"path_taken":["M","M","?","M","?","E","M","R","T","E","?","M","?","E","R","BOSS","M"],"items_purchased_type":[],"build_version":"2020-12-22","purchased_purges":0,"victory":false,"max_hp_per_floor":[70,70,70,70,70,70,70,70,70,70,70,70,70,70,70,70,70,70,70],"card_choices":[{"not_picked":["theDuelist:LightningDarts","theDuelist:RainbowOverdragon","theDuelist:HarpieFeather","theDuelist:BigKoala"],"picked":"theDuelist:StrayLambs","floor":1},{"not_picked":["theDuelist:Hydrogeddon","theDuelist:CyberDragonDrei","theDuelist:AquaDolphin","theDuelist:Pyrorex"],"picked":"theDuelist:CyberDragon","floor":2},{"not_picked":["theDuelist:BlackPtera","theDuelist:BlackBrutdrago","theDuelist:SilverDragon","theDuelist:CyberDragonVier"],"picked":"theDuelist:MegafleetDragon","floor":4},{"not_picked":["theDuelist:MadSwordBeast","theDuelist:CyberValley","theDuelist:BabyDragon","theDuelist:DragonMirror"],"picked":"theDuelist:CoralDragon","floor":6},{"not_picked":["theDuelist:CyberDinosaur","theDuelist:MegafleetDragon","theDuelist:BlackPtera","theDuelist:Berserking"],"picked":"theDuelist:CurseDragon","floor":7},{"not_picked":["theDuelist:SpiralSpearStrike","theDuelist:VeilDarkness","theDuelist:SilverWing","theDuelist:OneDayPeace"],"picked":"theDuelist:DragonMirror","floor":10},{"not_picked":["theDuelist:Freezadon","theDuelist:SphereChaos","theDuelist:DefenseZone","theDuelist:CaveDragon"],"picked":"theDuelist:Earthquake","floor":12},{"not_picked":["theDuelist:TrihornedDragon","theDuelist:DreadnoughtDreadnoid","theDuelist:DarkDriceratops","theDuelist:EvilMind"],"picked":"theDuelist:DarkHorus","floor":14},{"not_picked":["theDuelist:WingedDragonRa","theDuelist:VoidOgreDragon","theDuelist:Scapegoat","theDuelist:BlasterDragonInfernos"],"picked":"theDuelist:Lancephorhynchus","floor":16}],"player_experience":1658358,"relics_obtained":[{"floor":6,"key":"Juzu Bracelet"},{"floor":9,"key":"theDuelist:DuelistTeaSet"},{"floor":10,"key":"Eternal Feather"},{"floor":14,"key":"Whetstone"}],"event_choices":[{"damage_healed":0,"gold_gain":0,"player_choice":"Took item - Received: Millennium Scale","duelist":true,"damage_taken":0,"max_hp_gain":0,"max_hp_loss":0,"event_name":"Millennium Items","floor":3,"gold_loss":0},{"damage_healed":0,"gold_gain":0,"player_choice":"Leave","duelist":true,"damage_taken":0,"max_hp_gain":0,"max_hp_loss":0,"event_name":"Tomb of the Nameless","floor":11,"gold_loss":0},{"cards_removed":["theDuelist:CursedBill"],"damage_healed":0,"gold_gain":0,"player_choice":"Removed Curses","damage_taken":0,"max_hp_gain":0,"max_hp_loss":0,"event_name":"Fountain of Cleansing","floor":13,"gold_loss":0}],"is_beta":false,"boss_relics":[{"not_picked":["SlaversCollar","Empty Cage"],"picked":"Snecko Eye"}],"items_purged_floors":[],"is_endless":false,"potions_floor_spawned":[2,6],"killed_by":"2 Thieves","ascension_level":20}}