{"host":"ds3v42j7tpaaz1mg","time":1612203968,"event":{"mods":["AchievementEnabler","Aspiration","BaseMod","Bestiary","Better Altar","Better Note","Better Sensory Stone","BetterRewards","Block Reminder","Colored Powertips","Conspire","Downfall","Energized Spire","Halation","Hermit","Highlight Path","Hubris","Infinite Spire","Jorbs\u0027s Wanderer Trilogy","Minty Spire (QoL Compilation)","Relic Stats","Replay The Spire","StSLib","The Elementalist","The Servant 0.9.4"],"gold_per_floor":[99,114,18,33,53,53,53,73,89,89,101,114,114,126,137,235,235,235,251,251,41,61,61,61,61,5,18,61,61,102,202,222,222,222,222],"floor_reached":33,"language":"ENG","playtime":3617,"items_purged":[],"score":331,"play_id":"1141e01c-8685-4cee-811f-0b22f88ca73e","local_time":"20210201132608","is_ascension_mode":false,"campfire_choices":[{"floor":1,"key":"DIG"},{"data":"bronze:ChosenStrike","floor":10,"key":"SMITH"},{"data":"bronze:SpaghettiCode","floor":23,"key":"SMITH"},{"data":"bronze:Boost","floor":25,"key":"SMITH"},{"data":"Adrenaline","floor":29,"key":"SMITH"}],"circlet_count":0,"master_deck":["bronze:Strike","bronze:Strike","bronze:Strike","bronze:Strike","bronze:Defend","bronze:Defend","bronze:Defend","bronze:Defend","bronze:Replicate","bronze:Goto","bronze:BronzeOrb","bronze:Optimize","bronze:ClassDefault+1","bronze:ChosenStrike+1","bronze:Repair","bronze:Boost+1","bronze:Overload","Regret","bronze:Frontload","bronze:ChosenStrike","bronze:SpaghettiCode+1","Adrenaline+1","bronze:Repulsor","ReplayTheSpireMod:Speed Training+1","bronze:FindAndReplace"],"relics":["bronze:BronzeCore","halation:SelfBoilingWater","hubris:PeanutButter","Strawberry","aspiration:SilentSkillbook","downfall:KnowingSkull","Replay:Baseball","Du-Vu Doll","CeramicFish","halation:LettersToHer","Replay:Kaleidoscope","Darkstone Periapt"],"acts_visited":["Exordium","TheCity"],"potions_floor_usage":[16,16,16,19,26,26,28,30,30,30,31,31,31,32,33,33],"damage_taken":[{"damage":0,"enemies":"2 Louse","floor":2,"turns":3},{"damage":0,"enemies":"downfall:FleeingMerchant","floor":3,"turns":4},{"damage":1,"enemies":"Cultist","floor":4,"turns":3},{"damage":4,"enemies":"Small Slimes","floor":5,"turns":5},{"damage":1,"enemies":"Exordium Thugs","floor":8,"turns":4},{"damage":11,"enemies":"3 Louse","floor":9,"turns":3},{"damage":0,"enemies":"Large Slime","floor":11,"turns":5},{"damage":0,"enemies":"Red Slaver","floor":12,"turns":2},{"damage":0,"enemies":"Exordium Thugs","floor":14,"turns":3},{"damage":0,"enemies":"3 Louse","floor":15,"turns":2},{"damage":39,"enemies":"SI_SHIV_ARCHETYPE","floor":16,"turns":9},{"damage":14,"enemies":"Spheric Guardian","floor":19,"turns":5},{"damage":0,"enemies":"downfall:FleeingMerchant","floor":21,"turns":4},{"damage":12,"enemies":"3 Byrds","floor":22,"turns":6},{"damage":14,"enemies":"downfall:FleeingMerchant","floor":26,"turns":4},{"damage":3,"enemies":"3 Cultists","floor":27,"turns":5},{"damage":0,"enemies":"Replay:Snechameleon","floor":28,"turns":3},{"damage":9,"enemies":"conspire:SneckoGhost","floor":30,"turns":7},{"damage":1,"enemies":"WA_ARCHETYPE_RETAIN","floor":31,"turns":4},{"damage":7,"enemies":"Cultist and Chosen","floor":32,"turns":5},{"damage":77,"enemies":"IC_MUSHROOM_ARCHETYPE","floor":33,"turns":7}],"seed_played":"8968729676897158081","potions_obtained":[{"floor":4,"key":"CultistPotion"},{"floor":5,"key":"LiquidMemories"},{"floor":8,"key":"Doom Potion"},{"floor":15,"key":"Dexterity Potion"},{"floor":16,"key":"Regen Potion"},{"floor":19,"key":"GamblersBrew"},{"floor":27,"key":"sneckomod:MuddlingPotion"},{"floor":28,"key":"SneckoOil"},{"floor":30,"key":"hexamod:SoulburnPotion"},{"floor":31,"key":"BlessingOfTheForge"}],"is_trial":false,"path_per_floor":["R","M","$","M","M","?","T","M","M","R","M","M","?","M","M","B",null,"R","M","?","$","M","R","T","R","$","M","E","R","E","?","M","B"],"character_chosen":"THE_AUTOMATON","items_purchased":["bronze:ClassDefault","Replay:Baseball","BlessingOfTheForge","bronze:Repulsor"],"campfire_rested":0,"item_purchase_floors":[3,21,21,26],"current_hp_per_floor":[77,77,77,76,72,72,72,71,60,60,70,77,84,84,84,45,84,84,74,67,67,62,62,62,62,58,55,62,62,60,66,66,0,0,0],"gold":222,"neow_bonus":"TEN_PERCENT_HP_BONUS","is_daily":false,"chose_seed":false,"campfire_upgraded":4,"win_rate":0.0,"timestamp":1612203968,"path_taken":["R","M","$","M","M","?","T","M","?","R","M","M","?","M","M","BOSS","R","M","?","$","M","R","T","R","?","M","E","R","E","?","M","BOSS"],"items_purchased_type":["Card","Relic","Potion","Card"],"build_version":"2020-12-22","purchased_purges":0,"victory":false,"max_hp_per_floor":[77,77,77,77,77,77,77,77,77,77,77,77,84,84,84,84,84,84,84,84,84,84,84,84,84,84,84,84,84,84,84,84,84,84,84],"relic_stats":{"Darkstone Periapt":0,"counters":[21,93],"CeramicFish":18,"obtain_stats":[{"Du-Vu Doll":24,"Darkstone Periapt":31,"Replay:Baseball":21,"bronze:BronzeCore":0,"Strawberry":13,"CeramicFish":28,"hubris:PeanutButter":7,"aspiration:SilentSkillbook":17,"downfall:KnowingSkull":20,"Replay:Kaleidoscope":31,"halation:SelfBoilingWater":1,"halation:LettersToHer":30},{"Du-Vu Doll":14,"Darkstone Periapt":19,"Replay:Baseball":13,"bronze:BronzeCore":0,"Strawberry":8,"CeramicFish":17,"hubris:PeanutButter":4,"aspiration:SilentSkillbook":11,"downfall:KnowingSkull":12,"Replay:Kaleidoscope":19,"halation:SelfBoilingWater":0,"halation:LettersToHer":18},{"Du-Vu Doll":58,"Darkstone Periapt":81,"Replay:Baseball":52,"bronze:BronzeCore":0,"Strawberry":29,"CeramicFish":70,"hubris:PeanutButter":15,"aspiration:SilentSkillbook":43,"downfall:KnowingSkull":48,"Replay:Kaleidoscope":81,"halation:SelfBoilingWater":0,"halation:LettersToHer":77}]},"card_choices":[{"not_picked":["bronze:Turbo","bronze:DelayedGuard"],"picked":"bronze:BronzeOrb","floor":2},{"not_picked":["bronze:Repulsor","bronze:Iterate"],"picked":"bronze:Optimize","floor":3},{"not_picked":["bronze:WhirlingStrike","bronze:Invalidate","bronze:WildBeam"],"picked":"SKIP","floor":4},{"not_picked":["bronze:Shield","bronze:OilSpill"],"picked":"bronze:ChosenStrike","floor":5},{"not_picked":["bronze:Overheat","bronze:WildBeam","bronze:Backtrace"],"picked":"SKIP","floor":8},{"not_picked":["bronze:Turbo","bronze:CloningBeam"],"picked":"bronze:Repair","floor":9},{"not_picked":["bronze:NullPointer","bronze:ChildClass"],"picked":"bronze:Boost","floor":11},{"not_picked":["bronze:WhirlingStrike","bronze:WildBeam"],"picked":"bronze:Overload","floor":12},{"not_picked":["bronze:BitShift","bronze:WhirlingStrike"],"picked":"bronze:Frontload","floor":14},{"not_picked":["bronze:Deprecate","bronze:BronzeArmor"],"picked":"bronze:ChosenStrike","floor":15},{"not_picked":["bronze:HyperBeam","bronze:Format"],"picked":"bronze:SpaghettiCode","floor":16},{"not_picked":["PiercingWail","Flying Knee","Catalyst","Deadly Poison+1"],"picked":"SKIP","floor":19},{"not_picked":["Flechettes","ReplayTheSpireMod:Exploit Weakness","Prepared","Draining Mist"],"picked":"SKIP","floor":21},{"not_picked":["bronze:CloningBeam+1","bronze:OilSpill","hubris:SlightOfHand"],"picked":"Adrenaline","floor":22},{"not_picked":["Prepared","ReplayTheSpireMod:Tripwire","ReplayTheSpireMod:Exploit Weakness","bronze:CutThrough"],"picked":"SKIP","floor":26},{"not_picked":["bronze:DigitalCarnage","bronze:MaxOutput+1","Outmaneuver","Sneak Up"],"picked":"SKIP","floor":27},{"not_picked":["ReplayTheSpireMod:The Works","Acrobatics","hubris:SlightOfHand"],"picked":"ReplayTheSpireMod:Speed Training+1","floor":28},{"not_picked":["Reflex","Bane","bronze:ItsAFeature+1"],"picked":"bronze:FindAndReplace","floor":30},{"not_picked":["Sucker Punch","Endless Agony","ReplayTheSpireMod:Tripwire","Prepared"],"picked":"SKIP","floor":32}],"player_experience":671407,"relics_obtained":[{"floor":1,"key":"halation:SelfBoilingWater"},{"floor":7,"key":"hubris:PeanutButter"},{"floor":24,"key":"Du-Vu Doll"},{"floor":28,"key":"CeramicFish"},{"floor":30,"key":"halation:LettersToHer"},{"floor":31,"key":"Replay:Kaleidoscope"},{"floor":31,"key":"Darkstone Periapt"}],"event_choices":[{"damage_healed":0,"gold_gain":0,"player_choice":"Ignored","damage_taken":0,"max_hp_gain":0,"max_hp_loss":0,"event_name":"betterNote:BetterNote","floor":6,"gold_loss":0,"cards_obtained":["sneckomod:Transmogrify"]},{"damage_healed":0,"gold_gain":0,"player_choice":"Box","damage_taken":0,"relics_obtained":["Strawberry"],"max_hp_gain":0,"max_hp_loss":0,"event_name":"Big Fish","floor":13,"gold_loss":0,"cards_obtained":["Regret"]}],"is_beta":false,"boss_relics":[{"not_picked":["aspiration:SecretTechniqueScroll","aspiration:WatcherSkillbook"],"picked":"aspiration:SilentSkillbook"}],"items_purged_floors":[],"is_endless":false,"potions_floor_spawned":[4,5,8,15,16,19,27,28,30,31],"killed_by":"IC_MUSHROOM_ARCHETYPE","ascension_level":0}}