{"host":"5h6e4l6hpn0p5lap","time":1612182897,"event":{"mods":["AchievementEnabler","BaseMod","Better Altar","Better Match","Better Sensory Stone","Better Skull","Better Third Choice","Filter the Spire","Highlight Path","Minty Spire (QoL Compilation)","StSLib"],"gold_per_floor":[109,124,138,138,158,158,158,158,158,177,177,209,227,245,245,245,245],"floor_reached":16,"language":"ENG","playtime":875,"items_purged":[],"score":146,"play_id":"b080f688-9c60-43b9-8c77-08af7e7b9f98","local_time":"20210201073457","is_ascension_mode":true,"campfire_choices":[{"data":"Sadistic Nature","floor":6,"key":"SMITH"},{"data":"Bane","floor":8,"key":"SMITH"},{"floor":15,"key":"REST"}],"circlet_count":0,"master_deck":["Strike_G","Strike_G","Strike_G","Strike_G","Strike_G","Defend_G","Defend_G","Defend_G","Defend_G","Defend_G","Survivor","Neutralize","Phantasmal Killer","Flying Knee","Poisoned Stab","Bane+1","Sadistic Nature+1","Bane","Catalyst","Dagger Spray","PiercingWail","Deadly Poison"],"relics":["Ring of the Snake","Mummified Hand","Pear"],"acts_visited":["Exordium"],"potions_floor_usage":[12,16,16],"damage_taken":[{"damage":1.0,"enemies":"Jaw Worm","floor":1.0,"turns":7.0},{"damage":0.0,"enemies":"2 Louse","floor":2.0,"turns":3.0},{"damage":0.0,"enemies":"Small Slimes","floor":3.0,"turns":3.0},{"damage":11.0,"enemies":"Exordium Thugs","floor":5.0,"turns":4.0},{"damage":1,"enemies":"Red Slaver","floor":10,"turns":3},{"damage":22,"enemies":"Lagavulin","floor":12,"turns":6},{"damage":8,"enemies":"Blue Slaver","floor":13,"turns":2},{"damage":7,"enemies":"Exordium Thugs","floor":14,"turns":5},{"damage":34,"enemies":"The Guardian","floor":16,"turns":5}],"seed_played":"-5538130906853461392","potions_obtained":[{"floor":3.0,"key":"FearPotion"},{"floor":13,"key":"PowerPotion"},{"floor":14,"key":"CultistPotion"}],"is_trial":false,"path_per_floor":["M","M","M","?","M","R","?","R","T","M","?","E","M","M","R","B"],"character_chosen":"THE_SILENT","items_purchased":[],"campfire_rested":1,"item_purchase_floors":[],"current_hp_per_floor":[62,62,62,62,51,51,51,51,51,50,50,38,30,23,47,13,13],"gold":245,"neow_bonus":"ONE_RANDOM_RARE_CARD","is_daily":false,"chose_seed":false,"campfire_upgraded":2,"win_rate":0.0,"timestamp":1612182897,"path_taken":["M","M","M","?","M","R","?","R","T","M","?","E","M","M","R","BOSS"],"items_purchased_type":[],"build_version":"2020-12-22","purchased_purges":0,"victory":false,"max_hp_per_floor":[70,70,70,70,70,70,70,70,70,70,70,80,80,80,80,80,80],"card_choices":[{"not_picked":["Prepared","PiercingWail"],"picked":"Flying Knee","floor":1.0},{"not_picked":["Riddle With Holes","Flechettes"],"picked":"Poisoned Stab","floor":2.0},{"not_picked":["Underhanded Strike","Dodge and Roll"],"picked":"Bane","floor":3.0},{"not_picked":["Panacea","Violence"],"picked":"Sadistic Nature","floor":4.0},{"not_picked":["Outmaneuver","Cloak And Dagger"],"picked":"Bane","floor":5.0},{"not_picked":["Quick Slash","Acrobatics"],"picked":"Catalyst","floor":10},{"not_picked":["Slice","Prepared"],"picked":"Dagger Spray","floor":12},{"not_picked":["Flying Knee","Setup"],"picked":"PiercingWail","floor":13},{"not_picked":["Storm of Steel","Slice"],"picked":"Deadly Poison","floor":14}],"player_experience":1036284,"relics_obtained":[{"floor":9,"key":"Mummified Hand"},{"floor":12,"key":"Pear"}],"event_choices":[{"damage_healed":0.0,"max_hp_gain":0.0,"max_hp_loss":0.0,"gold_gain":1.0,"event_name":"betterStone:BetterStone","player_choice":"1","floor":4.0,"gold_loss":0.0,"damage_taken":0.0},{"damage_healed":0,"gold_gain":0,"player_choice":"Ignored","damage_taken":0,"max_hp_gain":0,"max_hp_loss":0,"event_name":"Golden Wing","floor":7,"gold_loss":0},{"damage_healed":50,"gold_gain":0,"player_choice":"Leave","damage_taken":0,"max_hp_gain":0,"max_hp_loss":70,"event_name":"betterThird:BetterShining","floor":11,"gold_loss":0}],"is_beta":false,"boss_relics":[],"items_purged_floors":[],"is_endless":false,"potions_floor_spawned":[3,13,14],"killed_by":"The Guardian","ascension_level":8}}