{"host":"4qkvkh7pd9qr2mca","time":1612219833,"event":{"mods":["AchievementEnabler","Act Like it!","BaseMod","Colored Map","Colored Powertips","Highlight Path","Minty Spire (QoL Compilation)","Pale of the Ancients","Permanent Neow","Quick Restart","Relic Stats","StSLib","SuperFastMode"],"gold_per_floor":[17,36,36,51,126,161,161,173,199,211,249,275,298,328,340,424,436,463,38,38,38,51,51,86,86,86,96,96,96,96],"floor_reached":29,"language":"ENG","playtime":1400,"items_purged":["Strike_G"],"score":585,"play_id":"3d3d9eaa-85f2-436f-8ea1-80569e7d9cc4","local_time":"20210201235033","is_ascension_mode":true,"campfire_choices":[{"floor":7,"key":"REST"},{"data":"Envenom","floor":10,"key":"SMITH"},{"floor":15,"key":"REST"},{"floor":23,"key":"REST"},{"floor":25,"key":"REST"},{"data":"Well Laid Plans","floor":28,"key":"SMITH"}],"circlet_count":0,"master_deck":["AscendersBane","Defend_G","Defend_G","Defend_G","Defend_G","Defend_G","Survivor","Neutralize","Blade Dance","Backflip+1","Dagger Spray","Envenom+1","Riddle With Holes","Bullet Time","Well Laid Plans+1","Bite","Bite","Bite","Bite","Bite"],"relics":["Ring of the Snake","Torii","Orichalcum","MawBank","Strawberry","Black Star","Bottled Tornado","Nilry\u0027s Codex","Matryoshka","Mercury Hourglass","Potion Belt","InkBottle"],"acts_visited":["Exordium","TheCity"],"potions_floor_usage":[6,6,8,13,14,16,24,27],"damage_taken":[{"damage":1,"enemies":"Jaw Worm","floor":1,"turns":6},{"damage":0,"enemies":"2 Louse","floor":2,"turns":3},{"damage":0,"enemies":"Small Slimes","floor":4,"turns":3},{"damage":2,"enemies":"3 Sentries","floor":6,"turns":6},{"damage":1,"enemies":"Looter","floor":8,"turns":4},{"damage":36,"enemies":"Gremlin Nob","floor":11,"turns":5},{"damage":9,"enemies":"Large Slime","floor":12,"turns":6},{"damage":2,"enemies":"Red Slaver","floor":13,"turns":3},{"damage":0,"enemies":"2 Fungi Beasts","floor":14,"turns":2},{"damage":33,"enemies":"Slime Boss","floor":16,"turns":15},{"damage":1,"enemies":"3 Byrds","floor":18,"turns":6},{"damage":35,"enemies":"Spheric Guardian","floor":22,"turns":8},{"damage":35,"enemies":"Gremlin Leader","floor":24,"turns":7},{"damage":3,"enemies":"Centurion and Healer","floor":27,"turns":11},{"damage":36,"enemies":"Slavers","floor":29,"turns":3}],"seed_played":"4396574806421942918","potions_obtained":[{"floor":2,"key":"EntropicBrew"},{"floor":11,"key":"DuplicationPotion"},{"floor":12,"key":"Regen Potion"},{"floor":14,"key":"DistilledChaos"},{"floor":22,"key":"LiquidBronze"},{"floor":24,"key":"DistilledChaos"}],"is_trial":false,"path_per_floor":["M","M","?","M","?","E","R","M","T","R","E","M","M","M","R","B",null,"M","$","?","?","M","R","E","R","T","M","R","E"],"character_chosen":"THE_SILENT","items_purchased":["Well Laid Plans","Bottled Tornado"],"campfire_rested":4,"item_purchase_floors":[19,19],"current_hp_per_floor":[58,58,38,38,27,25,44,43,43,43,14,5,15,15,36,3,56,55,55,34,34,21,36,21,36,36,51,51,15,15],"gold":96,"neow_bonus":"ONE_RARE_RELIC","is_daily":false,"chose_seed":false,"campfire_upgraded":2,"win_rate":0.0,"timestamp":1612219833,"path_taken":["M","M","?","M","?","E","R","M","T","R","E","M","M","M","R","BOSS","M","$","?","?","M","R","E","R","T","M","R","E"],"items_purchased_type":["Card","Relic"],"build_version":"2020-12-22","purchased_purges":1,"victory":false,"max_hp_per_floor":[66,66,66,66,66,66,66,66,66,66,73,73,73,73,73,73,73,73,73,73,51,51,51,51,51,51,51,51,51,51],"relic_stats":{"Torii":46,"counters":[15,88],"Black Star":1,"Orichalcum":[162],"MawBank":120,"obtain_stats":[{"Potion Belt":26,"Matryoshka":24,"Torii":0,"Nilry\u0027s Codex":20,"Strawberry":11,"Black Star":17,"Orichalcum":6,"Bottled Tornado":19,"MawBank":9,"InkBottle":26,"Ring of the Snake":0,"Mercury Hourglass":24},{"Potion Belt":13,"Matryoshka":13,"Torii":0,"Nilry\u0027s Codex":11,"Strawberry":6,"Black Star":10,"Orichalcum":4,"Bottled Tornado":11,"MawBank":5,"InkBottle":13,"Ring of the Snake":0,"Mercury Hourglass":13},{"Potion Belt":74,"Matryoshka":74,"Torii":0,"Nilry\u0027s Codex":59,"Strawberry":27,"Black Star":53,"Orichalcum":18,"Bottled Tornado":59,"MawBank":22,"InkBottle":74,"Ring of the Snake":0,"Mercury Hourglass":74}],"InkBottle":[5],"Ring of the Snake":[30],"Mercury Hourglass":[75]},"card_choices":[{"not_picked":["Backflip","Bane"],"picked":"Blade Dance","floor":1},{"not_picked":["Backstab","Prepared"],"picked":"Backflip","floor":2},{"not_picked":["Poisoned Stab","Outmaneuver"],"picked":"Dagger Spray","floor":4},{"not_picked":["Masterful Stab","Prepared","Tactician"],"picked":"SKIP","floor":6},{"not_picked":["PiercingWail","Poisoned Stab"],"picked":"Envenom","floor":8},{"not_picked":["Cloak And Dagger","Caltrops"],"picked":"Riddle With Holes","floor":11},{"not_picked":["Expertise","Underhanded Strike","Slice"],"picked":"SKIP","floor":12},{"not_picked":["Expertise","Underhanded Strike","Slice"],"picked":"SKIP","floor":12},{"not_picked":["Skewer","Dagger Spray","Distraction"],"picked":"SKIP","floor":13},{"not_picked":["Masterful Stab","Sucker Punch","Dodge and Roll"],"picked":"SKIP","floor":14},{"not_picked":["Die Die Die","Unload"],"picked":"Bullet Time","floor":16},{"not_picked":["Backflip+1","Outmaneuver","Slice"],"picked":"SKIP","floor":18},{"not_picked":["Prepared","Dodge and Roll","Flying Knee"],"picked":"SKIP","floor":22},{"not_picked":["Masterful Stab","Dagger Throw+1","Tactician"],"picked":"SKIP","floor":24},{"not_picked":["Underhanded Strike","Choke+1","Bane"],"picked":"SKIP","floor":27}],"player_experience":607594,"relics_obtained":[{"floor":6,"key":"Orichalcum"},{"floor":9,"key":"MawBank"},{"floor":11,"key":"Strawberry"},{"floor":20,"key":"Nilry\u0027s Codex"},{"floor":24,"key":"Matryoshka"},{"floor":24,"key":"Mercury Hourglass"},{"floor":26,"key":"Potion Belt"},{"floor":26,"key":"InkBottle"}],"event_choices":[{"damage_healed":0,"gold_gain":0,"player_choice":"Entered Light","damage_taken":20,"max_hp_gain":0,"max_hp_loss":0,"event_name":"Shining Light","floor":3,"gold_loss":0,"cards_upgraded":["Backflip","Strike_G"]},{"damage_healed":0,"gold_gain":75,"player_choice":"Gather Gold","damage_taken":11,"max_hp_gain":0,"max_hp_loss":0,"event_name":"World of Goop","floor":5,"gold_loss":0},{"damage_healed":0,"gold_gain":0,"player_choice":"Obtained Book","damage_taken":21,"max_hp_gain":0,"max_hp_loss":0,"event_name":"Cursed Tome","floor":20,"gold_loss":0},{"damage_healed":0,"gold_gain":0,"player_choice":"Became a vampire","damage_taken":0,"max_hp_gain":0,"max_hp_loss":22,"event_name":"Vampires","floor":21,"gold_loss":0,"cards_obtained":["Bite","Bite","Bite","Bite","Bite"]}],"is_beta":false,"boss_relics":[{"not_picked":["Fusion Hammer","Ectoplasm"],"picked":"Black Star"}],"items_purged_floors":[19],"is_endless":false,"potions_floor_spawned":[2,11,12,14,22,24],"killed_by":"Slavers","ascension_level":20}}