{"host":"sian7qp8a9pc9xwd","time":1612146531,"event":{"mods":["BaseMod","Minty Spire (QoL Compilation)","StSLib","SuperFastMode"],"gold_per_floor":[366,541,541,554,173,187,187,215,215,165,240,240,37,50,50,50,50],"floor_reached":16,"language":"ENG","playtime":640,"items_purged":["Doubt","Strike_R"],"score":152,"play_id":"53030e15-b460-4ddb-88da-873b484e83a1","local_time":"20210131212851","is_ascension_mode":true,"campfire_choices":[{"data":"Armaments","floor":7,"key":"SMITH"},{"data":"Uppercut","floor":12,"key":"SMITH"},{"data":"Inflame","floor":15,"key":"SMITH"}],"circlet_count":0,"master_deck":["AscendersBane","Strike_R","Strike_R","Strike_R","Strike_R","Defend_R","Defend_R","Defend_R","Defend_R","Clothesline","Iron Wave","Uppercut+1","Inflame+1","Armaments+1","Battle Trance","Flame Barrier"],"relics":["Burning Blood","ClockworkSouvenir","Letter Opener","Frozen Egg 2","Membership Card"],"acts_visited":["Exordium"],"potions_floor_usage":[8,16,16],"damage_taken":[{"damage":8,"enemies":"2 Louse","floor":1,"turns":3},{"damage":14,"enemies":"Jaw Worm","floor":4,"turns":4},{"damage":8,"enemies":"Small Slimes","floor":6,"turns":3},{"damage":22,"enemies":"3 Sentries","floor":8,"turns":6},{"damage":15,"enemies":"2 Fungi Beasts","floor":14,"turns":5},{"damage":15,"enemies":"Slime Boss","floor":16,"turns":8}],"seed_played":"3386990057509328823","potions_obtained":[{"floor":1,"key":"PowerPotion"},{"floor":8,"key":"EssenceOfSteel"},{"floor":14,"key":"Dexterity Potion"}],"is_trial":false,"path_per_floor":["M","?","?","M","$","M","R","E","T","?","?","R","$","M","R","B"],"character_chosen":"IRONCLAD","items_purchased":["Uppercut","Inflame","ClockworkSouvenir","Membership Card"],"campfire_rested":0,"item_purchase_floors":[5,5,5,13],"current_hp_per_floor":[70,70,75,67,67,65,65,49,49,49,38,38,38,29,29,14,14],"gold":50,"neow_bonus":"TWO_FIFTY_GOLD","is_daily":false,"chose_seed":false,"campfire_upgraded":3,"win_rate":0.0,"timestamp":1612146531,"path_taken":["M","?","?","M","?","M","R","E","T","?","?","R","$","M","R","BOSS"],"items_purchased_type":["Card","Card","Relic","Relic"],"build_version":"2020-12-22","purchased_purges":2,"victory":false,"max_hp_per_floor":[72,72,77,77,77,77,77,77,77,77,77,77,77,77,77,77,77],"card_choices":[{"not_picked":["Sword Boomerang","Heavy Blade"],"picked":"Clothesline","floor":1},{"not_picked":["Feel No Pain","Havoc"],"picked":"Iron Wave","floor":4},{"not_picked":["Sword Boomerang","Second Wind"],"picked":"Armaments","floor":6},{"not_picked":["Whirlwind","Infernal Blade"],"picked":"Battle Trance","floor":8},{"not_picked":["Entrench","Body Slam"],"picked":"Flame Barrier","floor":14}],"player_experience":859622,"relics_obtained":[{"floor":8,"key":"Letter Opener"},{"floor":9,"key":"Frozen Egg 2"}],"event_choices":[{"damage_healed":0,"gold_gain":175,"player_choice":"AGREE","damage_taken":0,"max_hp_gain":0,"max_hp_loss":0,"event_name":"Liars Game","floor":2,"gold_loss":0,"cards_obtained":["Doubt"]},{"damage_healed":0,"gold_gain":0,"player_choice":"Donut","damage_taken":0,"max_hp_gain":5,"max_hp_loss":0,"event_name":"Big Fish","floor":3,"gold_loss":0},{"cards_removed":["Bash"],"damage_healed":0,"gold_gain":0,"player_choice":"Card Removal","damage_taken":0,"max_hp_gain":0,"max_hp_loss":0,"event_name":"The Cleric","floor":10,"gold_loss":50},{"damage_healed":0,"gold_gain":75,"player_choice":"Gather Gold","damage_taken":11,"max_hp_gain":0,"max_hp_loss":0,"event_name":"World of Goop","floor":11,"gold_loss":0}],"is_beta":false,"boss_relics":[],"items_purged_floors":[5,13],"is_endless":false,"potions_floor_spawned":[1,8,14],"killed_by":"Slime Boss","ascension_level":11}}