{"host":"ks71jpc99eh4jnzm","time":1612181997,"event":{"mods":["BaseMod","Colored Map","DeckTracker","Minty Spire (QoL Compilation)"],"gold_per_floor":[412,202,215,234,251,251,285,285,312,312,331,352,218,238,238,238,238],"floor_reached":16,"language":"KOR","playtime":1668,"items_purged":["Defend_G","Strike_G"],"score":208,"play_id":"8950faef-3696-44f1-8be6-91ca68742070","local_time":"20210201211957","daily_mods":["Heirloom"],"is_ascension_mode":true,"campfire_choices":[{"floor":6.0,"key":"REST"},{"floor":10,"key":"REST"},{"floor":15,"key":"REST"}],"circlet_count":0,"master_deck":["AscendersBane","Strike_G","Strike_G","Strike_G","Strike_G","Defend_G","Defend_G","Defend_G","Defend_G","Survivor","Neutralize","Finisher","Dagger Spray","Well Laid Plans","Flying Knee","Dagger Throw","Riddle With Holes","Calculated Gamble","Footwork","Die Die Die","Footwork","Footwork"],"relics":["Ring of the Snake","Old Coin","CeramicFish","Ancient Tea Set","Toy Ornithopter"],"acts_visited":["Exordium"],"potions_floor_usage":[7,7,16,16],"damage_taken":[{"damage":7.0,"enemies":"Jaw Worm","floor":1.0,"turns":6.0},{"damage":9.0,"enemies":"Cultist","floor":3.0,"turns":4.0},{"damage":0.0,"enemies":"2 Louse","floor":4.0,"turns":2.0},{"damage":12.0,"enemies":"Blue Slaver","floor":5.0,"turns":4.0},{"damage":22,"enemies":"Gremlin Nob","floor":7,"turns":4},{"damage":6,"enemies":"Lots of Slimes","floor":11,"turns":3},{"damage":2,"enemies":"Red Slaver","floor":12,"turns":3},{"damage":0,"enemies":"3 Louse","floor":14,"turns":2},{"damage":42,"enemies":"Slime Boss","floor":16,"turns":7}],"seed_played":"-7893631474643676109","potions_obtained":[{"floor":1.0,"key":"BlessingOfTheForge"},{"floor":3.0,"key":"Ancient Potion"},{"floor":7,"key":"SpeedPotion"},{"floor":12,"key":"ColorlessPotion"},{"floor":14,"key":"Block Potion"}],"is_trial":true,"path_per_floor":["M","$","M","M","M","R","E","?","T","R","M","M","$","M","R","B"],"character_chosen":"THE_SILENT","items_purchased":["Dagger Spray","Well Laid Plans","Footwork"],"campfire_rested":3,"item_purchase_floors":[2,2,13],"current_hp_per_floor":[52,52,43,43,31,50,28,2,2,21,15,13,13,13,32,0,0],"gold":238,"neow_bonus":"","is_daily":false,"chose_seed":false,"campfire_upgraded":0,"win_rate":0.0,"timestamp":1612181997,"path_taken":["M","$","M","M","M","R","E","?","T","R","M","M","$","M","R","BOSS"],"items_purchased_type":["Card","Card","Card"],"build_version":"2020-12-22","purchased_purges":2,"victory":false,"max_hp_per_floor":[66,66,66,66,66,66,66,66,66,66,66,66,66,66,66,66,66],"card_choices":[{"not_picked":["Prepared","Dodge and Roll"],"picked":"Finisher","floor":1.0},{"not_picked":["Prepared","Expertise"],"picked":"Flying Knee","floor":3.0},{"not_picked":["Catalyst","Bane"],"picked":"Dagger Throw","floor":4.0},{"not_picked":["Noxious Fumes","Outmaneuver"],"picked":"Riddle With Holes","floor":5.0},{"not_picked":["Finisher","Outmaneuver"],"picked":"Calculated Gamble","floor":7},{"not_picked":["Dodge and Roll","Quick Slash"],"picked":"Footwork","floor":11},{"not_picked":["Blade Dance","Acrobatics"],"picked":"Die Die Die","floor":12},{"not_picked":["Predator","Terror"],"picked":"Footwork","floor":14}],"player_experience":366535,"relics_obtained":[{"floor":7,"key":"CeramicFish"},{"floor":9,"key":"Toy Ornithopter"}],"event_choices":[{"damage_healed":0,"gold_gain":0,"player_choice":"Success","damage_taken":26,"relics_obtained":["Ancient Tea Set"],"max_hp_gain":0,"max_hp_loss":0,"event_name":"Scrap Ooze","floor":8,"gold_loss":0}],"is_beta":false,"boss_relics":[],"items_purged_floors":[2,13],"is_endless":false,"potions_floor_spawned":[1,3,7,12,14],"killed_by":"Slime Boss","ascension_level":20}}