{"host":"sian7qp8a9pc9xwd","time":1612141220,"event":{"mods":["BaseMod","Minty Spire (QoL Compilation)","StSLib","SuperFastMode"],"gold_per_floor":[115,95,107,126,126,154,154,154,204,214,229,229,239,251,251,346,396,410,81,81,81,91,91,105,138,162,162,77,102,2,22,22,117,117,127,137,148,148,163,163,196,43,69,101,101,101,170,170,170,170,170],"floor_reached":50,"language":"ENG","playtime":1822,"items_purged":["Strike_R","Strike_R"],"score":992,"play_id":"fbb6af82-7beb-4219-842f-a4ae59a5f1a5","local_time":"20210131200020","is_ascension_mode":true,"campfire_choices":[{"data":"Uppercut","floor":7,"key":"SMITH"},{"data":"Seeing Red","floor":12,"key":"SMITH"},{"data":"Bludgeon","floor":15,"key":"SMITH"},{"data":"Bludgeon","floor":23,"key":"SMITH"},{"data":"Offering","floor":27,"key":"SMITH"},{"data":"Bloodletting","floor":32,"key":"SMITH"},{"data":"Offering","floor":40,"key":"SMITH"},{"data":"Master of Strategy","floor":45,"key":"SMITH"},{"floor":49,"key":"RECALL"}],"circlet_count":0,"master_deck":["AscendersBane","Strike_R+1","Strike_R","Strike_R","Defend_R","Defend_R","Defend_R","Defend_R","Master of Strategy+1","Uppercut+1","Seeing Red+1","Iron Wave","Bludgeon+1","Bludgeon+1","Bloodletting+1","Offering+1","Offering+1","Warcry+1","Good Instincts","Secret Technique","Purity"],"relics":["Burning Blood","Meat on the Bone","Centennial Puzzle","Pen Nib","Tiny House","Sundial","HornCleat","Potion Belt","Red Skull","Strawberry","Sozu","Ancient Tea Set","Anchor","The Courier","Bottled Lightning"],"acts_visited":["Exordium","TheCity","TheBeyond"],"potions_floor_usage":[6,13,16,18,25,33,33,33,33,50],"damage_taken":[{"damage":3,"enemies":"2 Louse","floor":1,"turns":3},{"damage":1,"enemies":"Cultist","floor":3,"turns":3},{"damage":8,"enemies":"Small Slimes","floor":4,"turns":4},{"damage":35,"enemies":"Gremlin Nob","floor":6,"turns":5},{"damage":6,"enemies":"Red Slaver","floor":10,"turns":3},{"damage":13,"enemies":"3 Louse","floor":11,"turns":5},{"damage":5,"enemies":"2 Fungi Beasts","floor":13,"turns":3},{"damage":0,"enemies":"Blue Slaver","floor":14,"turns":2},{"damage":23,"enemies":"Slime Boss","floor":16,"turns":8},{"damage":2,"enemies":"Shell Parasite","floor":18,"turns":2},{"damage":6,"enemies":"Chosen","floor":22,"turns":2},{"damage":13,"enemies":"Centurion and Healer","floor":24,"turns":2},{"damage":29,"enemies":"Book of Stabbing","floor":25,"turns":5},{"damage":9,"enemies":"Gremlin Leader","floor":29,"turns":2},{"damage":3,"enemies":"Snecko","floor":31,"turns":2},{"damage":40,"enemies":"Collector","floor":33,"turns":4},{"damage":19,"enemies":"3 Darklings","floor":35,"turns":2},{"damage":6,"enemies":"3 Shapes","floor":36,"turns":2},{"damage":6,"enemies":"Sphere and 2 Shapes","floor":37,"turns":5},{"damage":26,"enemies":"3 Darklings","floor":39,"turns":2},{"damage":12,"enemies":"Reptomancer","floor":41,"turns":1},{"damage":15,"enemies":"Giant Head","floor":44,"turns":1},{"damage":51,"enemies":"Awakened One","floor":50,"turns":8}],"seed_played":"-4329479409350998395","potions_obtained":[{"floor":2,"key":"SkillPotion"},{"floor":10,"key":"GamblersBrew"},{"floor":11,"key":"Dexterity Potion"},{"floor":13,"key":"Regen Potion"},{"floor":14,"key":"BloodPotion"},{"floor":17,"key":"DistilledChaos"},{"floor":24,"key":"EssenceOfSteel"},{"floor":25,"key":"EntropicBrew"}],"is_trial":false,"path_per_floor":["M","?","M","M","T","E","R","?","T","M","M","R","M","M","R","B",null,"M","$","?","?","M","R","M","E","T","R","?","E","$","M","R","B",null,"M","M","M","?","M","R","E","$","T","E","R","?","T","?","R","B"],"character_chosen":"IRONCLAD","items_purchased":["Sundial","Anchor"],"campfire_rested":0,"item_purchase_floors":[19,42],"current_hp_per_floor":[54,54,59,57,57,40,40,40,40,52,57,57,58,64,64,62,81,85,85,85,85,85,85,78,55,55,55,55,59,59,62,62,58,84,71,71,71,71,51,51,57,57,57,60,60,50,50,50,50,0,0],"gold":170,"neow_bonus":"RANDOM_COLORLESS_2","is_daily":false,"chose_seed":false,"campfire_upgraded":8,"win_rate":0.0,"timestamp":1612141220,"path_taken":["M","?","M","?","?","E","R","?","T","M","?","R","M","M","R","BOSS","M","$","?","?","M","R","M","E","T","R","?","E","?","M","R","BOSS","M","M","M","?","M","R","E","?","T","E","R","?","?","?","R","BOSS"],"items_purchased_type":["Relic","Relic"],"build_version":"2020-12-22","purchased_purges":2,"victory":false,"max_hp_per_floor":[80,80,80,80,80,80,80,80,80,80,80,80,80,80,80,80,85,85,85,85,85,85,85,85,85,85,85,85,92,92,92,92,92,92,92,92,92,87,87,87,87,87,87,87,87,87,87,87,87,87,87],"card_choices":[{"not_picked":["Chrysalis","Sadistic Nature"],"picked":"Master of Strategy","floor":0},{"not_picked":["Headbutt","Bloodletting"],"picked":"Uppercut","floor":1},{"not_picked":["Shockwave","Whirlwind"],"picked":"Seeing Red","floor":3},{"not_picked":["Perfected Strike","Dropkick","Second Wind"],"picked":"SKIP","floor":4},{"not_picked":["Warcry","Exhume","Combust"],"picked":"SKIP","floor":6},{"not_picked":["Heavy Blade","Armaments"],"picked":"Iron Wave","floor":10},{"not_picked":["Thunderclap","Cleave","Anger"],"picked":"SKIP","floor":11},{"not_picked":["Intimidate","Sever Soul"],"picked":"Bludgeon","floor":13},{"not_picked":["Metallicize","Body Slam","Flex"],"picked":"SKIP","floor":14},{"not_picked":["Barricade","Reaper"],"picked":"Bludgeon","floor":16},{"not_picked":["Cleave","Ghostly Armor","Anger"],"picked":"SKIP","floor":18},{"not_picked":["Dark Embrace","Body Slam","Sword Boomerang"],"picked":"SKIP","floor":22},{"not_picked":["Thunderclap","Sever Soul","Headbutt"],"picked":"SKIP","floor":24},{"not_picked":["Perfected Strike","Twin Strike"],"picked":"Offering","floor":25},{"not_picked":["Shrug It Off","Power Through","Shockwave"],"picked":"SKIP","floor":29},{"not_picked":["Clash","Cleave"],"picked":"Infernal Blade+1","floor":31},{"not_picked":["Barricade","Fiend Fire"],"picked":"Offering","floor":33},{"not_picked":["Shockwave","Heavy Blade+1","Uppercut+1"],"picked":"SKIP","floor":35},{"not_picked":["Havoc","Cleave+1","True Grit"],"picked":"SKIP","floor":36},{"not_picked":["Sentinel+1","Heavy Blade+1"],"picked":"Warcry+1","floor":37},{"not_picked":["Body Slam+1","Burning Pact","Heavy Blade"],"picked":"SKIP","floor":39},{"not_picked":["Sword Boomerang+1","Wild Strike","Shrug It Off+1"],"picked":"SKIP","floor":41},{"not_picked":["Rampage+1","Bloodletting+1","Iron Wave"],"picked":"SKIP","floor":44},{"not_picked":["Apotheosis","Sadistic Nature"],"picked":"Good Instincts","floor":46},{"not_picked":["Mind Blast","Panacea"],"picked":"Secret Technique","floor":46},{"not_picked":["Dark Shackles","Deep Breath"],"picked":"Purity","floor":46}],"player_experience":856742,"relics_obtained":[{"floor":5,"key":"Meat on the Bone"},{"floor":6,"key":"Centennial Puzzle"},{"floor":9,"key":"Pen Nib"},{"floor":25,"key":"HornCleat"},{"floor":26,"key":"Potion Belt"},{"floor":29,"key":"Strawberry"},{"floor":41,"key":"Ancient Tea Set"},{"floor":44,"key":"The Courier"},{"floor":47,"key":"Bottled Lightning"}],"event_choices":[{"damage_healed":0,"gold_gain":0,"player_choice":"Bought 1 Potion","damage_taken":0,"max_hp_gain":0,"max_hp_loss":0,"event_name":"The Woman in Blue","floor":2,"gold_loss":0},{"cards_removed":["Bash"],"damage_healed":0,"gold_gain":0,"player_choice":"Purged","damage_taken":0,"max_hp_gain":0,"max_hp_loss":0,"event_name":"Purifier","floor":8,"gold_loss":0},{"damage_healed":0,"gold_gain":0,"player_choice":"Read","damage_taken":0,"max_hp_gain":0,"max_hp_loss":0,"event_name":"The Library","floor":20,"gold_loss":0,"cards_obtained":["Bloodletting"]},{"damage_healed":0,"gold_gain":0,"player_choice":"Ignored","damage_taken":0,"max_hp_gain":0,"max_hp_loss":0,"event_name":"Vampires","floor":21,"gold_loss":0},{"damage_healed":0,"gold_gain":0,"player_choice":"Obtained Relic","damage_taken":0,"relics_obtained":["Red Skull"],"max_hp_gain":0,"max_hp_loss":0,"event_name":"Addict","floor":28,"gold_loss":85},{"damage_healed":0,"gold_gain":0,"player_choice":"Max HP","damage_taken":0,"max_hp_gain":0,"max_hp_loss":5,"event_name":"Winding Halls","floor":38,"gold_loss":0},{"damage_healed":0,"gold_gain":0,"player_choice":"Memory 3","damage_taken":10,"max_hp_gain":0,"max_hp_loss":0,"event_name":"SensoryStone","floor":46,"gold_loss":0},{"cards_removed":["Infernal Blade"],"damage_healed":0,"gold_gain":0,"player_choice":"Removed Skill","damage_taken":0,"max_hp_gain":0,"max_hp_loss":0,"event_name":"Falling","floor":48,"gold_loss":0}],"is_beta":false,"boss_relics":[{"not_picked":["Coffee Dripper","Snecko Eye"],"picked":"Tiny House"},{"not_picked":["Runic Dome","Mark of Pain"],"picked":"Sozu"}],"items_purged_floors":[19,30],"is_endless":false,"potions_floor_spawned":[10,11,13,14,24,25,35,41],"killed_by":"Awakened One","ascension_level":11}}