{"host":"jmumkimrafwvkspb","time":1612145242,"event":{"mods":["AchievementEnabler","BaseMod","Colored Map","Minty Spire (QoL Compilation)","Replay The Spire","StSLib"],"gold_per_floor":[110,124,137,149,149,183,31,31,31,66,79,26,26,39,39,117,117,134,94,105,105,117,117,133,133,159,192,117,117,117],"floor_reached":29,"language":"ENG","playtime":799,"items_purged":["Strike_B"],"score":610,"play_id":"787243f9-01b4-489b-a1f8-03bb471698cc","local_time":"20210201030722","is_ascension_mode":true,"campfire_choices":[{"data":"Go for the Eyes","floor":8.0,"key":"SMITH"},{"floor":13.0,"key":"REST"},{"data":"Electrodynamics","floor":15.0,"key":"SMITH"},{"data":"Recycle","floor":23.0,"key":"SMITH"},{"data":"Static Discharge","floor":25,"key":"SMITH"}],"circlet_count":0,"master_deck":["AscendersBane","Strike_B","Strike_B","Defend_B","Defend_B","Defend_B","Zap","Dualcast","Defend_B","Zap","Ball Lightning","Rip and Tear","Genetic Algorithm","Static Discharge+1","Go for the Eyes+1","Electrodynamics+1","Ball Lightning","Reinforced Body","Creative AI","Recycle+1","Storm","Glacier","Conserve Battery"],"relics":["Cracked Core","Torii","Sundial","Mirror","Runic Pyramid","Incense Burner","Bag of Preparation","Bottled Tornado"],"acts_visited":["TheCity"],"potions_floor_usage":[],"damage_taken":[{"damage":7.0,"enemies":"Cultist","floor":1.0,"turns":4.0},{"damage":1.0,"enemies":"Small Slimes","floor":2.0,"turns":3.0},{"damage":1.0,"enemies":"Jaw Worm","floor":3.0,"turns":4.0},{"damage":20.0,"enemies":"Lots of Slimes","floor":4.0,"turns":4.0},{"damage":15.0,"enemies":"3 Sentries","floor":6.0,"turns":6.0},{"damage":19.0,"enemies":"Gremlin Nob","floor":10.0,"turns":4.0},{"damage":0.0,"enemies":"Red Slaver","floor":11.0,"turns":3.0},{"damage":1.0,"enemies":"Blue Slaver","floor":14.0,"turns":2.0},{"damage":0.0,"enemies":"Slime Boss","floor":16.0,"turns":7.0},{"damage":19.0,"enemies":"2 Thieves","floor":18.0,"turns":4.0},{"damage":1.0,"enemies":"Chosen","floor":20.0,"turns":4.0},{"damage":13.0,"enemies":"Snake Plant","floor":22.0,"turns":3.0},{"damage":0,"enemies":"Cultist and Chosen","floor":24,"turns":6},{"damage":11,"enemies":"Book of Stabbing","floor":27,"turns":7},{"damage":22,"enemies":"Slavers","floor":29,"turns":1}],"seed_played":"1257431604120079862","potions_obtained":[{"floor":3.0,"key":"Ancient Potion"},{"floor":10.0,"key":"ColorlessPotion"},{"floor":11.0,"key":"GamblersBrew"},{"floor":14.0,"key":"Reflective Coating"},{"floor":24,"key":"Venom Potion"}],"is_trial":false,"path_per_floor":["M","M","M","M","?","E","$","R","T","E","M","$","R","M","R","B",null,"M","$","M","?","M","R","M","R","T","E","?","E"],"character_chosen":"DEFECT","items_purchased":["Electrodynamics","Ball Lightning","Storm"],"campfire_rested":1,"item_purchase_floors":[7,12,19],"current_hp_per_floor":[57,56,55,35,35,20,20,20,20,1,1,1,22,21,21,21,59,40,40,39,39,26,26,26,26,26,15,15,0,0],"gold":117,"neow_bonus":"ONE_RARE_RELIC","is_daily":false,"chose_seed":false,"campfire_upgraded":4,"win_rate":0.0,"timestamp":1612145242,"path_taken":["M","M","M","?","?","E","?","R","T","E","M","$","R","M","R","BOSS","M","?","?","?","?","R","M","R","T","E","?","E"],"items_purchased_type":["Card","Card","Card"],"build_version":"2020-12-22","purchased_purges":1,"victory":false,"max_hp_per_floor":[71,71,71,71,71,71,71,71,71,71,71,71,71,71,71,71,71,71,71,71,71,71,71,71,71,71,71,71,71,71],"card_choices":[{"not_picked":["Go for the Eyes","ReplayTheSpireMod:Calculation Training"],"picked":"Ball Lightning","floor":1.0},{"not_picked":["Genetic Algorithm","Beam Cell"],"picked":"Rip and Tear","floor":2.0},{"not_picked":["Skim","Aggregate"],"picked":"Genetic Algorithm","floor":3.0},{"not_picked":["Heatsinks","Stack"],"picked":"Static Discharge","floor":4.0},{"not_picked":["Force Field","Barrage"],"picked":"Go for the Eyes","floor":6.0},{"not_picked":["Double Energy","Genetic Algorithm","Blizzard"],"picked":"SKIP","floor":10.0},{"not_picked":["BasicCrystalCard","Darkness","Sweeping Beam"],"picked":"SKIP","floor":11.0},{"not_picked":["Panic Button","Doom and Gloom"],"picked":"Reinforced Body","floor":14.0},{"not_picked":["ReplayTheSpireMod:Omega Cannon","ReplayRNGCard"],"picked":"Creative AI","floor":16.0},{"not_picked":["Doom and Gloom","ReplaySort"],"picked":"Recycle","floor":18.0},{"not_picked":["Beam Cell","Auto Shields","Hologram"],"picked":"SKIP","floor":20.0},{"not_picked":["Panic Button","Streamline"],"picked":"Glacier","floor":22.0},{"not_picked":["Leap","Multi-Cast"],"picked":"Conserve Battery","floor":24},{"not_picked":["Streamline","Sunder","Conserve Battery"],"picked":"SKIP","floor":27}],"player_experience":1637323,"relics_obtained":[{"floor":6.0,"key":"Sundial"},{"floor":10.0,"key":"Mirror"},{"floor":26,"key":"Bag of Preparation"},{"floor":27,"key":"Bottled Tornado"}],"event_choices":[{"damage_healed":0.0,"max_hp_gain":0.0,"max_hp_loss":0.0,"gold_gain":0.0,"event_name":"WeMeetAgain","player_choice":"Gave Potion","floor":21.0,"gold_loss":0.0,"damage_taken":0.0,"relics_obtained":["Incense Burner"]},{"cards_removed":["Strike_B"],"damage_healed":0,"gold_gain":0,"player_choice":"Gave Gold","damage_taken":0,"max_hp_gain":0,"max_hp_loss":0,"event_name":"Beggar","floor":28,"gold_loss":75}],"is_beta":false,"boss_relics":[{"not_picked":["ReplayTheSpireMod:DimensionalGlitch","Fusion Hammer"],"picked":"Runic Pyramid"}],"items_purged_floors":[7],"is_endless":false,"potions_floor_spawned":[3,10,11,14,24],"killed_by":"Slavers","ascension_level":20}}