{"host":"hlz9nytggqnehs39","time":1612216319,"event":{"mods":["BaseMod","Highlight Path","Minty Spire (QoL Compilation)","Relic Stats"],"gold_per_floor":[110,110,14,30,44,77,89,89,89,114,114,124,135,155,155,229,229,246,246,246,278,295,295,322,22,22,34,52,152,172,183,183,257,257,276,276,295,320,320,345,38,38,87,103,134,12,26,41,41,41],"floor_reached":51,"language":"ENG","playtime":4843,"items_purged":["Writhe","Strike_G"],"score":1242,"play_id":"8e74e7be-8223-4ce0-9046-fe21a5156d92","local_time":"20210201225159","is_ascension_mode":true,"campfire_choices":[{"floor":8,"key":"REST"},{"data":"Terror","floor":11,"key":"SMITH"},{"data":"Footwork","floor":15,"key":"SMITH"},{"floor":23,"key":"REST"},{"floor":32,"key":"REST"},{"data":"Well Laid Plans","floor":42,"key":"SMITH"},{"floor":49,"key":"REST"}],"circlet_count":0,"master_deck":["AscendersBane","Strike_G","Strike_G","Strike_G","Strike_G","Defend_G","Defend_G","Defend_G","Defend_G","Defend_G","Survivor","Neutralize","Riddle With Holes","Dagger Spray","Dash","Well Laid Plans+1","Masterful Stab","Terror+1","Footwork+1","Deflect","Deflect","Adrenaline","Calculated Gamble","Prepared","Backstab","PiercingWail","Corpse Explosion","Noxious Fumes","Leg Sweep","Finisher","Bouncing Flask","Deadly Poison","Acrobatics+1","Night Terror","Cloak And Dagger+1","Cloak And Dagger+1","Blade Dance","Dark Shackles","Accuracy","Noxious Fumes","Doubt","PiercingWail","Dark Shackles","Well Laid Plans","Blade Dance","Endless Agony+1"],"relics":["Ring of the Snake","Pantograph","Mercury Hourglass","Bottled Lightning","HoveringKite","Regal Pillow","Red Mask","Bag of Preparation","Letter Opener","FossilizedHelix","The Courier","Cursed Key","Torii","HornCleat","Membership Card","Akabeko","Snake Skull","Molten Egg 2","Centennial Puzzle"],"acts_visited":["Exordium","TheCity","TheBeyond"],"potions_floor_usage":[6,10,14,21,21,24,29,30,33,45,50,50],"damage_taken":[{"damage":9,"enemies":"2 Louse","floor":1,"turns":3},{"damage":0,"enemies":"Cultist","floor":4,"turns":3},{"damage":3,"enemies":"Small Slimes","floor":5,"turns":3},{"damage":18,"enemies":"Lagavulin","floor":6,"turns":10},{"damage":1,"enemies":"Blue Slaver","floor":7,"turns":4},{"damage":12,"enemies":"3 Sentries","floor":10,"turns":4},{"damage":0,"enemies":"2 Fungi Beasts","floor":12,"turns":2},{"damage":0,"enemies":"Exordium Thugs","floor":13,"turns":3},{"damage":5,"enemies":"Gremlin Gang","floor":14,"turns":3},{"damage":5,"enemies":"The Guardian","floor":16,"turns":12},{"damage":7,"enemies":"Shell Parasite","floor":18,"turns":5},{"damage":29,"enemies":"Masked Bandits","floor":21,"turns":7},{"damage":0,"enemies":"Chosen","floor":22,"turns":3},{"damage":21,"enemies":"Slavers","floor":24,"turns":6},{"damage":2,"enemies":"Snecko","floor":27,"turns":4},{"damage":8,"enemies":"Cultist and Chosen","floor":28,"turns":6},{"damage":2,"enemies":"Colosseum Slavers","floor":29,"turns":2},{"damage":28,"enemies":"Colosseum Nobs","floor":29,"turns":4},{"damage":0,"enemies":"Centurion and Healer","floor":30,"turns":5},{"damage":0,"enemies":"3 Cultists","floor":31,"turns":1},{"damage":63,"enemies":"Champ","floor":33,"turns":14},{"damage":0,"enemies":"3 Darklings","floor":35,"turns":1},{"damage":0,"enemies":"Orb Walker","floor":37,"turns":3},{"damage":0,"enemies":"Mind Bloom Boss Battle","floor":38,"turns":4},{"damage":38,"enemies":"Giant Head","floor":40,"turns":8},{"damage":0,"enemies":"Transient","floor":44,"turns":5},{"damage":0,"enemies":"Reptomancer","floor":45,"turns":4},{"damage":7,"enemies":"Writhing Mass","floor":47,"turns":7},{"damage":0,"enemies":"4 Shapes","floor":48,"turns":4},{"damage":61,"enemies":"Awakened One","floor":50,"turns":19}],"seed_played":"7836788623483573254","potions_obtained":[{"floor":1,"key":"Strength Potion"},{"floor":7,"key":"LiquidMemories"},{"floor":12,"key":"FearPotion"},{"floor":13,"key":"GamblersBrew"},{"floor":16,"key":"Strength Potion"},{"floor":18,"key":"SpeedPotion"},{"floor":22,"key":"SteroidPotion"},{"floor":28,"key":"SkillPotion"},{"floor":29,"key":"SkillPotion"},{"floor":31,"key":"SkillPotion"},{"floor":33,"key":"Dexterity Potion"},{"floor":44,"key":"SteroidPotion"},{"floor":45,"key":"PowerPotion"},{"floor":47,"key":"BlessingOfTheForge"}],"is_trial":false,"path_per_floor":["M","?","$","M","M","E","M","R","T","E","R","M","M","M","R","B",null,"M","?","?","?","M","R","E","$","T","M","M","?","M","M","R","B",null,"M","?","M","?","?","E","$","R","T","M","E","$","M","M","R","B",null],"character_chosen":"THE_SILENT","items_purchased":["Dagger Spray","FearPotion","Corpse Explosion","Noxious Fumes","Membership Card","Akabeko","Accuracy","Noxious Fumes","Dexterity Potion","Centennial Puzzle","Dark Shackles","Well Laid Plans"],"campfire_rested":4,"item_purchase_floors":[3,3,25,25,41,41,41,41,41,46,46,46],"current_hp_per_floor":[56,56,56,56,53,35,34,55,55,43,43,43,43,38,38,58,69,62,62,62,33,33,69,48,48,48,46,38,8,8,8,44,6,56,56,56,56,68,68,30,30,30,30,30,30,30,23,23,58,7],"gold":41,"neow_bonus":"TEN_PERCENT_HP_BONUS","is_daily":false,"chose_seed":false,"campfire_upgraded":3,"win_rate":0.0,"timestamp":1612216319,"path_taken":["M","?","$","M","M","E","M","R","T","E","R","M","?","M","R","BOSS","M","?","?","?","M","R","E","$","T","M","M","?","?","?","R","BOSS","M","?","M","?","?","E","$","R","T","M","E","$","?","M","R","BOSS"],"items_purchased_type":["Card","Potion","Card","Card","Relic","Relic","Card","Card","Potion","Relic","Card","Card"],"build_version":"2020-12-22","purchased_purges":2,"victory":true,"max_hp_per_floor":[72,72,72,72,72,72,72,72,72,72,72,72,72,72,72,72,72,72,72,72,72,72,72,72,72,72,72,72,72,72,72,72,72,72,72,68,68,68,68,68,68,68,68,68,68,68,68,68,68,68],"relic_stats":{"Regal Pillow":45,"Torii":14,"counters":[30,159],"HoveringKite":[42],"Snake Skull":[36],"Bag of Preparation":[32],"Letter Opener":[277],"Cursed Key":1,"Mercury Hourglass":[519],"Centennial Puzzle":[6],"Pantograph":72,"obtain_stats":[{"Regal Pillow":19,"Torii":38,"HoveringKite":17,"The Courier":29,"Snake Skull":43,"Bag of Preparation":24,"Letter Opener":26,"Cursed Key":34,"Akabeko":41,"Mercury Hourglass":9,"Centennial Puzzle":46,"HornCleat":40,"Pantograph":6,"Molten Egg 2":45,"Red Mask":21,"Bottled Lightning":10,"Membership Card":41,"FossilizedHelix":29,"Ring of the Snake":0},{"Regal Pillow":11,"Torii":24,"HoveringKite":10,"The Courier":18,"Snake Skull":25,"Bag of Preparation":14,"Letter Opener":14,"Cursed Key":21,"Akabeko":25,"Mercury Hourglass":5,"Centennial Puzzle":27,"HornCleat":25,"Pantograph":4,"Molten Egg 2":27,"Red Mask":12,"Bottled Lightning":6,"Membership Card":25,"FossilizedHelix":18,"Ring of the Snake":0},{"Regal Pillow":52,"Torii":112,"HoveringKite":47,"The Courier":84,"Snake Skull":120,"Bag of Preparation":68,"Letter Opener":68,"Cursed Key":104,"Akabeko":120,"Mercury Hourglass":23,"Centennial Puzzle":129,"HornCleat":120,"Pantograph":19,"Molten Egg 2":129,"Red Mask":59,"Bottled Lightning":27,"Membership Card":120,"FossilizedHelix":84,"Ring of the Snake":0}],"Ring of the Snake":[60]},"card_choices":[{"not_picked":["Accuracy","Setup"],"picked":"Riddle With Holes","floor":1},{"not_picked":["Outmaneuver","Deflect"],"picked":"Dash","floor":4},{"not_picked":["Bouncing Flask","Skewer"],"picked":"Well Laid Plans","floor":5},{"not_picked":["Dash","Acrobatics"],"picked":"Masterful Stab","floor":6},{"not_picked":["Dodge and Roll","Cloak And Dagger"],"picked":"Terror","floor":7},{"not_picked":["Bane","Tactician"],"picked":"Footwork","floor":10},{"not_picked":["Accuracy","Reflex"],"picked":"Deflect","floor":12},{"not_picked":["Masterful Stab","Acrobatics","Eviscerate"],"picked":"SKIP","floor":13},{"not_picked":["Acrobatics","Slice"],"picked":"Deflect","floor":14},{"not_picked":["Doppelganger","Unload"],"picked":"Adrenaline","floor":16},{"not_picked":["Endless Agony+1","Outmaneuver"],"picked":"Calculated Gamble","floor":18},{"not_picked":["Calculated Gamble","Cloak And Dagger"],"picked":"Prepared","floor":21},{"not_picked":["Prepared","Cloak And Dagger"],"picked":"Backstab","floor":22},{"not_picked":["Prepared","Slice"],"picked":"PiercingWail","floor":24},{"not_picked":["Deflect","Setup+1"],"picked":"Leg Sweep","floor":27},{"not_picked":["Deflect","Choke","Finisher"],"picked":"SKIP","floor":28},{"not_picked":["Deflect","Choke"],"picked":"Finisher","floor":28},{"not_picked":["Prepared","Accuracy"],"picked":"Bouncing Flask","floor":29},{"not_picked":["Phantasmal Killer","Bane"],"picked":"Deadly Poison","floor":30},{"not_picked":["Slice","Terror"],"picked":"Acrobatics+1","floor":31},{"not_picked":["Unload","After Image"],"picked":"Night Terror","floor":33},{"not_picked":["Underhanded Strike+1","Prepared+1"],"picked":"Cloak And Dagger+1","floor":35},{"not_picked":["Prepared+1","Dagger Throw+1"],"picked":"Cloak And Dagger+1","floor":37},{"not_picked":["Well Laid Plans","Calculated Gamble"],"picked":"Blade Dance","floor":38},{"not_picked":["Master of Strategy","HandOfGreed"],"picked":"Dark Shackles","floor":39},{"not_picked":["Bane","Finisher","Skewer"],"picked":"SKIP","floor":40},{"not_picked":["Dagger Throw","Underhanded Strike+1","Quick Slash"],"picked":"SKIP","floor":44},{"not_picked":["Corpse Explosion","Skewer+1"],"picked":"PiercingWail","floor":45},{"not_picked":["Footwork","PiercingWail"],"picked":"Blade Dance","floor":47},{"not_picked":["Acrobatics","Prepared"],"picked":"Endless Agony+1","floor":48}],"player_experience":403412,"relics_obtained":[{"floor":6,"key":"Pantograph"},{"floor":9,"key":"Mercury Hourglass"},{"floor":10,"key":"Bottled Lightning"},{"floor":21,"key":"Red Mask"},{"floor":24,"key":"Bag of Preparation"},{"floor":26,"key":"Letter Opener"},{"floor":29,"key":"FossilizedHelix"},{"floor":29,"key":"The Courier"},{"floor":38,"key":"Torii"},{"floor":40,"key":"HornCleat"},{"floor":43,"key":"Snake Skull"},{"floor":45,"key":"Molten Egg 2"}],"event_choices":[{"damage_healed":0,"gold_gain":0,"player_choice":"Bought 0 Potions","damage_taken":0,"max_hp_gain":0,"max_hp_loss":0,"event_name":"The Woman in Blue","floor":2,"gold_loss":0},{"damage_healed":0,"gold_gain":0,"player_choice":"Opened","damage_taken":0,"relics_obtained":["Regal Pillow"],"max_hp_gain":0,"max_hp_loss":0,"event_name":"The Mausoleum","floor":19,"gold_loss":0,"cards_obtained":["Writhe"]},{"damage_healed":0,"gold_gain":0,"player_choice":"Ignored","damage_taken":0,"max_hp_gain":0,"max_hp_loss":0,"event_name":"Vampires","floor":20,"gold_loss":0},{"damage_healed":0,"gold_gain":0,"player_choice":"Fought Bandits","damage_taken":0,"max_hp_gain":0,"max_hp_loss":0,"event_name":"Masked Bandits","floor":21,"gold_loss":0},{"damage_healed":0,"gold_gain":0,"player_choice":"Fight","damage_taken":0,"max_hp_gain":0,"max_hp_loss":0,"event_name":"Colosseum","floor":29,"gold_loss":0},{"damage_healed":0,"gold_gain":0,"player_choice":"Fought Nobs","damage_taken":0,"max_hp_gain":0,"max_hp_loss":0,"event_name":"Colosseum","floor":29,"gold_loss":0},{"damage_healed":0,"gold_gain":0,"player_choice":"Max HP","damage_taken":0,"max_hp_gain":0,"max_hp_loss":4,"event_name":"Winding Halls","floor":36,"gold_loss":0},{"damage_healed":0,"gold_gain":0,"player_choice":"Fight","damage_taken":0,"max_hp_gain":0,"max_hp_loss":0,"event_name":"MindBloom","floor":38,"gold_loss":0},{"damage_healed":0,"gold_gain":0,"player_choice":"Memory 1","damage_taken":0,"max_hp_gain":0,"max_hp_loss":0,"event_name":"SensoryStone","floor":39,"gold_loss":0}],"is_beta":false,"boss_relics":[{"not_picked":["Velvet Choker","Tiny House"],"picked":"HoveringKite"},{"not_picked":["Coffee Dripper","Empty Cage"],"picked":"Cursed Key"}],"items_purged_floors":[25,41],"is_endless":false,"potions_floor_spawned":[1,5,7,12,13,16,18,22,28,29,31,33,44,45,47],"ascension_level":14}}