{"host":"eaiphzh066bwqdh7","time":1612213260,"event":{"mods":["BaseMod","Better Note","Halation","Hubris","Minty Spire (QoL Compilation)","Reliquary","Replay The Spire","StSLib"],"gold_per_floor":[112,130,55,5,5,35,35,60,85,103,103,114,114,14,14,110,110,125,125,125,91,91,91,18,18,70,89,89,107,120,132,132,234,234,234,234],"floor_reached":35,"language":"ENG","playtime":992,"items_purged":["Strike_B","Defend_B"],"score":475,"play_id":"c85edc3f-4b68-439c-9210-0500fa904adc","local_time":"20210201160100","is_ascension_mode":true,"campfire_choices":[{"floor":7,"key":"REST"},{"floor":11,"key":"REST"},{"floor":13,"key":"REST"},{"data":"White Noise","floor":15,"key":"SMITH"},{"data":"Fission","floor":23,"key":"SMITH"},{"data":"Self Repair","floor":25,"key":"SMITH"},{"data":"Redo","floor":28,"key":"SMITH"},{"floor":32,"key":"REST"}],"circlet_count":0,"master_deck":["Strike_B","Defend_B+1","Defend_B+1","Zap","Dualcast","Loop","Doom and Gloom","White Noise+1","Streamline","Leap","Redo+1","Fission+1","CurseOfTheBell","Ball Lightning+1","Loop","Loop","Self Repair+1","Conserve Battery","Self Repair","Leap+1","Reboot"],"relics":["Cracked Core","Centennial Puzzle","halation:BottledLove","Oddly Smooth Stone","Calling Bell","Orichalcum","Blue Candle","Thread and Needle","Simple Rune","hubris:GrandSneckoEye"],"acts_visited":["Exordium","TheCity","TheBeyond"],"potions_floor_usage":[10,31,31],"damage_taken":[{"damage":6,"enemies":"Cultist","floor":1,"turns":4},{"damage":6,"enemies":"Jaw Worm","floor":2,"turns":4},{"damage":30,"enemies":"3 Sentries","floor":6,"turns":5},{"damage":34,"enemies":"Gremlin Nob","floor":8,"turns":4},{"damage":2,"enemies":"2 Louse","floor":10,"turns":3},{"damage":7,"enemies":"Blue Slaver","floor":12,"turns":4},{"damage":0,"enemies":"Slime Boss","floor":16,"turns":5},{"damage":14,"enemies":"Shell Parasite","floor":18,"turns":5},{"damage":1,"enemies":"Spheric Guardian","floor":27,"turns":3},{"damage":21,"enemies":"Centurion and Healer","floor":29,"turns":8},{"damage":18,"enemies":"3 Cultists","floor":30,"turns":4},{"damage":19,"enemies":"Snake Plant","floor":31,"turns":4},{"damage":60,"enemies":"Automaton","floor":33,"turns":9},{"damage":0,"enemies":"3 Shapes","floor":35,"turns":1}],"seed_played":"-3865516220960743354","potions_obtained":[{"floor":1,"key":"Venom Potion"},{"floor":8,"key":"Regen Potion"},{"floor":16,"key":"FearPotion"},{"floor":27,"key":"FearPotion"},{"floor":29,"key":"EssenceOfSteel"},{"floor":31,"key":"FairyPotion"},{"floor":33,"key":"Elixir"}],"is_trial":false,"path_per_floor":["M","M","$","?","?","E","R","E","T","M","R","M","R","$","R","B",null,"M","?","?","$","?","R","$","R","T","M","R","M","M","M","R","B",null,"M"],"character_chosen":"DEFECT","items_purchased":["Loop","Self Repair"],"campfire_rested":4,"item_purchase_floors":[21,24],"current_hp_per_floor":[69,63,63,63,63,33,55,21,21,28,50,43,65,65,65,65,75,61,61,61,61,61,61,61,61,61,70,70,59,51,49,71,18,75,75,75],"gold":234,"neow_bonus":"REMOVE_CARD","is_daily":false,"chose_seed":false,"campfire_upgraded":4,"win_rate":0.0,"timestamp":1612213260,"path_taken":["M","M","?","?","?","E","R","E","T","M","R","M","R","$","R","BOSS","M","?","?","$","?","R","$","R","T","M","R","M","M","?","R","BOSS","M"],"items_purchased_type":["Card","Card"],"build_version":"2020-12-22","purchased_purges":2,"victory":false,"max_hp_per_floor":[75,75,75,75,75,75,75,75,75,75,75,75,75,75,75,75,75,75,75,75,75,75,75,75,75,75,75,75,75,75,75,75,75,75,75,75],"card_choices":[{"not_picked":["Conserve Battery","ReplayTheSpireMod:GoodbyeWorld"],"picked":"Loop","floor":1},{"not_picked":["Barrage","FIFO Queue"],"picked":"Doom and Gloom","floor":2},{"not_picked":["Hello World","Leap"],"picked":"White Noise","floor":6},{"not_picked":["ReplayTheSpireMod:System Scan","hubris:SpecializedCircuitry"],"picked":"Streamline","floor":8},{"not_picked":["Double Energy","Blizzard"],"picked":"Leap","floor":10},{"not_picked":["FTL","Doom and Gloom"],"picked":"Redo","floor":12},{"not_picked":["ReplayRNGCard","Core Surge"],"picked":"Fission","floor":16},{"not_picked":["Cold Snap+1","FTL"],"picked":"Ball Lightning+1","floor":18},{"not_picked":["Barrage","Crystallizer"],"picked":"Conserve Battery","floor":27},{"not_picked":["Hologram","ReplayTheSpireMod:Omega Cannon","hubris:Ukulele"],"picked":"SKIP","floor":29},{"not_picked":["Turbo","Aggregate"],"picked":"Self Repair","floor":30},{"not_picked":["Cold Snap","ReplayTheSpireMod:GoodbyeWorld"],"picked":"Leap+1","floor":31},{"not_picked":["ReplayTheSpireMod:Omega Cannon","Biased Cognition"],"picked":"Reboot","floor":33}],"player_experience":226088,"relics_obtained":[{"floor":6,"key":"Centennial Puzzle"},{"floor":8,"key":"halation:BottledLove"},{"floor":9,"key":"Oddly Smooth Stone"},{"floor":17,"key":"Orichalcum"},{"floor":17,"key":"Blue Candle"},{"floor":17,"key":"Thread and Needle"},{"floor":26,"key":"Simple Rune"}],"event_choices":[{"cards_removed":["Defend_B"],"damage_healed":0,"gold_gain":0,"player_choice":"Card Removal","damage_taken":0,"max_hp_gain":0,"max_hp_loss":0,"event_name":"The Cleric","floor":4,"gold_loss":50},{"damage_healed":0,"gold_gain":0,"player_choice":"Ignored","damage_taken":0,"max_hp_gain":0,"max_hp_loss":0,"event_name":"Vampires","floor":19,"gold_loss":0},{"damage_healed":0,"gold_gain":0,"player_choice":"Ignored","damage_taken":0,"max_hp_gain":0,"max_hp_loss":0,"event_name":"Cursed Tome","floor":20,"gold_loss":0},{"damage_healed":0,"gold_gain":0,"cards_transformed":["Strike_B"],"player_choice":"Transformed","damage_taken":0,"max_hp_gain":0,"max_hp_loss":0,"event_name":"Transmorgrifier","floor":22,"gold_loss":0,"cards_obtained":["Loop"]}],"is_beta":false,"boss_relics":[{"not_picked":["Replay:Drink Me","Ring of Chaos"],"picked":"Calling Bell"},{"not_picked":["halation:Yufonium","halation:MonkeysPaw"],"picked":"hubris:GrandSneckoEye"}],"items_purged_floors":[3,14],"is_endless":false,"potions_floor_spawned":[1,8,16,27,29,31,33],"killed_by":"3 Shapes","ascension_level":3}}