{"host":"o3nki8hvugtioqst","time":1612206253,"event":{"mods":["BaseMod","Marisa????????","Minty Spire (QoL Compilation)","Quick Restart","Rare Cards Sparkle","StSLib","SuperFastMode"],"gold_per_floor":[109,129,59,9,21,77,77,77,77,111,179,221,221,264,264,388,388,416,460,9,9,9,42,42,82,105,105,15,15,15,50,50,164,164,200,200,268,286,340,368,368,411,481,511,511,563,563,606,606,630],"floor_reached":51,"language":"ENG","playtime":2602,"items_purged":[],"score":819,"play_id":"15615c6a-ad53-4a22-b350-4684d66dcd66","local_time":"20210201210413","is_ascension_mode":false,"campfire_choices":[{"data":"DC","floor":7.0,"key":"SMITH"},{"floor":13.0,"key":"REST"},{"data":"BlazeAway","floor":15.0,"key":"SMITH"},{"floor":27.0,"key":"REST"},{"floor":30.0,"key":"REST"},{"data":"CollectingQuirk","floor":32.0,"key":"SMITH"},{"floor":41,"key":"REST"},{"floor":49,"key":"REST"}],"circlet_count":0,"master_deck":["MasterSpark","UpSweep","Robbery","SuperPerseids+1","WitchOfGreed","DC+1","EarthLightRay","6A","MeteoricShower","BlazeAway+1","Parasite","Parasite","MagicAbsorber","MilkyWay","CollectingQuirk+1","MaximisePower","DragonMeteor","PowerUp","GasGiant","OrrerysSun","EnergyFlow","PropBag+1","Shame","DarkMatter+1","MysteriousBeam","Acceleration+1","ManaRampage","Madness","Thinking Ahead","Trip","AlicesGift","AlicesGift+1","Wraith","WitchLeyline","MysteriousBeam+1"],"relics":["MiniHakkero","NeowsBlessing","Shuriken","Mummified Hand","ShroomBag","Pandora\u0027s Box","TungstenRod","Bronze Scales","Pocketwatch","Oddly Smooth Stone","Anchor","Fusion Hammer","Peace Pipe","Smiling Mask","StrikeDummy","The Courier"],"acts_visited":["Exordium","TheCity","TheBeyond"],"potions_floor_usage":[40,50,50,50,50,50,50],"damage_taken":[{"damage":0.0,"enemies":"Cultist","floor":1.0,"turns":1.0},{"damage":0.0,"enemies":"Small Slimes","floor":2.0,"turns":3.0},{"damage":0.0,"enemies":"Jaw Worm","floor":5.0,"turns":1.0},{"damage":50.0,"enemies":"Lagavulin","floor":6.0,"turns":10.0},{"damage":4.0,"enemies":"Blue Slaver","floor":10.0,"turns":3.0},{"damage":14.0,"enemies":"Gremlin Nob","floor":11.0,"turns":3.0},{"damage":8.0,"enemies":"Red Slaver","floor":12.0,"turns":2.0},{"damage":14.0,"enemies":"Exordium Wildlife","floor":14.0,"turns":4.0},{"damage":3.0,"enemies":"Slime Boss","floor":16.0,"turns":8.0},{"damage":35.0,"enemies":"2 Thieves","floor":18.0,"turns":3.0},{"damage":35.0,"enemies":"3 Byrds","floor":19.0,"turns":5.0},{"damage":35.0,"enemies":"Shelled Parasite and Fungi","floor":23.0,"turns":3.0},{"damage":5.0,"enemies":"Snecko","floor":25.0,"turns":5.0},{"damage":0.0,"enemies":"3 Cultists","floor":31.0,"turns":5.0},{"damage":44.0,"enemies":"Automaton","floor":33.0,"turns":7.0},{"damage":0.0,"enemies":"3 Darklings","floor":35.0,"turns":2.0},{"damage":10.0,"enemies":"3 Shapes","floor":37.0,"turns":4.0},{"damage":0,"enemies":"Spire Growth","floor":38,"turns":1},{"damage":4,"enemies":"2 Orb Walkers","floor":39,"turns":2},{"damage":30,"enemies":"Nemesis","floor":40,"turns":5},{"damage":0,"enemies":"Giant Head","floor":42,"turns":4},{"damage":4,"enemies":"4 Shapes","floor":44,"turns":4},{"damage":23,"enemies":"Maw","floor":46,"turns":5},{"damage":19,"enemies":"Spire Growth","floor":48,"turns":3},{"damage":45,"enemies":"Awakened One","floor":50,"turns":9}],"seed_played":"-5366072263067371374","potions_obtained":[{"floor":1.0,"key":"SteroidPotion"},{"floor":5.0,"key":"SteroidPotion"},{"floor":6.0,"key":"ShroomBrew"},{"floor":6.0,"key":"SkillPotion"},{"floor":12.0,"key":"DuplicationPotion"},{"floor":14.0,"key":"ColorlessPotion"},{"floor":25.0,"key":"SkillPotion"},{"floor":31.0,"key":"Ancient Potion"},{"floor":31.0,"key":"EntropicBrew"},{"floor":40,"key":"Swift Potion"},{"floor":42,"key":"SpeedPotion"},{"floor":42,"key":"PowerPotion"}],"is_trial":false,"path_per_floor":["M","M","$","?","M","E","R","?","T","M","E","M","R","M","R","B",null,"M","M","$","?","?","M","?","M","T","R","?","$","R","M","R","B",null,"M","?","M","M","?","E","R","E","T","M","?","M","?","M","R","B",null],"character_chosen":"MARISA","items_purchased":["WitchOfGreed","DC","TungstenRod","Bronze Scales"],"campfire_rested":5,"item_purchase_floors":[3,3,20,20],"current_hp_per_floor":[75,75,75,75,75,29,29,29,29,29,15,9,31,25,25,30,75,44,15,15,15,40,7,7,10,10,32,32,32,54,62,62,26,75,75,66,64,64,66,44,66,70,70,71,71,54,54,39,61,24],"gold":630,"neow_bonus":"THREE_ENEMY_KILL","is_daily":false,"chose_seed":false,"campfire_upgraded":3,"win_rate":0.0,"timestamp":1612206253,"path_taken":["M","?","?","?","?","E","R","?","T","M","E","M","R","M","R","BOSS","M","M","$","?","?","M","?","?","T","R","?","?","R","M","R","BOSS","M","?","M","M","?","E","R","E","T","M","?","M","?","?","R","BOSS"],"items_purchased_type":["Card","Card","Relic","Relic"],"build_version":"2020-12-22","purchased_purges":0,"victory":true,"max_hp_per_floor":[75,75,75,75,75,75,75,75,75,75,75,75,75,75,75,75,75,75,75,75,75,75,75,75,75,75,75,75,75,75,75,75,75,75,75,75,75,75,75,75,75,75,75,75,75,75,75,75,75,75],"card_choices":[{"not_picked":["NonDirectionalLaser","UnstableBomb"],"picked":"Robbery","floor":1.0},{"not_picked":["FairyDestructionRay","EnergyRecoil"],"picked":"SuperPerseids","floor":2.0},{"not_picked":["LuminesStrike","ManaConvection"],"picked":"EarthLightRay","floor":5.0},{"not_picked":["GalacticHalo","DC"],"picked":"6A","floor":6.0},{"not_picked":["SuperPerseids","MagicChant"],"picked":"BlazeAway","floor":10.0},{"not_picked":["SprinkleStarSeal","DC"],"picked":"MagicAbsorber","floor":11.0},{"not_picked":["EventHorizon","NonDirectionalLaser"],"picked":"MilkyWay","floor":12.0},{"not_picked":["NonDirectionalLaser","6A","MysteriousBeam"],"picked":"SKIP","floor":14.0},{"not_picked":["CasketOfStar","BigCrunch"],"picked":"CollectingQuirk","floor":16.0},{"not_picked":["StarlightTyphoon","GalacticHalo","SporeBomb"],"picked":"SKIP","floor":18.0},{"not_picked":["StarBarrage","DoubleSpark"],"picked":"PropBag+1","floor":19.0},{"not_picked":["MysteriousBeam","ChargingUp"],"picked":"DarkMatter+1","floor":23.0},{"not_picked":["DoubleSpark","ShootingEcho"],"picked":"MysteriousBeam","floor":25.0},{"not_picked":["DC","6A"],"picked":"Acceleration+1","floor":31.0},{"not_picked":["BigCrunch","SatelliteIllusion"],"picked":"ManaRampage","floor":33.0},{"not_picked":["MysteriousBeam+1","GravityBeat+1","MeteoricShower+1"],"picked":"SKIP","floor":35.0},{"not_picked":["Jack Of All Trades","Blind"],"picked":"Madness","floor":36.0},{"not_picked":["Discovery","Violence"],"picked":"Thinking Ahead","floor":36.0},{"not_picked":["Forethought","Jack Of All Trades"],"picked":"Trip","floor":36.0},{"not_picked":["Acceleration","DoubleSpark+1"],"picked":"AlicesGift","floor":37.0},{"not_picked":["MagicChant","6A+1","OpenUniverse"],"picked":"SKIP","floor":38},{"not_picked":["MysteriousBeam+1","LuminesStrike","DoubleSpark+1"],"picked":"SKIP","floor":40},{"not_picked":["EnergyRecoil","MagicChant"],"picked":"CasketOfStar","floor":42},{"not_picked":["PulseMagic+1","Acceleration"],"picked":"AlicesGift+1","floor":44},{"not_picked":["PowerUp+1","DoubleSpark"],"picked":"WitchLeyline","floor":46},{"not_picked":["StarBarrage+1","StarlightTyphoon"],"picked":"MysteriousBeam+1","floor":48}],"player_experience":241541,"relics_obtained":[{"floor":6.0,"key":"Shuriken"},{"floor":9.0,"key":"Mummified Hand"},{"floor":11.0,"key":"ShroomBag"},{"floor":26.0,"key":"Anchor"},{"floor":39,"key":"Peace Pipe"},{"floor":40,"key":"Smiling Mask"},{"floor":42,"key":"StrikeDummy"},{"floor":43,"key":"The Courier"}],"event_choices":[{"cards_removed":["Strike_MRS"],"damage_healed":0.0,"max_hp_gain":0.0,"max_hp_loss":0.0,"gold_gain":0.0,"event_name":"The Cleric","player_choice":"Card Removal","floor":4.0,"gold_loss":50.0,"damage_taken":0.0},{"damage_healed":0.0,"max_hp_gain":0.0,"max_hp_loss":0.0,"gold_gain":0.0,"cards_transformed":["Strike_MRS"],"event_name":"Transmorgrifier","player_choice":"Transformed","floor":8.0,"gold_loss":0.0,"damage_taken":0.0,"cards_obtained":["MeteoricShower"]},{"damage_healed":0.0,"max_hp_gain":0.0,"max_hp_loss":0.0,"gold_gain":0.0,"event_name":"Addict","player_choice":"Stole Relic","floor":21.0,"gold_loss":0.0,"damage_taken":0.0,"relics_obtained":["Pocketwatch"],"cards_obtained":["Shame"]},{"damage_healed":25.0,"max_hp_gain":0.0,"max_hp_loss":0.0,"gold_gain":0.0,"event_name":"The Library","player_choice":"Heal","floor":22.0,"gold_loss":0.0,"damage_taken":0.0},{"damage_healed":0.0,"max_hp_gain":0.0,"max_hp_loss":0.0,"gold_gain":0.0,"event_name":"The Mausoleum","player_choice":"Opened","floor":24.0,"gold_loss":0.0,"damage_taken":0.0,"relics_obtained":["Oddly Smooth Stone"],"cards_obtained":["Writhe"]},{"cards_removed":["Writhe"],"damage_healed":0.0,"max_hp_gain":0.0,"max_hp_loss":0.0,"gold_gain":0.0,"event_name":"Designer","player_choice":"Upgrade and Remove","floor":28.0,"gold_loss":90.0,"damage_taken":0.0,"cards_upgraded":["SuperPerseids"]},{"damage_healed":0.0,"max_hp_gain":0.0,"max_hp_loss":0.0,"gold_gain":0.0,"event_name":"SensoryStone","player_choice":"Memory 3","floor":36.0,"gold_loss":0.0,"damage_taken":10.0},{"damage_healed":0,"gold_gain":0,"player_choice":"Fight","damage_taken":0,"max_hp_gain":0,"max_hp_loss":0,"event_name":"Mysterious Sphere","floor":39,"gold_loss":0},{"damage_healed":0,"gold_gain":0,"player_choice":"Ignored","damage_taken":0,"max_hp_gain":0,"max_hp_loss":0,"event_name":"OrinTheCat","floor":45,"gold_loss":0},{"cards_removed":["CasketOfStar"],"damage_healed":0,"gold_gain":0,"player_choice":"Removed Power","damage_taken":0,"max_hp_gain":0,"max_hp_loss":0,"event_name":"Falling","floor":47,"gold_loss":0}],"is_beta":false,"boss_relics":[{"not_picked":["Snecko Eye","Coffee Dripper"],"picked":"Pandora\u0027s Box"},{"not_picked":["Runic Dome","SacredBark"],"picked":"Fusion Hammer"}],"items_purged_floors":[],"is_endless":false,"potions_floor_spawned":[1,5,6,14,25,31,38,40,42,46,48],"ascension_level":0}}