{"host":"q9sqrn60n8lvmavn","time":1612223536,"event":{"mods":["AchievementEnabler","AlwaysNeverKeys","BaseMod","Better Third Choice","Better Vampires","Block Reminder","Colored Powertips","Curses Come First","DNKmod","Friendly Minions","Minty Spire (QoL Compilation)","Permanent Neow","Relic Filter Mod","StSLib","Weighted Paths"],"gold_per_floor":[1011,1011,1031,1031,1106,1141,496,496,496],"floor_reached":8,"language":"ENG","playtime":294,"items_purged":["Strike_R"],"score":95,"play_id":"6495b440-128e-43a8-bafb-34aa476030ce","local_time":"20210201155216","is_ascension_mode":true,"campfire_choices":[],"circlet_count":0,"master_deck":["Strike_R","Strike_R","Strike_R","Defend_R","Defend_R","Defend_R","Bash","Shrug It Off","Pommel Strike","Iron Wave"],"relics":["Burning Blood","Bronze Scales","Smiling Mask","ClockworkSouvenir","Ginger","MealTicket"],"acts_visited":["Exordium"],"potions_floor_usage":[8],"damage_taken":[{"damage":1,"enemies":"2 Louse","floor":1,"turns":2},{"damage":0,"enemies":"Small Slimes","floor":3,"turns":3},{"damage":22,"enemies":"Lagavulin","floor":6,"turns":6},{"damage":15,"enemies":"3 Sentries","floor":8,"turns":5}],"seed_played":"-7956935420685590858","potions_obtained":[{"floor":6,"key":"LiquidBronze"}],"is_trial":false,"path_per_floor":["M","?","M","?","?","E","$","E"],"character_chosen":"IRONCLAD","items_purchased":["ClockworkSouvenir","Ginger","MealTicket"],"campfire_rested":0,"item_purchase_floors":[7,7,7],"current_hp_per_floor":[75,33,39,39,28,12,12,0,0],"gold":496,"neow_bonus":"REMOVE_TWO","is_daily":false,"chose_seed":false,"campfire_upgraded":0,"win_rate":0.0,"timestamp":1612223536,"path_taken":["M","?","M","?","?","E","?","E"],"items_purchased_type":["Relic","Relic","Relic"],"build_version":"2020-12-22","purchased_purges":1,"victory":false,"max_hp_per_floor":[100,100,100,100,100,100,100,100,100],"card_choices":[{"not_picked":["Thunderclap","Bloodletting"],"picked":"Shrug It Off","floor":1},{"not_picked":["Feel No Pain","Warcry"],"picked":"Pommel Strike","floor":3},{"not_picked":["Clash","Pommel Strike"],"picked":"Iron Wave","floor":6}],"player_experience":193044,"relics_obtained":[{"floor":6,"key":"Smiling Mask"}],"event_choices":[{"damage_healed":0,"gold_gain":0,"player_choice":"Relic ","damage_taken":42,"max_hp_gain":0,"max_hp_loss":0,"event_name":"betterThird:BetterScrap","floor":2,"gold_loss":0,"cards_obtained":["Weave"]},{"damage_healed":0,"gold_gain":0,"player_choice":"Ignored","damage_taken":1031,"max_hp_gain":0,"max_hp_loss":0,"event_name":"betterThird:BetterSerpent","floor":4,"gold_loss":0},{"damage_healed":0,"gold_gain":75,"player_choice":"Gold","damage_taken":11,"max_hp_gain":0,"max_hp_loss":0,"event_name":"betterThird:BetterGoop","floor":5,"gold_loss":0}],"is_beta":false,"boss_relics":[],"items_purged_floors":[7],"is_endless":false,"potions_floor_spawned":[6],"killed_by":"3 Sentries","ascension_level":6}}