{"host":"zk71suw73lg2r165","time":1612155714,"event":{"mods":["BaseMod","Colored Map","Minty Spire (QoL Compilation)","Permanent Neow","Relic Stats","StSLib"],"gold_per_floor":[115,129,139,159,159,186,186,213,213,213,213],"floor_reached":10,"language":"ENG","playtime":275,"items_purged":[],"score":156,"play_id":"6cbf81fa-9afa-4228-81b7-a9cb7a2d358f","local_time":"20210201000154","is_ascension_mode":true,"campfire_choices":[{"floor":7,"key":"REST"}],"circlet_count":0,"master_deck":["AscendersBane","Strike_B","Strike_B","Strike_B","Strike_B","Defend_B","Defend_B","Defend_B","Defend_B","Zap","Dualcast","Consume","Lockon","Static Discharge","Cold Snap","Self Repair"],"relics":["Snecko Eye","MealTicket","Pear","Question Card"],"acts_visited":["Exordium"],"potions_floor_usage":[4,6,8],"damage_taken":[{"damage":4,"enemies":"2 Louse","floor":1,"turns":3},{"damage":14,"enemies":"Jaw Worm","floor":2,"turns":4},{"damage":8,"enemies":"Small Slimes","floor":3,"turns":3},{"damage":16,"enemies":"2 Fungi Beasts","floor":4,"turns":3},{"damage":32,"enemies":"Gremlin Nob","floor":6,"turns":4},{"damage":22,"enemies":"Lagavulin","floor":8,"turns":5},{"damage":30,"enemies":"3 Sentries","floor":10,"turns":2}],"seed_played":"-7326657639230074798","potions_obtained":[{"floor":1,"key":"FocusPotion"},{"floor":3,"key":"Explosive Potion"},{"floor":6,"key":"AttackPotion"}],"is_trial":false,"path_per_floor":["M","M","M","M","?","E","R","E","T","E"],"character_chosen":"DEFECT","items_purchased":[],"campfire_rested":1,"item_purchase_floors":[],"current_hp_per_floor":[60,46,38,22,45,13,34,22,22,0,0],"gold":213,"neow_bonus":"BOSS_RELIC","is_daily":false,"chose_seed":false,"campfire_upgraded":0,"win_rate":0.0,"timestamp":1612155714,"path_taken":["M","M","M","M","?","E","R","E","T","E"],"items_purchased_type":[],"build_version":"2020-12-22","purchased_purges":0,"victory":false,"max_hp_per_floor":[71,71,71,71,71,71,71,81,81,81,81],"relic_stats":{"counters":[7,24],"Snecko Eye":[35,35,47,44],"MealTicket":0,"Question Card":0,"obtain_stats":[{"Pear":8,"Snecko Eye":0,"MealTicket":6,"Cracked Core":0,"Question Card":9},{"Pear":6,"Snecko Eye":0,"MealTicket":5,"Cracked Core":0,"Question Card":6},{"Pear":22,"Snecko Eye":0,"MealTicket":17,"Cracked Core":0,"Question Card":22}]},"card_choices":[{"not_picked":["FTL","Auto Shields"],"picked":"Consume","floor":1},{"not_picked":["Hello World","Gash"],"picked":"Lockon","floor":2},{"not_picked":["Blizzard","Redo"],"picked":"Static Discharge","floor":3},{"not_picked":["Turbo","Heatsinks","Steam Power"],"picked":"SKIP","floor":4},{"not_picked":["Ball Lightning","Barrage"],"picked":"Cold Snap","floor":6},{"not_picked":["Ball Lightning","Hologram"],"picked":"Self Repair","floor":8}],"player_experience":1432910,"relics_obtained":[{"floor":6,"key":"MealTicket"},{"floor":8,"key":"Pear"},{"floor":9,"key":"Question Card"}],"event_choices":[{"damage_healed":23,"gold_gain":0,"player_choice":"Banana","damage_taken":0,"max_hp_gain":0,"max_hp_loss":0,"event_name":"Big Fish","floor":5,"gold_loss":0}],"is_beta":false,"boss_relics":[],"items_purged_floors":[],"is_endless":false,"potions_floor_spawned":[1,3,6],"killed_by":"3 Sentries","ascension_level":20}}