{"host":"Lucas","time":1612192453,"event":{"mods":["BaseMod","Downfall","Minty Spire (QoL Compilation)","READ ME - Guardian Mod","StSLib","The Cursed","The Disciple","The Necromancer","The Servant 0.9.4"],"gold_per_floor":[99,114,129,141,141,156,156,189,189,189,189,201,201,231,243,339,339,339,357,372,390,390,390,417,449,471,493,68,84,115,126,142,238,238,238,254,272,292,178,189,189,205,233,288,301,206,217,229,245,245],"floor_reached":51,"language":"ENG","playtime":5094,"items_purged":["Regret"],"score":791,"play_id":"9c1a7c1f-3af9-4baf-b928-e31336e0047c","local_time":"20210201151413","is_ascension_mode":false,"campfire_choices":[{"data":"champ:IgnorePain","floor":1.0,"key":"SMITH"},{"floor":9.0,"key":"REST"},{"data":"champ:RecklessLeap","floor":18.0,"key":"SMITH"},{"data":"champ:Improvising","floor":23,"key":"SMITH"},{"data":"1","floor":35,"key":"LIFT"}],"circlet_count":0,"master_deck":["champ:Strike","champ:Strike","champ:Strike","champ:Defend","champ:Defend","champ:Defend","champ:Execute","champ:Taunt","champ:IgnorePain+1","champ:PreciseThrust","champ:FanOfKnives","champ:Encircle","champ:Improvising+1","champ:DeathBlow","champ:FocusedBerserking","champ:RecklessLeap+1","champ:StanceDance+1","champ:FocusedBerserking","champ:ArenaPreparation","champ:GladiatorStyle","champ:CheapShot","champ:Shatter","champ:TornadoPunch+1","champ:BerserkersShout","champ:CrookedStrike","champ:Haymaker","champ:IronFortress+1","champ:IronFortress+1","champ:GutPunch+1","champ:ShieldSlam+1","champ:TornadoPunch+1","champ:Parry+1","champ:TornadoPunch","expansioncontent:YouAreMine","champ:Circumvent+1","champ:AdrenalArmor","champ:PerfectedStrike+1","champ:DeathBlow+1","champ:ShieldWall","champ:CheapShot","champ:AdrenalArmor","champ:Improvising","champ:DeathBlow+1","champ:DefensiveShout+1","champ:PreciseThrust+1","champ:BringItOn","champ:DefensiveShout","champ:FancyFootwork+1","Jack Of All Trades","expansioncontent:StudyTheSpire","champ:PerfectedStrike","champ:PerfectedStrike+1","champ:ArenaPreparation+1","champ:Circumvent+1","champ:FancyFootwork+1","champ:MurderStrike","champ:Shatter","champ:Parry+1","expansioncontent:DashGenerateEvil","champ:PreciseThrust","champ:SetATrap"],"relics":["champ:ChampionCrown","Incense Burner","Prayer Wheel","Du-Vu Doll","Pear","Blood Vial","bronze:MakeshiftBattery","Guardian:PocketSentry","MawBank","Membership Card","Akabeko","Bottled Tornado","Girya","Busted Crown","CaptainsWheel","White Beast Statue","Dead Branch","Darkstone Periapt","Mango"],"acts_visited":["Exordium","TheCity","TheBeyond"],"potions_floor_usage":[21,21,30,33,43,44,50,50],"damage_taken":[{"damage":10.0,"enemies":"2 Louse","floor":2.0,"turns":3.0},{"damage":10.0,"enemies":"Cultist","floor":3.0,"turns":4.0},{"damage":0.0,"enemies":"Small Slimes","floor":4.0,"turns":2.0},{"damage":50.0,"enemies":"Exordium Thugs","floor":6.0,"turns":5.0},{"damage":31.0,"enemies":"Gremlin Nob","floor":8.0,"turns":5.0},{"damage":14.0,"enemies":"Gremlin Gang","floor":12.0,"turns":3.0},{"damage":55.0,"enemies":"3 Sentries","floor":14.0,"turns":3.0},{"damage":1.0,"enemies":"Lots of Slimes","floor":15.0,"turns":1.0},{"damage":90.0,"enemies":"WA_ARCHETYPE_RETAIN","floor":16.0,"turns":5.0},{"damage":29,"enemies":"3 Byrds","floor":19,"turns":4},{"damage":12,"enemies":"Shell Parasite","floor":20,"turns":4},{"damage":57,"enemies":"3 Cultists","floor":21,"turns":4},{"damage":50,"enemies":"Book of Stabbing","floor":25,"turns":6},{"damage":25,"enemies":"Snecko","floor":26,"turns":4},{"damage":31,"enemies":"Cultist and Chosen","floor":27,"turns":3},{"damage":42,"enemies":"downfall:FleeingMerchant","floor":28,"turns":5},{"damage":14,"enemies":"3 Cultists","floor":29,"turns":3},{"damage":28,"enemies":"Gremlin Leader","floor":30,"turns":4},{"damage":25,"enemies":"Snake Plant","floor":31,"turns":2},{"damage":35,"enemies":"Sentry and Sphere","floor":32,"turns":3},{"damage":58,"enemies":"SI_MIRROR_ARCHETYPE","floor":33,"turns":8},{"damage":11,"enemies":"3 Shapes","floor":36,"turns":2},{"damage":26,"enemies":"3 Darklings","floor":37,"turns":3},{"damage":70,"enemies":"Maw","floor":38,"turns":7},{"damage":41,"enemies":"downfall:FleeingMerchant","floor":39,"turns":4},{"damage":65,"enemies":"4 Shapes","floor":40,"turns":4},{"damage":29,"enemies":"Jaw Worm Horde","floor":42,"turns":3},{"damage":56,"enemies":"Giant Head","floor":43,"turns":9},{"damage":26,"enemies":"2 Orb Walkers","floor":44,"turns":3},{"damage":27,"enemies":"Spire Growth","floor":45,"turns":3},{"damage":49,"enemies":"Sphere and 2 Shapes","floor":47,"turns":3},{"damage":9,"enemies":"4 Shapes","floor":48,"turns":4},{"damage":35,"enemies":"Maw","floor":49,"turns":6},{"damage":122,"enemies":"DF_ARCHETYPE_ORBS","floor":50,"turns":8}],"seed_played":"-2720457390061509410","potions_obtained":[{"floor":2.0,"key":"ColorlessPotion"},{"floor":8.0,"key":"Swift Potion"},{"floor":12.0,"key":"Strength Potion"},{"floor":15.0,"key":"champ:UltimateStancePotion"},{"floor":21,"key":"champ:CounterPotion"},{"floor":25,"key":"AttackPotion"},{"floor":27,"key":"SpeedPotion"},{"floor":29,"key":"FairyPotion"},{"floor":40,"key":"champ:CounterPotion"},{"floor":42,"key":"Weak Potion"},{"floor":43,"key":"EssenceOfSteel"},{"floor":44,"key":"sneckomod:MuddlingPotion"},{"floor":45,"key":"Energy Potion"}],"is_trial":false,"path_per_floor":["R","M","M","M","?","M","T","E","R","?","?","M","T","E","M","B",null,"R","M","M","M","?","R","T","E","M","M","$","M","E","M","M","B",null,"R","M","M","M","$","M","T","M","E","?","M","$","M","M","M","B",null],"character_chosen":"THE_CHAMP","items_purchased":["Membership Card","Akabeko","Bottled Tornado","expansioncontent:YouAreMine","CaptainsWheel","White Beast Statue","Jack Of All Trades","expansioncontent:StudyTheSpire","expansioncontent:DashGenerateEvil"],"campfire_rested":1,"item_purchase_floors":[28,28,28,28,39,39,39,39,46],"current_hp_per_floor":[90,90,90,90,90,65,65,44,71,71,71,67,77,57,68,35,100,100,94,94,79,79,79,79,82,84,80,75,73,57,44,36,23,100,100,89,70,100,99,90,90,83,84,109,109,109,97,95,97,45],"gold":245,"neow_bonus":"ONE_RANDOM_RARE_CARD","is_daily":false,"chose_seed":false,"campfire_upgraded":3,"win_rate":0.0,"timestamp":1612192453,"path_taken":["R","M","M","M","?","?","T","E","R","?","?","M","?","E","M","BOSS","R","M","M","M","?","R","T","E","M","M","$","?","E","M","M","BOSS","R","M","M","?","$","M","T","?","E","?","M","$","M","M","M","BOSS"],"items_purchased_type":["Relic","Relic","Relic","Card","Relic","Relic","Card","Card","Card"],"build_version":"2020-12-18","purchased_purges":1,"victory":true,"max_hp_per_floor":[90,90,90,90,90,90,90,90,90,90,90,90,100,100,100,100,100,100,100,100,100,100,100,100,100,100,100,100,100,100,100,100,100,100,100,100,100,100,100,100,100,100,100,114,114,114,114,114,114,114],"card_choices":[{"not_picked":["champ:Circumvent","champ:PerfectedStrike"],"picked":"champ:PreciseThrust","floor":2.0},{"not_picked":["champ:SetATrap","champ:Parry"],"picked":"champ:FanOfKnives","floor":3.0},{"not_picked":["champ:BladeFlurry","champ:PerfectedStrike"],"picked":"champ:Encircle","floor":4.0},{"not_picked":["champ:BringItOn","champ:IgnorePain"],"picked":"champ:DeathBlow","floor":6.0},{"not_picked":["champ:ShieldSlam","champ:GutPunch"],"picked":"champ:FocusedBerserking","floor":8.0},{"not_picked":["champ:DefensiveShout","champ:AdrenalArmor"],"picked":"champ:RecklessLeap","floor":12.0},{"not_picked":["champ:AdrenalArmor","champ:PreciseThrust"],"picked":"champ:StanceDance","floor":12.0},{"not_picked":["champ:CrookedStrike","champ:Endure"],"picked":"champ:FocusedBerserking","floor":14.0},{"not_picked":["champ:PreciseThrust","champ:DefensiveStyle"],"picked":"champ:ArenaPreparation","floor":15.0},{"not_picked":["champ:ViciousMockery","champ:DefensiveShout"],"picked":"champ:GladiatorStyle","floor":15.0},{"not_picked":["champ:TripleStrike","champ:Devastate"],"picked":"champ:CheapShot","floor":16.0},{"not_picked":["champ:GutPunch+1","champ:CrookedStrike"],"picked":"champ:Shatter","floor":19},{"not_picked":["champ:GutPunch+1","champ:FocusedDefense"],"picked":"champ:TornadoPunch+1","floor":19},{"not_picked":["champ:FlashCut","champ:FocusedBerserking"],"picked":"champ:BerserkersShout","floor":20},{"not_picked":["champ:HeartStrike","champ:FanOfKnives"],"picked":"champ:CrookedStrike","floor":20},{"not_picked":["champ:RisingSlash","champ:FanOfKnives"],"picked":"champ:Haymaker","floor":21},{"not_picked":["champ:Haymaker","champ:Lariat"],"picked":"champ:IronFortress+1","floor":21},{"not_picked":["champ:SetATrap","champ:BerserkersShout"],"picked":"champ:IronFortress+1","floor":25},{"not_picked":["champ:Shatter","champ:FlashCut"],"picked":"champ:GutPunch+1","floor":26},{"not_picked":["champ:GutPunch","champ:BladeFlurry"],"picked":"champ:ShieldSlam+1","floor":26},{"not_picked":["champ:HeartStrike","champ:Haymaker"],"picked":"champ:TornadoPunch+1","floor":27},{"not_picked":["champ:Lariat","champ:Haymaker"],"picked":"champ:Parry+1","floor":27},{"not_picked":["champ:Haymaker","champ:PreciseThrust"],"picked":"champ:TornadoPunch","floor":28},{"not_picked":["champ:FalseCounter+1","champ:MurderStrike"],"picked":"champ:Circumvent+1","floor":29},{"not_picked":["champ:BerserkersShout","champ:FanOfKnives"],"picked":"champ:AdrenalArmor","floor":29},{"not_picked":["champ:EnGarde+1","champ:HeartStrike"],"picked":"champ:PerfectedStrike+1","floor":30},{"not_picked":["champ:EndlessRage","champ:ViciousMockery"],"picked":"champ:DeathBlow+1","floor":31},{"not_picked":["champ:FanOfKnives","champ:BerserkersShout"],"picked":"champ:ShieldWall","floor":31},{"not_picked":["champ:GutPunch","champ:GladiatorStyle"],"picked":"champ:CheapShot","floor":32},{"not_picked":["champ:BladeFlurry","champ:PerfectedStrike"],"picked":"champ:AdrenalArmor","floor":32},{"not_picked":["champ:Devastate","champ:DancingMaster"],"picked":"champ:Improvising","floor":33},{"not_picked":[],"picked":"champ:DeathBlow+1","floor":36},{"not_picked":[],"picked":"champ:DefensiveShout+1","floor":36},{"not_picked":[],"picked":"champ:PreciseThrust+1","floor":37},{"not_picked":["champ:BladeFlurry+1"],"picked":"SKIP","floor":37},{"not_picked":[],"picked":"champ:BringItOn","floor":38},{"not_picked":[],"picked":"champ:DefensiveShout","floor":38},{"not_picked":[],"picked":"champ:FancyFootwork+1","floor":39},{"not_picked":[],"picked":"champ:PerfectedStrike","floor":40},{"not_picked":[],"picked":"champ:PerfectedStrike+1","floor":40},{"not_picked":[],"picked":"champ:ArenaPreparation+1","floor":42},{"not_picked":[],"picked":"champ:Circumvent+1","floor":42},{"not_picked":[],"picked":"champ:FancyFootwork+1","floor":43},{"not_picked":[],"picked":"champ:MurderStrike","floor":44},{"not_picked":[],"picked":"champ:Shatter","floor":45},{"not_picked":[],"picked":"champ:Parry+1","floor":45},{"not_picked":[],"picked":"champ:PreciseThrust","floor":47},{"not_picked":["champ:GladiatorStyle+1"],"picked":"SKIP","floor":47},{"not_picked":[],"picked":"champ:SetATrap","floor":48},{"not_picked":["champ:ViciousMockery"],"picked":"SKIP","floor":48},{"not_picked":["champ:Shatter"],"picked":"SKIP","floor":49},{"not_picked":["champ:ShieldSlam"],"picked":"SKIP","floor":49}],"player_experience":1251878,"relics_obtained":[{"floor":7.0,"key":"Incense Burner"},{"floor":8.0,"key":"Prayer Wheel"},{"floor":13.0,"key":"Pear"},{"floor":14.0,"key":"Blood Vial"},{"floor":24,"key":"Guardian:PocketSentry"},{"floor":25,"key":"MawBank"},{"floor":30,"key":"Girya"},{"floor":41,"key":"Dead Branch"},{"floor":43,"key":"Darkstone Periapt"},{"floor":44,"key":"Mango"}],"event_choices":[{"damage_healed":0.0,"max_hp_gain":0.0,"max_hp_loss":0.0,"gold_gain":0.0,"event_name":"Big Fish","player_choice":"Box","floor":11.0,"gold_loss":0.0,"damage_taken":0.0,"relics_obtained":["Du-Vu Doll"],"cards_obtained":["Regret"]},{"damage_healed":0,"gold_gain":0,"player_choice":"Fight","damage_taken":0,"max_hp_gain":0,"max_hp_loss":0,"event_name":"Mysterious Sphere","floor":44,"gold_loss":0}],"is_beta":true,"boss_relics":[{"not_picked":["Pandora\u0027s Box","champ:ChampionCrownUpgraded"],"picked":"bronze:MakeshiftBattery"},{"not_picked":["Sozu","Fusion Hammer"],"picked":"Busted Crown"}],"items_purged_floors":[28],"is_endless":false,"potions_floor_spawned":[2,8,12,15,21,25,27,29,40,42,43,44,45,47,48,49],"ascension_level":0}}