{"host":"usru02jcpe2a942d","time":1612158872,"event":{"mods":["Act Like it!","BaseMod","Colored Powertips","Friendly Minions","GifTheSpireLib","Highlight Path","Hubris","Infinite Spire","Jedi Mod","Minty Spire (QoL Compilation)","MostiFishMod","Pale of the Ancients","Prisma Mod","Quick Restart","Relic Stats","RumiaBox-露米娅的神秘盒子","StSLib","noobMod","【遗物卡牌】REMEMod","篝火指南"],"gold_per_floor":[112,126,301,320,320,320,338,338,338,363,381,67,67,80,80,180,180,194,205,225,241,253,278,278,278,303,331,331,343,357,383,383,485,485,503,553,653,653,672,702,713,743,768,795,807,837,849,871,326,362,406,456,468,39,39,136,111,111,111,153],"floor_reached":61,"language":"ZHS","playtime":2315,"items_purged":["Regret","PrismaMod:IllyaCommonDefend","PrismaMod:IllyaUberPoisonBlock"],"score":1770,"play_id":"9bc29caa-c990-4eb2-91af-ac701e1ad0b9","local_time":"20210201135432","is_ascension_mode":false,"campfire_choices":[{"data":"PrismaMod:IllyaBride","floor":6.0,"key":"SMITH"},{"data":"PrismaMod:IllyaUncommonDefend","floor":15.0,"key":"SMITH"},{"data":"PrismaMod:IllyaCarnivalOrbs","floor":25.0,"key":"SMITH"},{"data":"PrismaMod:IllyaUberPoisonChannel","floor":32.0,"key":"SMITH"},{"data":"MostiFishMod:ButterFly","floor":55,"key":"SMITH"}],"circlet_count":0,"master_deck":["PrismaMod:IllyaCommonAttack+1","PrismaMod:IllyaCommonAttack+1","PrismaMod:IllyaCommonDefend+1","PrismaMod:IllyaCommonAttack+1","PrismaMod:IllyaCommonDefend+1","PrismaMod:IllyaCommonAttack+1","PrismaMod:IllyaCommonDefend+1","PrismaMod:IllyaCommonAttack+1","PrismaMod:IllyaCommonDefend+1","PrismaMod:IllyaUncommonAttack","PrismaMod:IllyaUncommonDefend","Adrenaline","PrismaMod:IllyaBerserCAR","PrismaMod:IllyaBride+1","PrismaMod:IllyaUncommonDefend+1","PrismaMod:IllyaUncommonAOEAttack","MostiFishMod:ButterFly+1","PrismaMod:IllyaCarnivalOrbs+1","PrismaMod:IllyaCheapChannelDefend+1","PrismaMod:IllyaPoisonTippedWeapons","PrismaMod:IllyaInstallRider","PrismaMod:IllyaMaid+1","PrismaMod:IllyaUberPoisonChannel+1","hubris:Fate","PrismaMod:IllyaInstallAssassin","PrismaMod:IllyaCarnivalAttack","PrismaMod:IllyaPoisonBomb+1","PrismaMod:IllyaInstallRuler","PrismaMod:IllyaSaphire+1","PrismaMod:IllyaMinorZwei+1","PrismaMod:IllyaGrail+1","PrismaMod:IllyaPoisoningPhantasm+1","PrismaMod:IllyaPoisonTippedWeapons","PrismaMod:IllyaUncommonDefend+1","PrismaMod:IllyaPoisonBomb","PrismaMod:IllyaBlindPoisonToss+1","PrismaMod:IllyaBride+1","PrismaMod:IllyaGrailKun","PrismaMod:IllyaUberChannel","PrismaMod:IllyaMinorZwei+1","PrismaMod:IllyaFeed+1","PrismaMod:IllyaAssassinRevenge+1","PrismaMod:IllyaBerserCAR","PrismaMod:IllyaUncommonAttack+1","PrismaMod:IllyaPartialInstallAssassin","PrismaMod:IllyaMinorZwei+1","PrismaMod:IllyaHassanGift","PrismaMod:IllyaCarnivalDefend","PrismaMod:IllyaPoisonTippedWeapons+1","PrismaMod:IllyaBlindPoisonToss","PrismaMod:IllyaSaphire+1","PrismaMod:IllyaGun+1","PrismaMod:IllyaFriendMaker","PrismaMod:IllyaStunPoison+1","PrismaMod:IllyaRussianRoulette+1","PrismaMod:IllyaUberDefendChannel","PrismaMod:IllyaRubysPotion","PrismaMod:IllyaCheapChannelPoison","PrismaMod:IllyaCheapChannelDefend+1","PrismaMod:IllyaDevil","PrismaMod:IllyaMinorZwei","PrismaMod:IllyaCheapChannelAttack","PrismaMod:IllyaStunPoison+1","PrismaMod:IllyaGun","PrismaMod:IllyaRussianRoulette+1","PrismaMod:IllyaGrail","PrismaMod:IllyaPoisoningPhantasm+1","PrismaMod:IllyaEvokeAll+1","PrismaMod:IllyaRubysPotion","PrismaMod:IllyaUberChannel","PrismaMod:IllyaBerserCAR","PrismaMod:IllyaUpgradeOrbs+1","PrismaMod:IllyaBoysLove+1","PrismaMod:IllyaPoisonTippedWeapons"],"relics":["PrismaMod:PrismaRuby","DaveBox","ice","REME_ComplimentaryCards","ThornShield","SynthV:TestCard","Spirit Poop","infinitespire:Bottled Soul","infinitespire:EmpoweringShard","Bag of Preparation","Juzu Bracelet","hubris:EvacipatedBox","hubris:FruitBowl","Happy Flower","Dodecahedron","jedi:battlestandard","hubris:BottledRain","infinitespire:PuzzleCube","Red Mask","SSSystem","infinitespire:Beetle Shell","hubris:VirtuousBlindfold","HollowDreamFlower","REME_IWantAll","Smiling Mask","ExusiaiGun","Bottled Flame","Mango","MawBank","hubris:Icosahedron","infinitespire:ShieldingShard","REME_ArchaeologicalTools","paleoftheancients:Timepiece","paleoftheancients:KeyRelic","Gremlin Horn","paleoftheancients:SoulOfTheSilent","hubris:Towel","Sling","infinitespire:Satchel","Anchor","hubris:SlimyHat"],"acts_visited":["Exordium","TheCity","TheBeyond","paleoftheancients:PaleOfTheAncients"],"potions_floor_usage":[51,60,60],"damage_taken":[{"damage":10.0,"enemies":"infinitespire:Voidling","floor":1.0,"turns":4.0},{"damage":0.0,"enemies":"Jaw Worm","floor":2.0,"turns":4.0},{"damage":4.0,"enemies":"2 Louse","floor":4.0,"turns":2.0},{"damage":3.0,"enemies":"Gremlin Gang","floor":7.0,"turns":6.0},{"damage":7.0,"enemies":"3 Louse","floor":11.0,"turns":3.0},{"damage":0.0,"enemies":"Looter","floor":14.0,"turns":2.0},{"damage":0.0,"enemies":"Slime Boss","floor":16.0,"turns":3.0},{"damage":0.0,"enemies":"3 Byrds","floor":18.0,"turns":2.0},{"damage":0.0,"enemies":"Shell Parasite","floor":19.0,"turns":2.0},{"damage":0.0,"enemies":"Snake Plant","floor":20.0,"turns":3.0},{"damage":0.0,"enemies":"Sentry and Sphere","floor":21.0,"turns":3.0},{"damage":2.0,"enemies":"Centurion and Healer","floor":22.0,"turns":3.0},{"damage":0.0,"enemies":"Nightmare","floor":23.0,"turns":5.0},{"damage":0.0,"enemies":"Masked Bandits","floor":27.0,"turns":2.0},{"damage":0.0,"enemies":"Cultist and Chosen","floor":29.0,"turns":1.0},{"damage":0.0,"enemies":"Chosen and Byrds","floor":30.0,"turns":3.0},{"damage":1.0,"enemies":"Slavers","floor":31.0,"turns":3.0},{"damage":14.0,"enemies":"Automaton","floor":33.0,"turns":5.0},{"damage":0.0,"enemies":"3 Shapes","floor":35.0,"turns":2.0},{"damage":0.0,"enemies":"Mind Bloom Boss Battle","floor":36.0,"turns":3.0},{"damage":12.0,"enemies":"infinitespire:Three Voidlings","floor":37.0,"turns":2.0},{"damage":8.0,"enemies":"Nightmare_Alpha","floor":37.0,"turns":3.0},{"damage":0,"enemies":"3 Darklings","floor":39,"turns":1},{"damage":0,"enemies":"Nemesis","floor":40,"turns":1},{"damage":0,"enemies":"Sphere and 2 Shapes","floor":41,"turns":1},{"damage":0,"enemies":"Reptomancer","floor":42,"turns":1},{"damage":0,"enemies":"4 Shapes","floor":44,"turns":2},{"damage":0,"enemies":"Maw","floor":46,"turns":1},{"damage":0,"enemies":"Spire Growth","floor":47,"turns":1},{"damage":0,"enemies":"3 Darklings","floor":48,"turns":1},{"damage":0,"enemies":"hubris:GrandSnecko","floor":50,"turns":1},{"damage":0,"enemies":"hubris:GrandSnecko","floor":51,"turns":2},{"damage":43,"enemies":"hubris:GrandSnecko","floor":52,"turns":1},{"damage":0,"enemies":"hubris:GrandSnecko","floor":56,"turns":4},{"damage":245,"enemies":"paleoftheancients:N","floor":60,"turns":6}],"seed_played":"6994964277047241083","potions_obtained":[{"floor":7.0,"key":"jedi:mysterypotion"},{"floor":11.0,"key":"EntropicBrew"},{"floor":16.0,"key":"Fire Potion"},{"floor":19.0,"key":"FearPotion"},{"floor":31.0,"key":"Energy Potion"},{"floor":33.0,"key":"jedi:StrikingPotion"},{"floor":40,"key":"DuplicationPotion"},{"floor":51,"key":"SpeedPotion"}],"is_trial":false,"path_per_floor":["M","M","?","M","?","R","M","?","T","T","M","R","$","M","R","B",null,"M","M","M","M","M","NM","?","R","T","?","?","M","M","E","R","B",null,"M","?","?","AVR","M","E","M","E","T","M","?","M","M","M","R","B","M","M","?","$","R","M","R","T","?","B",null],"character_chosen":"ILLYA","items_purchased":["Juzu Bracelet","MostiFishMod:ButterFly","hubris:EvacipatedBox","hubris:FruitBowl","Happy Flower","Dodecahedron","infinitespire:ShieldingShard","REME_ArchaeologicalTools","PrismaMod:IllyaCheapChannelPoison","Sling","infinitespire:Satchel","Anchor","PrismaMod:IllyaPoisonTippedWeapons"],"campfire_rested":0,"item_purchase_floors":[12,12,13,13,13,13,49,49,49,54,54,54,57],"current_hp_per_floor":[79,79,79,75,75,75,72,72,72,72,65,65,2,6,6,26,82,82,82,82,82,80,82,82,82,82,82,82,82,82,81,81,70,82,82,82,70,70,74,87,87,113,113,118,118,123,123,128,128,128,133,137,137,137,137,143,143,143,143,145],"gold":153,"neow_bonus":"TEN_PERCENT_HP_BONUS","is_daily":false,"chose_seed":false,"campfire_upgraded":5,"win_rate":0.0,"timestamp":1612158872,"path_taken":["M","?","?","M","?","R","?","?","T","?","M","R","?","M","R","BOSS","M","M","M","M","M","NM","?","R","T","?","?","M","M","E","R","BOSS","M","?","?","AVR","M","E","M","E","T","M","?","M","M","M","R","BOSS","M","M","?","$","R","M","R","T","?","BOSS"],"items_purchased_type":["Relic","Card","Relic","Relic","Relic","Relic","Relic","Relic","Card","Relic","Relic","Relic","Card"],"build_version":"2020-12-22","purchased_purges":3,"victory":true,"max_hp_per_floor":[82,82,82,82,82,82,82,82,82,82,82,82,82,82,82,82,82,82,82,82,82,82,82,82,82,82,82,82,82,82,82,82,82,82,82,82,82,82,82,87,87,113,113,118,118,123,123,128,128,128,133,138,138,138,138,143,143,143,143,145],"relic_stats":{"Happy Flower":[23],"Gremlin Horn":[4,6],"counters":[35,89],"Bag of Preparation":[70],"Juzu Bracelet":1,"Smiling Mask":0,"MawBank":132,"obtain_stats":[{"DaveBox":0,"Gremlin Horn":50,"Spirit Poop":5,"SSSystem":28,"hubris:VirtuousBlindfold":34,"Mango":42,"ice":0,"Bag of Preparation":10,"Juzu Bracelet":12,"ExusiaiGun":38,"hubris:SlimyHat":58,"jedi:battlestandard":17,"REME_IWantAll":37,"Smiling Mask":38,"Sling":54,"hubris:EvacipatedBox":13,"PrismaMod:PrismaRuby":0,"hubris:Icosahedron":45,"infinitespire:ShieldingShard":49,"infinitespire:Bottled Soul":8,"Red Mask":27,"REME_ArchaeologicalTools":49,"HollowDreamFlower":36,"paleoftheancients:KeyRelic":50,"Happy Flower":13,"Dodecahedron":13,"hubris:FruitBowl":13,"infinitespire:Beetle Shell":31,"hubris:Towel":53,"ThornShield":0,"MawBank":43,"paleoftheancients:Timepiece":50,"Bottled Flame":40,"Anchor":54,"SynthV:TestCard":1,"infinitespire:Satchel":54,"infinitespire:EmpoweringShard":9,"paleoftheancients:SoulOfTheSilent":52,"infinitespire:PuzzleCube":26,"REME_ComplimentaryCards":0,"hubris:BottledRain":23},{"DaveBox":0,"Gremlin Horn":31,"Spirit Poop":3,"SSSystem":14,"hubris:VirtuousBlindfold":18,"Mango":26,"ice":0,"Bag of Preparation":4,"Juzu Bracelet":5,"ExusiaiGun":22,"hubris:SlimyHat":34,"jedi:battlestandard":7,"REME_IWantAll":22,"Smiling Mask":22,"Sling":33,"hubris:EvacipatedBox":5,"PrismaMod:PrismaRuby":0,"hubris:Icosahedron":27,"infinitespire:ShieldingShard":30,"infinitespire:Bottled Soul":4,"Red Mask":14,"REME_ArchaeologicalTools":30,"HollowDreamFlower":20,"paleoftheancients:KeyRelic":31,"Happy Flower":5,"Dodecahedron":5,"hubris:FruitBowl":5,"infinitespire:Beetle Shell":17,"hubris:Towel":33,"ThornShield":0,"MawBank":26,"paleoftheancients:Timepiece":31,"Bottled Flame":24,"Anchor":33,"SynthV:TestCard":1,"infinitespire:Satchel":33,"infinitespire:EmpoweringShard":4,"paleoftheancients:SoulOfTheSilent":33,"infinitespire:PuzzleCube":13,"REME_ComplimentaryCards":0,"hubris:BottledRain":13},{"DaveBox":0,"Gremlin Horn":76,"Spirit Poop":10,"SSSystem":44,"hubris:VirtuousBlindfold":56,"Mango":70,"ice":0,"Bag of Preparation":16,"Juzu Bracelet":19,"ExusiaiGun":66,"hubris:SlimyHat":83,"jedi:battlestandard":24,"REME_IWantAll":66,"Smiling Mask":66,"Sling":79,"hubris:EvacipatedBox":19,"PrismaMod:PrismaRuby":0,"hubris:Icosahedron":72,"infinitespire:ShieldingShard":75,"infinitespire:Bottled Soul":16,"Red Mask":44,"REME_ArchaeologicalTools":75,"HollowDreamFlower":61,"paleoftheancients:KeyRelic":76,"Happy Flower":19,"Dodecahedron":19,"hubris:FruitBowl":19,"infinitespire:Beetle Shell":51,"hubris:Towel":79,"ThornShield":0,"MawBank":70,"paleoftheancients:Timepiece":76,"Bottled Flame":68,"Anchor":79,"SynthV:TestCard":4,"infinitespire:Satchel":79,"infinitespire:EmpoweringShard":16,"paleoftheancients:SoulOfTheSilent":79,"infinitespire:PuzzleCube":42,"REME_ComplimentaryCards":0,"hubris:BottledRain":42}]},"card_choices":[{"not_picked":["PrismaMod:IllyaDetonatingBlow","PrismaMod:IllyaPoisoningPhantasm"],"picked":"PrismaMod:IllyaBerserCAR","floor":1.0},{"not_picked":["PrismaMod:IllyaRapidFire","PrismaMod:IllyaCommandSeal","PrismaMod:IllyaStunPoison","PrismaMod:IllyaMaid"],"picked":"PrismaMod:IllyaBride","floor":2.0},{"not_picked":["PrismaMod:IllyaMinorReinForce","PrismaMod:IllyaReinForce","PrismaMod:IllyaAOECommonAttack","PrismaMod:IllyaMinorRapidFire"],"picked":"PrismaMod:IllyaUncommonDefend","floor":4.0},{"not_picked":["PrismaMod:IllyaMaid","PrismaMod:IllyaCheapChannelPoison","PrismaMod:IllyaCarnivalOrbs","PrismaMod:IllyaCheapChannelAttack"],"picked":"PrismaMod:IllyaUberPoisonBlock","floor":7.0},{"not_picked":["PrismaMod:IllyaMinorRapidFire","PrismaMod:IllyaBoysLove","PrismaMod:IllyaCheapAttack","PrismaMod:IllyaUncommonAttack"],"picked":"PrismaMod:IllyaUncommonAOEAttack","floor":11.0},{"not_picked":["PrismaMod:IllyaCheapChannelAttack","PrismaMod:IllyaGrailKun","PrismaMod:IllyaAOECommonAttack","PrismaMod:IllyaUncommonAttack","PrismaMod:IllyaPoisoningPhantasm"],"picked":"SKIP","floor":14.0},{"not_picked":["PrismaMod:IllyaCarnivalDefend","PrismaMod:IllyaUberAttackChannel","PrismaMod:IllyaUberDefendChannel","PrismaMod:IllyaInstallSaber"],"picked":"PrismaMod:IllyaCarnivalOrbs","floor":16.0},{"not_picked":["PrismaMod:IllyaSaphire","PrismaMod:IllyaBlindPoisonToss","PrismaMod:IllyaHassanGift","PrismaMod:IllyaCommandSeal+1"],"picked":"PrismaMod:IllyaCheapChannelDefend+1","floor":18.0},{"not_picked":["PrismaMod:IllyaCheapChannelDefend","PrismaMod:IllyaGun+1","PrismaMod:IllyaTestament","PrismaMod:IllyaCommonEvoke"],"picked":"PrismaMod:IllyaPoisonTippedWeapons","floor":19.0},{"not_picked":["PrismaMod:IllyaRapidFire","PrismaMod:IllyaCheapAttack","PrismaMod:IllyaBerserCAR+1","PrismaMod:IllyaPoisonBomb"],"picked":"PrismaMod:IllyaInstallRider","floor":20.0},{"not_picked":["PrismaMod:IllyaBerserCAR","PrismaMod:IllyaCommandSeal","PrismaMod:IllyaUpgradeOrbs","PrismaMod:IllyaFriendMaker"],"picked":"PrismaMod:IllyaMaid+1","floor":21.0},{"not_picked":["PrismaMod:IllyaCheapChannelDefend","PrismaMod:IllyaUpgradeOrbs+1","PrismaMod:IllyaDualEvoke+1","PrismaMod:IllyaStunPoison"],"picked":"PrismaMod:IllyaUberPoisonChannel","floor":22.0},{"not_picked":["hubris:Rewind","infinitespire:Punishment"],"picked":"hubris:Fate","floor":23.0},{"not_picked":["PrismaMod:IllyaUberPoisonBlock","PrismaMod:IllyaUncommonEvoke","PrismaMod:IllyaStunPoison","PrismaMod:IllyaBlindPoisonToss+1"],"picked":"PrismaMod:IllyaInstallAssassin","floor":23.0},{"not_picked":["PrismaMod:IllyaUpgradeOrbs","PrismaMod:IllyaBerserCAR","PrismaMod:IllyaCheapChannelDefend","PrismaMod:IllyaRussianRoulette","PrismaMod:IllyaRubysPotion"],"picked":"SKIP","floor":29.0},{"not_picked":["PrismaMod:IllyaPoisoningPhantasm+1","PrismaMod:IllyaRapidFire","PrismaMod:IllyaMinorReinForce+1","PrismaMod:IllyaBerserCAR"],"picked":"PrismaMod:IllyaCarnivalAttack","floor":30.0},{"not_picked":["PrismaMod:IllyaUberPoisonBlock+1","PrismaMod:IllyaUncommonAttack","PrismaMod:IllyaRubysPotion","PrismaMod:IllyaUncommonEvoke+1"],"picked":"PrismaMod:IllyaPoisonBomb+1","floor":31.0},{"not_picked":["PrismaMod:IllyaCarnivalAttack","PrismaMod:IllyaInstallForeigner","PrismaMod:IllyaUberPoisonChannel","PrismaMod:IllyaUberAttackChannel"],"picked":"PrismaMod:IllyaInstallRuler","floor":33.0},{"not_picked":["PrismaMod:IllyaRapidFire+1","PrismaMod:IllyaPoisonBomb","PrismaMod:IllyaFriendMaker+1","PrismaMod:IllyaDualEvoke+1","PrismaMod:IllyaUpgradeOrbs+1"],"picked":"SKIP","floor":35.0},{"not_picked":["PrismaMod:IllyaReinForce","PrismaMod:IllyaGrailKun","PrismaMod:IllyaCheapChannelPoison","PrismaMod:IllyaCommonEvoke+1"],"picked":"PrismaMod:IllyaSaphire+1","floor":36.0},{"not_picked":["PrismaMod:IllyaMinorRapidFire+1","PrismaMod:IllyaInstallSaber","PrismaMod:IllyaUberPoisonBlock+1","PrismaMod:IllyaCheapAttack"],"picked":"PrismaMod:IllyaMinorZwei+1","floor":37},{"not_picked":["PrismaMod:IllyaMaid+1","PrismaMod:IllyaSaphire+1","PrismaMod:IllyaReinForce","PrismaMod:IllyaBerserCAR"],"picked":"PrismaMod:IllyaGrail+1","floor":39},{"not_picked":["PrismaMod:IllyaPoisoningPhantasm+1","PrismaMod:IllyaPoisonTippedWeapons","PrismaMod:IllyaUncommonDefend+1","PrismaMod:IllyaPoisonBomb","PrismaMod:IllyaBlindPoisonToss+1"],"picked":"Singing Bowl","floor":40},{"not_picked":["PrismaMod:IllyaMinorRapidFire","PrismaMod:IllyaRussianRoulette","PrismaMod:IllyaCheapChannelPoison+1","PrismaMod:IllyaPoisonBomb+1"],"picked":"PrismaMod:IllyaBride+1","floor":41},{"not_picked":["PrismaMod:IllyaGrailKun","PrismaMod:IllyaUberChannel","PrismaMod:IllyaMinorZwei+1","PrismaMod:IllyaFeed+1","PrismaMod:IllyaAssassinRevenge+1"],"picked":"Singing Bowl","floor":42},{"not_picked":["PrismaMod:IllyaBerserCAR","PrismaMod:IllyaUncommonAttack+1","PrismaMod:IllyaPartialInstallAssassin","PrismaMod:IllyaMinorZwei+1","PrismaMod:IllyaHassanGift"],"picked":"Singing Bowl","floor":44},{"not_picked":["PrismaMod:IllyaCarnivalDefend","PrismaMod:IllyaPoisonTippedWeapons+1","PrismaMod:IllyaBlindPoisonToss","PrismaMod:IllyaSaphire+1","PrismaMod:IllyaGun+1"],"picked":"Singing Bowl","floor":46},{"not_picked":["PrismaMod:IllyaFriendMaker","PrismaMod:IllyaBlindPoisonToss","PrismaMod:IllyaSaphire","PrismaMod:IllyaPoisonBlock","PrismaMod:IllyaRussianRoulette"],"picked":"SKIP","floor":47},{"not_picked":["PrismaMod:IllyaFriendMaker","PrismaMod:IllyaStunPoison+1","PrismaMod:IllyaRussianRoulette+1","PrismaMod:IllyaUberDefendChannel","PrismaMod:IllyaRubysPotion"],"picked":"Singing Bowl","floor":48},{"not_picked":["PrismaMod:IllyaCheapChannelDefend+1","PrismaMod:IllyaDevil","PrismaMod:IllyaMinorZwei","PrismaMod:IllyaCheapChannelAttack","PrismaMod:IllyaStunPoison+1"],"picked":"Singing Bowl","floor":51},{"not_picked":["PrismaMod:IllyaGun","PrismaMod:IllyaRussianRoulette+1","PrismaMod:IllyaGrail","PrismaMod:IllyaPoisoningPhantasm+1","PrismaMod:IllyaEvokeAll+1"],"picked":"Singing Bowl","floor":52},{"not_picked":["PrismaMod:IllyaRubysPotion","PrismaMod:IllyaUberChannel","PrismaMod:IllyaBerserCAR","PrismaMod:IllyaUpgradeOrbs+1","PrismaMod:IllyaBoysLove+1"],"picked":"Singing Bowl","floor":56}],"player_experience":238070,"relics_obtained":[{"floor":1.0,"key":"SynthV:TestCard"},{"floor":9.0,"key":"infinitespire:EmpoweringShard"},{"floor":10.0,"key":"Bag of Preparation"},{"floor":23.0,"key":"hubris:BottledRain"},{"floor":26.0,"key":"infinitespire:PuzzleCube"},{"floor":27.0,"key":"Red Mask"},{"floor":28.0,"key":"SSSystem"},{"floor":31.0,"key":"infinitespire:Beetle Shell"},{"floor":36.0,"key":"HollowDreamFlower"},{"floor":37,"key":"REME_IWantAll"},{"floor":40,"key":"Bottled Flame"},{"floor":42,"key":"Mango"},{"floor":43,"key":"MawBank"},{"floor":52,"key":"paleoftheancients:SoulOfTheSilent"},{"floor":56,"key":"paleoftheancients:SoulOfTheDefect"},{"floor":58,"key":"hubris:SlimyHat"}],"event_choices":[{"damage_healed":0.0,"max_hp_gain":0.0,"max_hp_loss":0.0,"gold_gain":175.0,"event_name":"Liars Game","player_choice":"AGREE","floor":3.0,"gold_loss":0.0,"damage_taken":0.0,"cards_obtained":["Doubt"]},{"cards_removed":["Doubt"],"damage_healed":0.0,"max_hp_gain":0.0,"max_hp_loss":0.0,"gold_gain":0.0,"event_name":"Bonfire Elementals","player_choice":"Offered Curse","floor":5.0,"gold_loss":0.0,"damage_taken":0.0,"relics_obtained":["Spirit Poop"]},{"damage_healed":0.0,"max_hp_gain":0.0,"max_hp_loss":0.0,"gold_gain":0.0,"event_name":"Big Fish","player_choice":"Box","floor":8.0,"gold_loss":0.0,"damage_taken":0.0,"relics_obtained":["infinitespire:Bottled Soul"],"cards_obtained":["Regret"]},{"damage_healed":0.0,"max_hp_gain":0.0,"max_hp_loss":0.0,"gold_gain":0.0,"event_name":"Back to Basics","player_choice":"Simplicity","floor":24.0,"gold_loss":0.0,"damage_taken":0.0,"cards_upgraded":["PrismaMod:IllyaCommonAttack","PrismaMod:IllyaCommonAttack","PrismaMod:IllyaCommonDefend","PrismaMod:IllyaCommonAttack","PrismaMod:IllyaCommonDefend","PrismaMod:IllyaCommonAttack","PrismaMod:IllyaCommonDefend","PrismaMod:IllyaCommonAttack","PrismaMod:IllyaCommonDefend"]},{"damage_healed":0.0,"max_hp_gain":0.0,"max_hp_loss":0.0,"gold_gain":0.0,"event_name":"Masked Bandits","player_choice":"Fought Bandits","floor":27.0,"gold_loss":0.0,"damage_taken":0.0},{"damage_healed":0.0,"max_hp_gain":0.0,"max_hp_loss":0.0,"gold_gain":0.0,"event_name":"Wheel of Change","player_choice":"Relic","floor":28.0,"gold_loss":0.0,"damage_taken":0.0},{"damage_healed":0.0,"max_hp_gain":0.0,"max_hp_loss":0.0,"gold_gain":0.0,"event_name":"MindBloom","player_choice":"Fight","floor":36.0,"gold_loss":0.0,"damage_taken":0.0}],"is_beta":false,"boss_relics":[{"not_picked":["EasyGame_NEW","hubris:BlackHole","TimeKeys"],"picked":"jedi:battlestandard"},{"not_picked":["Cursed Key","Runic Pyramid","RhineCircuit"],"picked":"hubris:VirtuousBlindfold"}],"items_purged_floors":[12,13,38],"is_endless":false,"potions_floor_spawned":[7,11,16,19,20,31,33,35,37,37,40,41,46,51,56],"ascension_level":0}}