{"host":"dvpvhz1t6etneyb3","time":1612149076,"event":{"mods":["AchievementEnabler","BaseMod","Colored Map","Highlight Path","Minty Spire (QoL Compilation)","Permanent Neow","Quick Restart"],"gold_per_floor":[18,31,41,59,77,112,112,141,141,141,174,73,84,84,84,161,161,181,181,181,194,32,65,65,82,82,109,109,128,144,144,144,217,217,229,276,276,291,303,330,340,340,395,424,449,449,6,6,6,6,6,6,6,6,36,36],"floor_reached":57,"language":"ENG","playtime":3179,"items_purged":["Strike_P","Strike_P"],"score":2815,"play_id":"5f8694e5-0b30-44b5-896a-144986535904","local_time":"20210131221116","is_ascension_mode":true,"campfire_choices":[{"data":"TalkToTheHand","floor":7.0,"key":"SMITH"},{"data":"Ragnarok","floor":10.0,"key":"SMITH"},{"data":"Wallop","floor":15.0,"key":"SMITH"},{"floor":24.0,"key":"REST"},{"data":"TalkToTheHand","floor":28.0,"key":"SMITH"},{"floor":32.0,"key":"REST"},{"floor":42.0,"key":"REST"},{"floor":49.0,"key":"RECALL"},{"data":"Wireheading","floor":53.0,"key":"SMITH"}],"circlet_count":0,"master_deck":["AscendersBane","Defend_P","Defend_P","Defend_P","Defend_P","Eruption","Ragnarok+1","Protect","BowlingBash+1","Vengeance","FlurryOfBlows","TalkToTheHand+1","Wallop+1","Swivel+1","Halt+1","SpiritShield+1","Evaluate+1","Crescendo+1","TalkToTheHand+1","TalkToTheHand+1","Meditate+1","ClearTheMind+1","Collect+1","Vault+1","Sanctity+1","Blasphemy+1","WaveOfTheHand+1","Protect+1","Parasite","Omniscience+1","Wireheading+1","Secret Weapon+1"],"relics":["PureWater","Omamori","Bag of Marbles","Sundial","Toxic Egg 2","Ancient Tea Set","Cursed Key","Necronomicon","DollysMirror","Smiling Mask","Dream Catcher","Sozu","Bird Faced Urn","Unceasing Top","Nunchaku","Torii","Dead Branch","Centennial Puzzle"],"acts_visited":["Exordium","TheCity","TheBeyond","TheEnding"],"potions_floor_usage":[56],"damage_taken":[{"damage":5.0,"enemies":"Small Slimes","floor":1.0,"turns":4.0},{"damage":2.0,"enemies":"Jaw Worm","floor":2.0,"turns":5.0},{"damage":0.0,"enemies":"Cultist","floor":3.0,"turns":2.0},{"damage":0.0,"enemies":"2 Fungi Beasts","floor":4.0,"turns":2.0},{"damage":1.0,"enemies":"Looter","floor":5.0,"turns":3.0},{"damage":14.0,"enemies":"3 Sentries","floor":6.0,"turns":6.0},{"damage":1.0,"enemies":"Lagavulin","floor":8.0,"turns":5.0},{"damage":20.0,"enemies":"3 Sentries","floor":11.0,"turns":4.0},{"damage":0.0,"enemies":"3 Louse","floor":13.0,"turns":3.0},{"damage":7.0,"enemies":"Hexaghost","floor":16.0,"turns":5.0},{"damage":5.0,"enemies":"Spheric Guardian","floor":18.0,"turns":3.0},{"damage":11.0,"enemies":"2 Thieves","floor":21.0,"turns":2.0},{"damage":3.0,"enemies":"Slavers","floor":23.0,"turns":2.0},{"damage":0.0,"enemies":"Centurion and Healer","floor":25.0,"turns":3.0},{"damage":8.0,"enemies":"Gremlin Leader","floor":27.0,"turns":5.0},{"damage":0.0,"enemies":"Chosen and Byrds","floor":29.0,"turns":3.0},{"damage":4.0,"enemies":"Snake Plant","floor":30.0,"turns":2.0},{"damage":24.0,"enemies":"Automaton","floor":33.0,"turns":8.0},{"damage":0.0,"enemies":"3 Darklings","floor":35.0,"turns":3.0},{"damage":10.0,"enemies":"2 Orb Walkers","floor":36.0,"turns":5.0},{"damage":0.0,"enemies":"3 Shapes","floor":38.0,"turns":5.0},{"damage":3.0,"enemies":"Sphere and 2 Shapes","floor":39.0,"turns":6.0},{"damage":0.0,"enemies":"Giant Head","floor":40.0,"turns":8.0},{"damage":21.0,"enemies":"Spire Growth","floor":41.0,"turns":4.0},{"damage":4.0,"enemies":"Reptomancer","floor":44.0,"turns":3.0},{"damage":0.0,"enemies":"Mind Bloom Boss Battle","floor":45.0,"turns":5.0},{"damage":0.0,"enemies":"Donu and Deca","floor":50.0,"turns":6.0},{"damage":1.0,"enemies":"Time Eater","floor":51.0,"turns":11.0},{"damage":28.0,"enemies":"Shield and Spear","floor":55.0,"turns":3.0},{"damage":27,"enemies":"The Heart","floor":56,"turns":8}],"seed_played":"-6943991721248898839","potions_obtained":[{"floor":1.0,"key":"Weak Potion"},{"floor":4.0,"key":"AttackPotion"},{"floor":6.0,"key":"FearPotion"},{"floor":11.0,"key":"SkillPotion"},{"floor":13.0,"key":"Dexterity Potion"},{"floor":16.0,"key":"EntropicBrew"},{"floor":23.0,"key":"DuplicationPotion"},{"floor":29.0,"key":"Explosive Potion"},{"floor":30.0,"key":"Swift Potion"}],"is_trial":false,"path_per_floor":["M","M","M","M","M","E","R","E","T","R","E","$","M","?","R","B",null,"M","?","?","M","$","E","R","M","T","E","R","M","M","?","R","B",null,"M","?","?","M","M","E","M","R","T","E","?","?","$","?","R","B","B",null,"R","$","E","B",null],"character_chosen":"WATCHER","items_purchased":["Halt+1","DollysMirror","Dead Branch","Wireheading"],"campfire_rested":3,"item_purchase_floors":[12,22,47,47],"current_hp_per_floor":[56,54,54,54,53,39,39,38,38,38,18,18,18,18,18,11,54,49,28,42,31,31,28,48,48,48,40,40,40,36,36,56,32,59,59,49,49,49,46,46,25,45,45,41,41,41,41,41,41,49,54,65,65,65,37,14],"gold":36,"neow_bonus":"THREE_RARE_CARDS","is_daily":false,"chose_seed":false,"campfire_upgraded":5,"win_rate":0.0,"timestamp":1612149076,"path_taken":["M","M","M","M","M","E","R","E","T","R","E","$","M","?","R","BOSS","M","?","?","M","?","E","R","M","T","E","R","M","M","?","R","BOSS","M","?","?","?","M","E","M","R","T","E","?","?","$","?","R","BOSS","BOSS","R","$","E","BOSS"],"items_purchased_type":["Card","Relic","Relic","Card"],"build_version":"2020-12-22","purchased_purges":2,"victory":true,"max_hp_per_floor":[68,68,68,68,68,68,68,68,68,68,68,68,68,68,68,68,68,68,68,68,68,68,68,68,68,68,68,68,68,68,68,68,68,68,68,68,68,68,68,68,68,68,68,68,68,68,68,68,68,68,68,68,68,68,68,68],"card_choices":[{"not_picked":["ConjureBlade","DevaForm"],"picked":"Ragnarok","floor":0.0},{"not_picked":["SignatureMove","Nirvana"],"picked":"Protect","floor":1.0},{"not_picked":["EmptyMind","ForeignInfluence"],"picked":"BowlingBash","floor":2.0},{"not_picked":["CutThroughFate","FlyingSleeves"],"picked":"Vengeance","floor":3.0},{"not_picked":["BowlingBash","DeceiveReality"],"picked":"FlurryOfBlows","floor":4.0},{"not_picked":["ReachHeaven","SashWhip"],"picked":"TalkToTheHand","floor":5.0},{"not_picked":["BowlingBash","CarveReality"],"picked":"Wallop","floor":6.0},{"not_picked":["Consecrate","Worship","EmptyMind"],"picked":"SKIP","floor":8.0},{"not_picked":["WheelKick","WreathOfFlame+1"],"picked":"Swivel+1","floor":11.0},{"not_picked":["WreathOfFlame+1","FlurryOfBlows","SandsOfTime"],"picked":"SKIP","floor":13.0},{"not_picked":["Brilliance","Ragnarok"],"picked":"SpiritShield+1","floor":16.0},{"not_picked":["Fasting2","ThirdEye+1"],"picked":"Evaluate+1","floor":18.0},{"not_picked":["FollowUp","Evaluate+1"],"picked":"Crescendo+1","floor":21.0},{"not_picked":["Evaluate+1","SashWhip"],"picked":"TalkToTheHand","floor":23.0},{"not_picked":["Halt+1","CrushJoints","Evaluate+1"],"picked":"SKIP","floor":25.0},{"not_picked":["Crescendo+1","JustLucky","PathToVictory+1"],"picked":"SKIP","floor":27.0},{"not_picked":["Study","Evaluate+1"],"picked":"Meditate+1","floor":29.0},{"not_picked":["FlurryOfBlows","Vengeance+1"],"picked":"ClearTheMind+1","floor":30.0},{"not_picked":["Pray+1","PathToVictory+1"],"picked":"Sanctity+1","floor":32.0},{"not_picked":["SpiritShield+1","Devotion"],"picked":"Blasphemy+1","floor":33.0},{"not_picked":["BowlingBash","CutThroughFate","ClearTheMind+1"],"picked":"SKIP","floor":35.0},{"not_picked":["Wireheading","Crescendo+1"],"picked":"WaveOfTheHand+1","floor":36.0},{"not_picked":["BattleHymn+1","Halt+1","WreathOfFlame+1"],"picked":"SKIP","floor":38.0},{"not_picked":["MasterReality","ThirdEye+1","ForeignInfluence+1"],"picked":"SKIP","floor":39.0},{"not_picked":["EmptyBody+1","EmptyFist"],"picked":"Protect+1","floor":40.0},{"not_picked":["SignatureMove+1","Protect+1","PathToVictory+1"],"picked":"SKIP","floor":41.0},{"not_picked":["EmptyBody+1","Halt+1","SandsOfTime"],"picked":"SKIP","floor":44.0},{"not_picked":["Consecrate","BowlingBash+1"],"picked":"Omniscience+1","floor":45.0},{"not_picked":["Mind Blast","HandOfGreed"],"picked":"Secret Weapon+1","floor":48.0},{"not_picked":["PathToVictory+1","WaveOfTheHand+1","EmptyBody+1"],"picked":"SKIP","floor":55.0}],"player_experience":2120489,"relics_obtained":[{"floor":6.0,"key":"Omamori"},{"floor":8.0,"key":"Bag of Marbles"},{"floor":9.0,"key":"Sundial"},{"floor":11.0,"key":"Toxic Egg 2"},{"floor":19.0,"key":"Necronomicon"},{"floor":23.0,"key":"Smiling Mask"},{"floor":27.0,"key":"Dream Catcher"},{"floor":36.0,"key":"Bird Faced Urn"},{"floor":40.0,"key":"Unceasing Top"},{"floor":44.0,"key":"Nunchaku"},{"floor":45.0,"key":"Torii"},{"floor":55.0,"key":"Centennial Puzzle"}],"event_choices":[{"damage_healed":0.0,"max_hp_gain":0.0,"max_hp_loss":0.0,"gold_gain":0.0,"event_name":"Big Fish","player_choice":"Box","floor":14.0,"gold_loss":0.0,"damage_taken":0.0,"relics_obtained":["Ancient Tea Set"],"cards_obtained":["Regret"]},{"damage_healed":0.0,"max_hp_gain":0.0,"max_hp_loss":0.0,"gold_gain":0.0,"event_name":"Cursed Tome","player_choice":"Obtained Book","floor":19.0,"gold_loss":0.0,"damage_taken":21.0},{"damage_healed":14.0,"max_hp_gain":0.0,"max_hp_loss":0.0,"gold_gain":0.0,"event_name":"The Library","player_choice":"Heal","floor":20.0,"gold_loss":0.0,"damage_taken":0.0},{"damage_healed":0.0,"max_hp_gain":0.0,"max_hp_loss":0.0,"gold_gain":0.0,"cards_transformed":["Strike_P","Strike_P"],"event_name":"Drug Dealer","player_choice":"Became Test Subject","floor":31.0,"gold_loss":0.0,"damage_taken":0.0,"cards_obtained":["Collect","Vault"]},{"damage_healed":0.0,"max_hp_gain":0.0,"max_hp_loss":0.0,"gold_gain":0.0,"event_name":"Mysterious Sphere","player_choice":"Fight","floor":36.0,"gold_loss":0.0,"damage_taken":0.0},{"damage_healed":0.0,"max_hp_gain":0.0,"max_hp_loss":0.0,"gold_gain":0.0,"event_name":"Upgrade Shrine","player_choice":"Upgraded","floor":37.0,"gold_loss":0.0,"damage_taken":0.0,"cards_upgraded":["BowlingBash"]},{"damage_healed":0.0,"max_hp_gain":0.0,"max_hp_loss":0.0,"gold_gain":0.0,"event_name":"MindBloom","player_choice":"Fight","floor":45.0,"gold_loss":0.0,"damage_taken":0.0},{"cards_removed":["Vigilance"],"damage_healed":0.0,"max_hp_gain":0.0,"max_hp_loss":0.0,"gold_gain":0.0,"event_name":"Falling","player_choice":"Removed Skill","floor":46.0,"gold_loss":0.0,"damage_taken":0.0},{"damage_healed":0.0,"max_hp_gain":0.0,"max_hp_loss":0.0,"gold_gain":0.0,"event_name":"SensoryStone","player_choice":"Memory 1","floor":48.0,"gold_loss":0.0,"damage_taken":0.0}],"is_beta":false,"boss_relics":[{"not_picked":["SacredBark","Busted Crown"],"picked":"Cursed Key"},{"not_picked":["Coffee Dripper","Velvet Choker"],"picked":"Sozu"}],"items_purged_floors":[12,47],"is_endless":false,"potions_floor_spawned":[1,4,6,11,13,16,18,23,29,30,33,36,39,40,41,44],"ascension_level":20}}