{"host":"c97twqu0op5dg8i4","time":1612143279,"event":{"mods":["AchievementEnabler","BaseMod","Colored Map","Minty Spire (QoL Compilation)","Permanent Neow"],"gold_per_floor":[116,116,180,196,40,74,74,74,74],"floor_reached":8,"language":"ENG","playtime":194,"items_purged":[],"score":84,"play_id":"8aa91039-5000-4f90-a721-945e5b8d8d8f","local_time":"20210131203439","is_ascension_mode":true,"campfire_choices":[{"data":"Consume","floor":7,"key":"SMITH"}],"circlet_count":0,"master_deck":["AscendersBane","Strike_B","Strike_B","Strike_B","Strike_B","Defend_B","Defend_B","Defend_B","Defend_B","Zap","Dualcast","Biased Cognition","Steam","Coolheaded","Ball Lightning","Consume+1","Capacitor","Leap"],"relics":["Cracked Core","SsserpentHead","The Courier"],"acts_visited":["Exordium"],"potions_floor_usage":[8,8],"damage_taken":[{"damage":6,"enemies":"2 Louse","floor":1,"turns":4},{"damage":1,"enemies":"Cultist","floor":3,"turns":3},{"damage":0,"enemies":"Small Slimes","floor":4,"turns":3},{"damage":29,"enemies":"Lagavulin","floor":6,"turns":5},{"damage":32,"enemies":"Gremlin Nob","floor":8,"turns":3}],"seed_played":"5518157522449658325","potions_obtained":[{"floor":3,"key":"AttackPotion"},{"floor":4,"key":"Explosive Potion"},{"floor":6,"key":"AttackPotion"}],"is_trial":false,"path_per_floor":["M","?","M","M","$","E","R","E"],"character_chosen":"DEFECT","items_purchased":["Consume","Capacitor"],"campfire_rested":0,"item_purchase_floors":[5,5],"current_hp_per_floor":[62,62,61,61,61,32,32,0,0],"gold":74,"neow_bonus":"ONE_RANDOM_RARE_CARD","is_daily":false,"chose_seed":false,"campfire_upgraded":1,"win_rate":0.0,"timestamp":1612143279,"path_taken":["M","?","?","M","$","E","R","E"],"items_purchased_type":["Card","Card"],"build_version":"2020-12-22","purchased_purges":0,"victory":false,"max_hp_per_floor":[75,75,75,75,75,75,75,75,75],"card_choices":[{"not_picked":["Compile Driver","Beam Cell"],"picked":"Steam","floor":1},{"not_picked":["Redo","Lockon"],"picked":"Coolheaded","floor":3},{"not_picked":["Blizzard","Stack"],"picked":"Ball Lightning","floor":4},{"not_picked":["Sweeping Beam","Reprogram"],"picked":"Leap","floor":6}],"player_experience":335228,"relics_obtained":[{"floor":6,"key":"The Courier"}],"event_choices":[{"damage_healed":0,"gold_gain":0,"player_choice":"Trade","damage_taken":0,"relics_obtained":["SsserpentHead"],"max_hp_gain":0,"max_hp_loss":0,"event_name":"FaceTrader","floor":2,"gold_loss":0}],"is_beta":false,"boss_relics":[],"items_purged_floors":[],"is_endless":false,"potions_floor_spawned":[3,4,6],"killed_by":"Gremlin Nob","ascension_level":10}}