{"host":"rzpi613efy9j52u4","time":1612195374,"event":{"mods":["Aspiration","BaseMod","BetterRewards","Colored Powertips","Downfall","Googly Eyes","Hubris","Infinite Spire","Minty Spire (QoL Compilation)","Rare Cards Sparkle","Shop Mod","StSLib","The Cursed","The Disciple","The Hierophant","The Necromancer","The Poker Player"],"gold_per_floor":[115,115,128,128,142,142,173,190,213,241,241,13,13,13,13,142,142,165,165,192,41,41,41,41,41],"floor_reached":23,"language":"ENG","playtime":1916,"items_purged":["PokerPlayerMod:GamblerForm"],"score":195,"play_id":"7cdbe84a-84cb-4ced-a4eb-1865dac80604","local_time":"20210201110254","daily_mods":["Vintage","Red Cards","Green Cards","Blue Cards","Purple Cards","Colorless Cards","Heirloom","Time Dilation","Flight","downfall:Lament"],"is_ascension_mode":false,"campfire_choices":[{"data":"infinitespire:DeathsTouch","floor":6,"key":"SMITH"},{"floor":13,"key":"REST"},{"data":"Slimebound:DuplicatedForm","floor":15,"key":"SMITH"}],"circlet_count":0,"master_deck":["Demon Form","Wraith Form v2","Echo Form","DevaForm","PokerPlayerMod:StackedDeck","bronze:Verify","Guardian:ConstructionForm","OracleForm","Slimebound:DuplicatedForm+1","sneckomod:SerpentMind","hexamod:HexaLevel","champ:GladiatorForm","Apotheosis+1","Slimebound:Strike_Slimebound","Slimebound:Strike_Slimebound","Slimebound:Strike_Slimebound","Slimebound:Tackle","Slimebound:Defend_Slimebound","Slimebound:Defend_Slimebound","Slimebound:Defend_Slimebound","Slimebound:Defend_Slimebound","Slimebound:Split","Slimebound:CorrosiveSpit","Injury","infinitespire:DeathsTouch+1","Blade Dance+1","Venomology+1","infinitespire:Neurotoxin+1"],"relics":["Slimebound:AbsorbEndCombat","NeowsBlessing","Ginger","infinitespire:Beetle Shell","Toxic Egg 2","Omamori","hubris:ToyBattleship","Tiny Chest","aspiration:TomeofQuesting","Juzu Bracelet","infinitespire:FocusingShard","Bloody Idol","CeramicFish","hubris:TerracottaHorce","Anchor","Blood Vial","Guardian:BottledAnomaly"],"acts_visited":["Exordium","TheCity"],"potions_floor_usage":[16,16,16,18],"damage_taken":[{"damage":0,"enemies":"Jaw Worm","floor":1,"turns":2},{"damage":12,"enemies":"Small Slimes","floor":3,"turns":3},{"damage":0,"enemies":"2 Louse","floor":5,"turns":3},{"damage":30,"enemies":"3 Sentries","floor":7,"turns":5},{"damage":10,"enemies":"Exordium Thugs","floor":8,"turns":6},{"damage":17,"enemies":"Lagavulin","floor":10,"turns":6},{"damage":16,"enemies":"Slime Boss","floor":16,"turns":6},{"damage":34,"enemies":"Chosen","floor":18,"turns":4},{"damage":53,"enemies":"Gremlin Leader","floor":23,"turns":2}],"seed_played":"-4847666155897424248","potions_obtained":[{"floor":8,"key":"sneckomod:MuddlingPotion"},{"floor":10,"key":"AttackPotion"},{"floor":18,"key":"champ:CounterPotion"},{"floor":22,"key":"EssenceOfSteel"},{"floor":22,"key":"sneckomod:MuddlingPotion"}],"is_trial":true,"path_per_floor":["M","?","M","?","M","R","E","M","T","E","?","$","R","?","R","B",null,"M","?","T","$","?","E"],"character_chosen":"SLIMEBOUND","items_purchased":["CeramicFish","Guardian:BottledAnomaly"],"campfire_rested":1,"item_purchase_floors":[12,21],"current_hp_per_floor":[65,65,54,54,54,54,25,33,33,33,33,33,51,51,51,36,54,36,36,41,41,41,0,0,0],"gold":41,"neow_bonus":"","is_daily":false,"chose_seed":false,"campfire_upgraded":2,"win_rate":0.0,"timestamp":1612195374,"path_taken":["M","?","M","?","M","R","E","M","T","E","?","$","R","?","R","BOSS","M","?","?","$","?","E"],"items_purchased_type":["Relic","Relic"],"build_version":"2020-12-13","purchased_purges":1,"victory":false,"max_hp_per_floor":[65,65,65,65,65,65,65,65,65,65,60,60,60,60,60,60,60,60,60,60,60,60,60,60,60],"card_choices":[{"not_picked":["infinitespire:FinalStrike","infinitespire:TheBestDefense"],"picked":"infinitespire:DeathsTouch","floor":4},{"not_picked":["Chaos+1","hubris:SlightOfHand+1"],"picked":"Blade Dance+1","floor":7},{"not_picked":["SashWhip","Protect+1"],"picked":"Venomology+1","floor":10},{"not_picked":["hubris:StunningStrike","Seek+1"],"picked":"infinitespire:Neurotoxin+1","floor":16}],"player_experience":92250,"relics_obtained":[{"floor":1,"key":"infinitespire:Beetle Shell"},{"floor":3,"key":"Omamori"},{"floor":5,"key":"hubris:ToyBattleship"},{"floor":7,"key":"Tiny Chest"},{"floor":8,"key":"aspiration:TomeofQuesting"},{"floor":9,"key":"Juzu Bracelet"},{"floor":10,"key":"infinitespire:FocusingShard"},{"floor":18,"key":"Anchor"},{"floor":20,"key":"Blood Vial"}],"event_choices":[{"damage_healed":0,"gold_gain":0,"player_choice":"Lose Max HP","damage_taken":0,"relics_obtained":["Golden Idol"],"max_hp_gain":0,"max_hp_loss":5,"event_name":"Golden Idol","floor":11,"gold_loss":0},{"damage_healed":0,"gold_gain":0,"player_choice":"Ignored","damage_taken":0,"max_hp_gain":0,"max_hp_loss":0,"event_name":"NoteForYourself","floor":14,"gold_loss":0},{"damage_healed":0,"gold_gain":0,"player_choice":"Gave Idol","damage_taken":0,"relics_obtained":["Bloody Idol"],"max_hp_gain":0,"max_hp_loss":0,"event_name":"Forgotten Altar","floor":19,"relics_lost":["Golden Idol"],"gold_loss":0},{"damage_healed":0,"gold_gain":0,"player_choice":"Got Potions","damage_taken":0,"max_hp_gain":0,"max_hp_loss":0,"event_name":"Lab","floor":22,"gold_loss":0}],"is_beta":false,"boss_relics":[{"not_picked":["expansioncontent:StudyCardRelic","aspiration:WatcherSkillbook"],"picked":"hubris:TerracottaHorce"}],"items_purged_floors":[12],"is_endless":false,"potions_floor_spawned":[8,10,18],"killed_by":"Gremlin Leader","ascension_level":0}}