{"host":"d52brwsy6af8zvaq","time":1612152221,"event":{"mods":["AchievementEnabler","BaseMod","Bestiary","Highlight Path","Minty Spire (QoL Compilation)","Quick Restart","Relic Stats","ojb\u0027s Better Paths Mod"],"gold_per_floor":[119,134,134,148,47,47,78,78,78,105,120,20,20,20,20,20,20],"floor_reached":16,"language":"ENG","playtime":441,"items_purged":["Strike_G","Strike_G"],"score":216,"play_id":"43e4ad19-3264-45a4-a4c6-fa7a75c5ff6f","local_time":"20210131210341","is_ascension_mode":true,"campfire_choices":[{"data":"Neutralize","floor":6.0,"key":"SMITH"},{"floor":15.0,"key":"REST"}],"circlet_count":0,"master_deck":["AscendersBane","Strike_G","Strike_G","Strike_G","Defend_G","Defend_G","Defend_G","Defend_G","Defend_G","Survivor","Neutralize+1","Sucker Punch","Poisoned Stab","PiercingWail","Cloak And Dagger","Backstab","Flechettes","Deadly Poison","Injury"],"relics":["Ring of the Snake","Sundial","InkBottle","Lantern","Golden Idol"],"acts_visited":["Exordium"],"potions_floor_usage":[16],"damage_taken":[{"damage":7.0,"enemies":"Small Slimes","floor":1.0,"turns":5.0},{"damage":0.0,"enemies":"2 Louse","floor":2.0,"turns":3.0},{"damage":2.0,"enemies":"Jaw Worm","floor":4.0,"turns":5.0},{"damage":13.0,"enemies":"Lagavulin","floor":7.0,"turns":8.0},{"damage":42.0,"enemies":"Gremlin Nob","floor":10.0,"turns":5.0},{"damage":0.0,"enemies":"3 Louse","floor":11.0,"turns":3.0},{"damage":27,"enemies":"The Guardian","floor":16,"turns":8}],"seed_played":"5359466149826242060","potions_obtained":[{"floor":1.0,"key":"Dexterity Potion"},{"floor":2.0,"key":"BlessingOfTheForge"},{"floor":11.0,"key":"FearPotion"}],"is_trial":false,"path_per_floor":["M","M","?","M","$","R","E","?","T","E","M","$","?","$","R","B"],"character_chosen":"THE_SILENT","items_purchased":["Cloak And Dagger"],"campfire_rested":1,"item_purchase_floors":[5],"current_hp_per_floor":[58,58,58,56,56,56,43,43,43,1,1,1,1,1,22,0,0],"gold":20,"neow_bonus":"TEN_PERCENT_HP_BONUS","is_daily":false,"chose_seed":false,"campfire_upgraded":1,"win_rate":0.0,"timestamp":1612152221,"path_taken":["M","M","?","M","$","R","E","?","T","E","M","$","?","?","R","BOSS"],"items_purchased_type":["Card"],"build_version":"2020-12-22","purchased_purges":2,"victory":false,"max_hp_per_floor":[72,72,72,72,72,72,72,72,72,72,72,72,72,72,72,72,72],"relic_stats":{"counters":[7,37],"Sundial":[2],"Golden Idol":0,"obtain_stats":[{"Lantern":10,"Sundial":7,"Golden Idol":13,"InkBottle":9,"Ring of the Snake":0},{"Lantern":5,"Sundial":4,"Golden Idol":6,"InkBottle":4,"Ring of the Snake":0},{"Lantern":26,"Sundial":21,"Golden Idol":29,"InkBottle":21,"Ring of the Snake":0}],"InkBottle":[5],"Ring of the Snake":[14]},"card_choices":[{"not_picked":["Deflect","Dodge and Roll"],"picked":"Sucker Punch","floor":1.0},{"not_picked":["Endless Agony","Sucker Punch"],"picked":"Poisoned Stab","floor":2.0},{"not_picked":["Flying Knee","Acrobatics"],"picked":"PiercingWail","floor":4.0},{"not_picked":["Slice","Flying Knee"],"picked":"Backstab","floor":7.0},{"not_picked":["Quick Slash","Bane"],"picked":"Flechettes","floor":10.0},{"not_picked":["Accuracy","Terror"],"picked":"Deadly Poison","floor":11.0}],"player_experience":2098549,"relics_obtained":[{"floor":7.0,"key":"Sundial"},{"floor":9.0,"key":"InkBottle"},{"floor":10.0,"key":"Lantern"}],"event_choices":[{"damage_healed":0.0,"max_hp_gain":0.0,"max_hp_loss":0.0,"gold_gain":0.0,"event_name":"The Cleric","player_choice":"Leave","floor":3.0,"gold_loss":0.0,"damage_taken":0.0},{"damage_healed":0.0,"max_hp_gain":0.0,"max_hp_loss":0.0,"gold_gain":0.0,"event_name":"Dead Adventurer","player_choice":"Searched \u00270\u0027 times","floor":8.0,"gold_loss":0.0,"damage_taken":0.0},{"damage_healed":0.0,"max_hp_gain":0.0,"max_hp_loss":0.0,"gold_gain":0.0,"event_name":"Golden Idol","player_choice":"Take Wound","floor":13.0,"gold_loss":0.0,"damage_taken":0.0,"relics_obtained":["Golden Idol"],"cards_obtained":["Injury"]}],"is_beta":false,"boss_relics":[],"items_purged_floors":[5,12],"is_endless":false,"potions_floor_spawned":[1,2,11],"killed_by":"The Guardian","ascension_level":20}}