{"host":"yx5rao87132cy5xq","time":1612138316,"event":{"mods":["2.2 Compatiblity","AchievementEnabler","BaseMod","Bestiary","Colored Map","Colored Powertips","Minty Spire (QoL Compilation)","Quick Restart","Relic Stats","Slay-I","SuperFastMode"],"gold_per_floor":[116,126,126,143,158,185,201,230,230,230,250,280,312,312,312,386,386,403,403,421,439,41,41,41],"floor_reached":23,"language":"ENG","playtime":1910,"items_purged":["Strike_R"],"score":383,"play_id":"a4d44d9a-451a-4c9e-b5ba-9d59336a20b3","local_time":"20210201011156","is_ascension_mode":true,"campfire_choices":[{"floor":10,"key":"REST"},{"floor":15,"key":"REST"}],"circlet_count":0,"master_deck":["AscendersBane","Strike_R","Strike_R","Strike_R","Defend_R","Defend_R","Defend_R","Defend_R","Bash","Flame Barrier","Wild Strike","Blood for Blood","Headbutt","Reaper","Armaments","Shockwave","Feel No Pain","Flame Barrier","Bludgeon","Battle Trance","Dark Embrace+1","Whirlwind","Sentinel"],"relics":["Black Blood","Centennial Puzzle","Tiny Chest","Red Skull","Boot","StrikeDummy","Toxic Egg 2"],"acts_visited":["Exordium","TheCity"],"potions_floor_usage":[8,8,13],"damage_taken":[{"damage":16,"enemies":"Jaw Worm","floor":1,"turns":4},{"damage":3,"enemies":"Cultist","floor":2,"turns":5},{"damage":0,"enemies":"Small Slimes","floor":4,"turns":4},{"damage":24,"enemies":"Exordium Wildlife","floor":5,"turns":6},{"damage":32,"enemies":"Gremlin Nob","floor":6,"turns":5},{"damage":36,"enemies":"Large Slime","floor":7,"turns":7},{"damage":17,"enemies":"3 Sentries","floor":8,"turns":9},{"damage":22,"enemies":"Exordium Thugs","floor":11,"turns":5},{"damage":12,"enemies":"Gremlin Nob","floor":13,"turns":3},{"damage":25,"enemies":"Hexaghost","floor":16,"turns":9},{"damage":16,"enemies":"Spheric Guardian","floor":18,"turns":4},{"damage":7,"enemies":"3 Byrds","floor":20,"turns":3},{"damage":64,"enemies":"Shelled Parasite and Fungi","floor":21,"turns":9},{"damage":5,"enemies":"Gremlin Leader","floor":23,"turns":4}],"seed_played":"-1567767909758123458","potions_obtained":[{"floor":4,"key":"SneckoOil"},{"floor":5,"key":"EssenceOfSteel"},{"floor":11,"key":"Swift Potion"},{"floor":13,"key":"GamblersBrew"},{"floor":16,"key":"Swift Potion"}],"is_trial":false,"path_per_floor":["M","M","?","M","M","E","M","E","T","R","M","?","E","T","R","B",null,"M","?","M","M","$","E"],"character_chosen":"IRONCLAD","items_purchased":["Sentinel","Toxic Egg 2"],"campfire_rested":2,"item_purchase_floors":[22,22],"current_hp_per_floor":[65,68,68,74,56,30,8,12,12,36,27,27,31,31,55,36,71,67,67,72,27,27,22,22],"gold":41,"neow_bonus":"TEN_PERCENT_HP_BONUS","is_daily":false,"chose_seed":false,"campfire_upgraded":0,"win_rate":0.0,"timestamp":1612138316,"path_taken":["M","M","?","M","?","E","M","E","T","R","M","?","E","?","R","BOSS","M","?","M","M","$","E"],"items_purchased_type":["Card","Relic"],"build_version":"2020-12-22","purchased_purges":1,"victory":false,"max_hp_per_floor":[82,82,82,82,82,82,82,82,82,82,82,82,82,82,82,82,82,82,82,82,82,82,82,82],"relic_stats":{"Centennial Puzzle":[27],"counters":[14,77],"Black Blood":96,"Tiny Chest":0,"Boot":[10],"obtain_stats":[{"Centennial Puzzle":6,"Black Blood":17,"Tiny Chest":8,"Toxic Egg 2":22,"Boot":13,"StrikeDummy":14,"Burning Blood":0,"Red Skull":9},{"Centennial Puzzle":5,"Black Blood":10,"Tiny Chest":7,"Toxic Egg 2":13,"Boot":9,"StrikeDummy":9,"Burning Blood":0,"Red Skull":7},{"Centennial Puzzle":24,"Black Blood":57,"Tiny Chest":40,"Toxic Egg 2":73,"Boot":48,"StrikeDummy":48,"Burning Blood":0,"Red Skull":40}]},"card_choices":[{"not_picked":["Cleave","Rampage"],"picked":"Flame Barrier","floor":1},{"not_picked":["Anger","Dark Embrace"],"picked":"Wild Strike","floor":2},{"not_picked":["Entrench","Sword Boomerang"],"picked":"Blood for Blood","floor":4},{"not_picked":["Havoc","Anger"],"picked":"Headbutt","floor":5},{"not_picked":["Perfected Strike","Searing Blow"],"picked":"Reaper","floor":6},{"not_picked":["Twin Strike","Clothesline"],"picked":"Armaments","floor":7},{"not_picked":["Anger","Twin Strike"],"picked":"Shockwave","floor":8},{"not_picked":["Armaments","Disarm"],"picked":"Feel No Pain","floor":11},{"not_picked":["Feed","Sword Boomerang"],"picked":"Flame Barrier","floor":13},{"not_picked":["Corruption","Exhume"],"picked":"Bludgeon","floor":16},{"not_picked":["Dropkick","Thunderclap"],"picked":"Battle Trance","floor":18},{"not_picked":["Infernal Blade","Clothesline"],"picked":"Dark Embrace+1","floor":20},{"not_picked":["Hemokinesis+1","Iron Wave"],"picked":"Whirlwind","floor":21}],"player_experience":954168,"relics_obtained":[{"floor":6,"key":"Centennial Puzzle"},{"floor":8,"key":"Tiny Chest"},{"floor":9,"key":"Red Skull"},{"floor":13,"key":"Boot"},{"floor":14,"key":"StrikeDummy"}],"event_choices":[{"damage_healed":0,"gold_gain":0,"player_choice":"0 cards matched","damage_taken":0,"max_hp_gain":0,"max_hp_loss":0,"event_name":"Match and Keep!","floor":3,"gold_loss":0,"cards_obtained":[]},{"damage_healed":0,"gold_gain":30,"player_choice":"Searched \u00271\u0027 times","damage_taken":0,"max_hp_gain":0,"max_hp_loss":0,"event_name":"Dead Adventurer","floor":12,"gold_loss":0},{"cards_removed":["Strike_R"],"damage_healed":0,"gold_gain":0,"player_choice":"Offered Basic","damage_taken":0,"max_hp_gain":0,"max_hp_loss":0,"event_name":"Bonfire Elementals","floor":19,"gold_loss":0}],"is_beta":false,"boss_relics":[{"not_picked":["Busted Crown","Runic Dome"],"picked":"Black Blood"}],"items_purged_floors":[22],"is_endless":false,"potions_floor_spawned":[4,5,11,13,16,21],"killed_by":"Gremlin Leader","ascension_level":16}}