{"host":"gobyjzz6xbwq9f9i","time":1612140547,"event":{"mods":["AchievementEnabler","BaseMod","Bestiary","Colored Map","Minty Spire (QoL Compilation)","Relic Stats"],"gold_per_floor":[109,109,184,184,204,222,241,241,241,11,40,6,6,37,37,136,136,151,167,185,185,197,197,51,81,104,104,115,133,158,158,158,257,257,277,328,340,355,111,111,121,146,146,146,178,188,198,73,73,73],"floor_reached":51,"language":"ENG","playtime":2377,"items_purged":["Decay","Doubt","Decay"],"score":1021,"play_id":"9fc8f718-dd44-451a-9a1e-dddc5bb0126d","local_time":"20210131164907","is_ascension_mode":true,"campfire_choices":[{"data":"CrushJoints","floor":8.0,"key":"SMITH"},{"data":"Tantrum","floor":13.0,"key":"SMITH"},{"data":"ReachHeaven","floor":15.0,"key":"SMITH"},{"floor":23.0,"key":"REST"},{"floor":27.0,"key":"REST"},{"floor":32.0,"key":"REST"},{"floor":40,"key":"REST"},{"floor":49,"key":"REST"}],"circlet_count":0,"master_deck":["Strike_P","Strike_P+1","Strike_P+1","Defend_P+1","Defend_P+1","Defend_P","Eruption+1","Vigilance+1","FollowUp+1","CrushJoints+1","Evaluate+1","FollowUp","Tantrum+1","DeceiveReality","ReachHeaven+1","LessonLearned+1","EmptyBody","Adaptation+1","FlurryOfBlows+1","Scrawl+1","TalkToTheHand+1","TalkToTheHand+1","Meditate","Halt","Crescendo+1","FollowUp","Sanctity+1","DeusExMachina","Halt+1","TalkToTheHand","Clumsy","TalkToTheHand+1","TalkToTheHand+1","JustLucky+1"],"relics":["Cursed Key","Meat on the Bone","Gremlin Horn","Blood Vial","Centennial Puzzle","Orichalcum","Fusion Hammer","Akabeko","Question Card","Dream Catcher","Dead Branch","Busted Crown","Unceasing Top","PreservedInsect","Happy Flower","Nunchaku"],"acts_visited":["Exordium","TheCity","TheBeyond"],"potions_floor_usage":[42],"damage_taken":[{"damage":0.0,"enemies":"Jaw Worm","floor":1.0,"turns":4.0},{"damage":1.0,"enemies":"2 Louse","floor":5.0,"turns":2.0},{"damage":0.0,"enemies":"Cultist","floor":6.0,"turns":2.0},{"damage":7.0,"enemies":"Exordium Thugs","floor":7.0,"turns":4.0},{"damage":30.0,"enemies":"Lagavulin","floor":11.0,"turns":3.0},{"damage":0.0,"enemies":"3 Sentries","floor":14.0,"turns":3.0},{"damage":36.0,"enemies":"Hexaghost","floor":16.0,"turns":4.0},{"damage":7.0,"enemies":"Chosen","floor":18.0,"turns":4.0},{"damage":1.0,"enemies":"Spheric Guardian","floor":19.0,"turns":3.0},{"damage":0.0,"enemies":"Snecko","floor":20.0,"turns":3.0},{"damage":1.0,"enemies":"3 Cultists","floor":22.0,"turns":6.0},{"damage":15.0,"enemies":"Book of Stabbing","floor":25.0,"turns":5.0},{"damage":21.0,"enemies":"Shelled Parasite and Fungi","floor":28.0,"turns":2.0},{"damage":17.0,"enemies":"Snake Plant","floor":29.0,"turns":4.0},{"damage":21.0,"enemies":"Slavers","floor":30.0,"turns":3.0},{"damage":49,"enemies":"Automaton","floor":33,"turns":7},{"damage":0,"enemies":"3 Darklings","floor":35,"turns":2},{"damage":9,"enemies":"2 Orb Walkers","floor":36,"turns":4},{"damage":0,"enemies":"3 Shapes","floor":37,"turns":3},{"damage":10,"enemies":"Spire Growth","floor":38,"turns":4},{"damage":21,"enemies":"Maw","floor":41,"turns":6},{"damage":0,"enemies":"Reptomancer","floor":42,"turns":4},{"damage":18,"enemies":"Nemesis","floor":45,"turns":5},{"damage":0,"enemies":"Writhing Mass","floor":46,"turns":4},{"damage":0,"enemies":"3 Darklings","floor":47,"turns":3},{"damage":20,"enemies":"Awakened One","floor":50,"turns":9}],"seed_played":"-8983223596197382656","potions_obtained":[{"floor":7.0,"key":"ColorlessPotion"},{"floor":11.0,"key":"Weak Potion"},{"floor":16.0,"key":"PowerPotion"},{"floor":18.0,"key":"CultistPotion"},{"floor":20.0,"key":"GamblersBrew"},{"floor":28.0,"key":"SteroidPotion"},{"floor":47,"key":"Ambrosia"}],"is_trial":false,"path_per_floor":["M","?","?","?","M","M","M","R","T","$","E","$","R","E","R","B",null,"M","M","M","?","M","R","$","E","T","R","M","M","E","?","R","B",null,"M","?","M","M","$","R","M","E","T","?","E","M","M","$","R","B",null],"character_chosen":"WATCHER","items_purchased":["Blood Vial","DeceiveReality","Akabeko","PreservedInsect"],"campfire_rested":5,"item_purchase_floors":[10,12,24,39],"current_hp_per_floor":[72,65,54,54,53,53,46,46,46,46,30,30,30,44,44,22,60,55,56,58,58,59,72,72,57,57,72,51,48,41,41,62,27,61,63,56,58,50,50,71,51,53,53,53,37,39,41,41,62,44],"gold":73,"neow_bonus":"BOSS_RELIC","is_daily":false,"chose_seed":false,"campfire_upgraded":3,"win_rate":0.0,"timestamp":1612140547,"path_taken":["M","?","?","?","M","M","?","R","T","$","E","?","R","E","R","BOSS","M","M","M","?","M","R","$","E","T","R","M","?","E","?","R","BOSS","M","?","M","M","$","R","M","E","T","?","E","M","M","$","R","BOSS"],"items_purchased_type":["Relic","Card","Relic","Relic"],"build_version":"2020-12-22","purchased_purges":3,"victory":true,"max_hp_per_floor":[72,72,72,72,72,72,72,72,72,72,72,72,72,72,72,72,72,72,72,72,72,72,72,72,72,72,72,72,72,72,72,72,72,72,72,72,72,72,72,72,72,72,72,72,72,72,72,72,72,72],"relic_stats":{"Gremlin Horn":[25,25],"Happy Flower":[7],"counters":[26,103],"Dead Branch":[87],"PreservedInsect":122,"Orichalcum":[24],"Cursed Key":3,"Question Card":17,"Blood Vial":39,"Centennial Puzzle":[42],"Dream Catcher":4,"Nunchaku":[7],"Busted Crown":22,"obtain_stats":[{"Gremlin Horn":9,"Happy Flower":42,"Dead Branch":30,"PreservedInsect":39,"Orichalcum":14,"Cursed Key":0,"Question Card":25,"Akabeko":24,"Blood Vial":10,"Centennial Puzzle":11,"Dream Catcher":26,"Nunchaku":45,"Busted Crown":34,"Fusion Hammer":17,"PureWater":0,"Unceasing Top":36,"Meat on the Bone":2},{"Gremlin Horn":4,"Happy Flower":22,"Dead Branch":15,"PreservedInsect":20,"Orichalcum":6,"Cursed Key":0,"Question Card":12,"Akabeko":11,"Blood Vial":4,"Centennial Puzzle":5,"Dream Catcher":12,"Nunchaku":23,"Busted Crown":16,"Fusion Hammer":7,"PureWater":0,"Unceasing Top":18,"Meat on the Bone":1},{"Gremlin Horn":12,"Happy Flower":82,"Dead Branch":52,"PreservedInsect":72,"Orichalcum":18,"Cursed Key":0,"Question Card":43,"Akabeko":38,"Blood Vial":12,"Centennial Puzzle":15,"Dream Catcher":43,"Nunchaku":87,"Busted Crown":59,"Fusion Hammer":22,"PureWater":0,"Unceasing Top":65,"Meat on the Bone":4}],"Unceasing Top":[0],"Meat on the Bone":72},"card_choices":[{"not_picked":["Evaluate","ThirdEye"],"picked":"FollowUp","floor":1.0},{"not_picked":["Collect","WindmillStrike"],"picked":"CrushJoints","floor":5.0},{"not_picked":["Halt","CrushJoints"],"picked":"Evaluate","floor":6.0},{"not_picked":["Prostrate","Crescendo"],"picked":"FollowUp","floor":7.0},{"not_picked":["Indignation","Alpha"],"picked":"Tantrum","floor":11.0},{"not_picked":["FollowUp","Protect"],"picked":"ReachHeaven","floor":14.0},{"not_picked":["Devotion","MasterReality"],"picked":"LessonLearned","floor":16.0},{"not_picked":["SignatureMove","CutThroughFate"],"picked":"EmptyBody","floor":18.0},{"not_picked":["Protect","Weave"],"picked":"Adaptation","floor":19.0},{"not_picked":["Halt","ThirdEye"],"picked":"FlurryOfBlows+1","floor":20.0},{"not_picked":["FlyingSleeves","Prostrate"],"picked":"Scrawl","floor":22.0},{"not_picked":["Collect","Consecrate"],"picked":"TalkToTheHand+1","floor":25.0},{"not_picked":["FlurryOfBlows","Pray+1","PathToVictory"],"picked":"TalkToTheHand","floor":27.0},{"not_picked":["Tantrum","SashWhip","CarveReality"],"picked":"Meditate","floor":28.0},{"not_picked":["FollowUp+1","BowlingBash","SashWhip"],"picked":"Halt","floor":29.0},{"not_picked":["FollowUp","CrushJoints","FlyingSleeves+1","SignatureMove"],"picked":"SKIP","floor":30.0},{"not_picked":["Study","LikeWater+1","CrushJoints"],"picked":"Sanctity+1","floor":32.0},{"not_picked":["DevaForm","Alpha","Blasphemy"],"picked":"DeusExMachina","floor":33},{"not_picked":["Swivel","Conclude"],"picked":"SKIP","floor":35},{"not_picked":["CrushJoints"],"picked":"Halt+1","floor":37},{"not_picked":["ThirdEye+1"],"picked":"TalkToTheHand","floor":38},{"not_picked":["EmptyBody","Nirvana+1"],"picked":"SKIP","floor":41},{"not_picked":["Weave","PathToVictory+1"],"picked":"SKIP","floor":42},{"not_picked":["SashWhip+1"],"picked":"TalkToTheHand+1","floor":45},{"not_picked":["Weave","JustLucky+1"],"picked":"SKIP","floor":46},{"not_picked":["Protect+1"],"picked":"TalkToTheHand+1","floor":47},{"not_picked":["Protect"],"picked":"JustLucky+1","floor":49}],"player_experience":1247565,"relics_obtained":[{"floor":9.0,"key":"Gremlin Horn"},{"floor":11.0,"key":"Centennial Puzzle"},{"floor":14.0,"key":"Orichalcum"},{"floor":25.0,"key":"Question Card"},{"floor":26.0,"key":"Dream Catcher"},{"floor":30.0,"key":"Dead Branch"},{"floor":36,"key":"Unceasing Top"},{"floor":42,"key":"Happy Flower"},{"floor":45,"key":"Nunchaku"}],"event_choices":[{"damage_healed":0.0,"max_hp_gain":0.0,"max_hp_loss":0.0,"gold_gain":0.0,"event_name":"Scrap Ooze","player_choice":"Success","floor":2.0,"gold_loss":0.0,"damage_taken":7.0,"relics_obtained":["Meat on the Bone"]},{"damage_healed":0.0,"max_hp_gain":0.0,"max_hp_loss":0.0,"gold_gain":75.0,"event_name":"World of Goop","player_choice":"Gather Gold","floor":3.0,"gold_loss":0.0,"damage_taken":11.0},{"damage_healed":0.0,"max_hp_gain":0.0,"max_hp_loss":0.0,"gold_gain":0.0,"event_name":"NoteForYourself","player_choice":"Ignored","floor":4.0,"gold_loss":0.0,"damage_taken":0.0},{"damage_healed":0.0,"max_hp_gain":0.0,"max_hp_loss":0.0,"gold_gain":0.0,"event_name":"Wheel of Change","player_choice":"Cursed","floor":21.0,"gold_loss":0.0,"damage_taken":0.0,"cards_obtained":["Decay"]},{"damage_healed":0.0,"max_hp_gain":0.0,"max_hp_loss":0.0,"gold_gain":0.0,"cards_transformed":["Strike_P","Defend_P"],"event_name":"Drug Dealer","player_choice":"Became Test Subject","floor":31.0,"gold_loss":0.0,"damage_taken":0.0,"cards_obtained":["Crescendo","FollowUp"]},{"damage_healed":0,"gold_gain":0,"player_choice":"Fight","damage_taken":0,"max_hp_gain":0,"max_hp_loss":0,"event_name":"Mysterious Sphere","floor":36,"gold_loss":0},{"damage_healed":0,"gold_gain":0,"player_choice":"Ignored","damage_taken":0,"max_hp_gain":0,"max_hp_loss":0,"event_name":"Tomb of Lord Red Mask","floor":44,"gold_loss":0}],"is_beta":false,"boss_relics":[{"not_picked":["VioletLotus","Empty Cage"],"picked":"Fusion Hammer"},{"not_picked":["SacredBark","Black Star"],"picked":"Busted Crown"}],"items_purged_floors":[10,39,48],"is_endless":false,"potions_floor_spawned":[7,11,16,18,20,28,33,36,37,41,47],"ascension_level":5}}