{"host":"3a1ypf1irl30q4k8","time":1612165698,"event":{"mods":["AchievementEnabler","BaseMod","Bestiary","Colored Map","Minty Spire (QoL Compilation)","Relic Stats"],"gold_per_floor":[117,129,129,129,148,148,163,163,237,247,247,277,277,9,9,112,112,126,136,136,147,147,147,182,182,205,205,220,135,135,11,11,107,107,123,137,137,150,150,150,150,150],"floor_reached":41,"language":"ENG","playtime":2472,"items_purged":["Strike_G"],"score":501,"play_id":"d2408eb1-8e82-4541-85d7-52e9407a7916","local_time":"20210201074818","is_ascension_mode":true,"campfire_choices":[{"data":"Die Die Die","floor":6.0,"key":"SMITH"},{"data":"Dagger Spray","floor":8.0,"key":"SMITH"},{"data":"Poisoned Stab","floor":11.0,"key":"SMITH"},{"data":"Predator","floor":15.0,"key":"SMITH"},{"floor":23,"key":"REST"},{"data":"Bane","floor":25,"key":"SMITH"},{"floor":30,"key":"REST"},{"floor":32,"key":"REST"},{"data":"Bullet Time","floor":40,"key":"SMITH"}],"circlet_count":0,"master_deck":["Strike_G","Strike_G","Strike_G","Strike_G","Defend_G","Defend_G","Defend_G","Defend_G","Defend_G","Survivor","Neutralize","Writhe","Die Die Die+1","Dagger Spray+1","Backstab","Poisoned Stab+1","Sucker Punch","Backflip","Leg Sweep+1","Predator+1","Blur","Malaise","Bane+1","Deadly Poison","Outmaneuver","Deadly Poison","Bullet Time+1","PiercingWail","Distraction+1","Dodge and Roll+1"],"relics":["Ring of the Snake","Strawberry","Matryoshka","Lizard Tail","TwistedFunnel","Runic Pyramid","Dream Catcher","Smiling Mask","Ancient Tea Set","Philosopher\u0027s Stone"],"acts_visited":["Exordium","TheCity","TheBeyond"],"potions_floor_usage":[27,28,33,36,36,41],"damage_taken":[{"damage":3.0,"enemies":"Cultist","floor":1.0,"turns":4.0},{"damage":0.0,"enemies":"Small Slimes","floor":2.0,"turns":2.0},{"damage":0.0,"enemies":"2 Louse","floor":5.0,"turns":2.0},{"damage":0.0,"enemies":"Looter","floor":7.0,"turns":1.0},{"damage":0.0,"enemies":"Large Slime","floor":10.0,"turns":3.0},{"damage":10.0,"enemies":"Gremlin Nob","floor":12.0,"turns":3.0},{"damage":41.0,"enemies":"Slime Boss","floor":16.0,"turns":9.0},{"damage":19.0,"enemies":"Shell Parasite","floor":18.0,"turns":11.0},{"damage":18.0,"enemies":"2 Thieves","floor":19.0,"turns":4.0},{"damage":14,"enemies":"Centurion and Healer","floor":21,"turns":5},{"damage":0,"enemies":"Gremlin Leader","floor":24,"turns":6},{"damage":0,"enemies":"Snake Plant","floor":27,"turns":1},{"damage":45,"enemies":"Sentry and Sphere","floor":28,"turns":9},{"damage":74,"enemies":"Automaton","floor":33,"turns":16},{"damage":0,"enemies":"Orb Walker","floor":35,"turns":3},{"damage":19,"enemies":"3 Darklings","floor":36,"turns":3},{"damage":34,"enemies":"Sphere and 2 Shapes","floor":38,"turns":7},{"damage":78,"enemies":"Giant Head","floor":41,"turns":10}],"seed_played":"-6810245672863704205","potions_obtained":[{"floor":1.0,"key":"Energy Potion"},{"floor":5.0,"key":"LiquidMemories"},{"floor":7.0,"key":"Poison Potion"},{"floor":12.0,"key":"Fruit Juice"},{"floor":18.0,"key":"SmokeBomb"},{"floor":28,"key":"AttackPotion"},{"floor":33,"key":"Energy Potion"},{"floor":36,"key":"EssenceOfSteel"}],"is_trial":false,"path_per_floor":["M","M","?","?","M","R","M","R","T","M","R","E","?","$","R","B",null,"M","M","?","M","?","R","E","R","T","M","M","?","R","$","R","B",null,"M","M","?","M","?","R","E"],"character_chosen":"THE_SILENT","items_purchased":["TwistedFunnel","Predator","Blur","Deadly Poison","Block Potion"],"campfire_rested":3,"item_purchase_floors":[14,14,14,31,31],"current_hp_per_floor":[67,67,67,72,72,72,72,72,72,72,72,62,62,62,62,21,82,63,45,45,31,31,55,55,55,55,55,15,15,41,41,67,42,87,87,68,68,34,76,76,0,0],"gold":150,"neow_bonus":"THREE_RARE_CARDS","is_daily":false,"chose_seed":false,"campfire_upgraded":6,"win_rate":0.0,"timestamp":1612165698,"path_taken":["M","M","?","?","M","R","M","R","T","M","R","E","?","$","R","BOSS","M","M","?","M","?","R","E","R","T","M","M","?","R","$","R","BOSS","M","M","?","M","?","R","E"],"items_purchased_type":["Relic","Card","Card","Card","Potion"],"build_version":"2020-12-22","purchased_purges":1,"victory":false,"max_hp_per_floor":[70,70,77,82,82,82,82,82,82,82,82,82,82,82,82,82,82,82,82,82,82,82,82,82,82,82,82,87,87,87,87,87,87,87,87,87,87,87,76,76,76,76],"relic_stats":{"Lizard Tail":43,"Dream Catcher":2,"counters":[18,99],"Smiling Mask":25,"obtain_stats":[{"TwistedFunnel":14,"Lizard Tail":12,"Dream Catcher":24,"Matryoshka":9,"Strawberry":3,"Philosopher\u0027s Stone":34,"Smiling Mask":26,"Ancient Tea Set":29,"Ring of the Snake":0,"Runic Pyramid":17},{"TwistedFunnel":6,"Lizard Tail":6,"Dream Catcher":11,"Matryoshka":4,"Strawberry":2,"Philosopher\u0027s Stone":14,"Smiling Mask":11,"Ancient Tea Set":13,"Ring of the Snake":0,"Runic Pyramid":7},{"TwistedFunnel":15,"Lizard Tail":15,"Dream Catcher":50,"Matryoshka":9,"Strawberry":6,"Philosopher\u0027s Stone":76,"Smiling Mask":50,"Ancient Tea Set":60,"Ring of the Snake":0,"Runic Pyramid":24}],"Ring of the Snake":[36]},"card_choices":[{"not_picked":["Corpse Explosion","Burst"],"picked":"Die Die Die","floor":0.0},{"not_picked":["Deflect","Endless Agony"],"picked":"Dagger Spray","floor":1.0},{"not_picked":["Outmaneuver","Expertise"],"picked":"Backstab","floor":2.0},{"not_picked":["Concentrate","Dodge and Roll"],"picked":"Poisoned Stab","floor":5.0},{"not_picked":["Bane","Dagger Spray"],"picked":"Sucker Punch","floor":7.0},{"not_picked":["Calculated Gamble","Caltrops"],"picked":"Backflip","floor":10.0},{"not_picked":["Backstab","Choke"],"picked":"Leg Sweep","floor":12.0},{"not_picked":["Unload","Glass Knife"],"picked":"Malaise","floor":16.0},{"not_picked":["Setup","Leg Sweep"],"picked":"Bane","floor":18.0},{"not_picked":["Dagger Throw","Backstab","Terror"],"picked":"SKIP","floor":19.0},{"not_picked":["Bane","Underhanded Strike"],"picked":"Deadly Poison","floor":21},{"not_picked":["Escape Plan","Leg Sweep","Riddle With Holes"],"picked":"SKIP","floor":24},{"not_picked":["Bane","Dagger Throw","Underhanded Strike+1"],"picked":"SKIP","floor":28},{"not_picked":["Bane","Quick Slash"],"picked":"Outmaneuver","floor":30},{"not_picked":["A Thousand Cuts","Glass Knife"],"picked":"Bullet Time","floor":33},{"not_picked":["Quick Slash","Reflex+1"],"picked":"PiercingWail","floor":35},{"not_picked":["Backflip","Crippling Poison"],"picked":"Distraction+1","floor":36},{"not_picked":["Blade Dance","Dagger Spray+1"],"picked":"Dodge and Roll+1","floor":38}],"player_experience":1272487,"relics_obtained":[{"floor":9.0,"key":"Matryoshka"},{"floor":12.0,"key":"Lizard Tail"},{"floor":24,"key":"Dream Catcher"},{"floor":26,"key":"Smiling Mask"}],"event_choices":[{"damage_healed":0.0,"max_hp_gain":0.0,"max_hp_loss":0.0,"gold_gain":0.0,"event_name":"Scrap Ooze","player_choice":"Success","floor":3.0,"gold_loss":0.0,"damage_taken":7.0,"relics_obtained":["Strawberry"]},{"damage_healed":0.0,"max_hp_gain":5.0,"max_hp_loss":0.0,"gold_gain":0.0,"event_name":"Big Fish","player_choice":"Donut","floor":4.0,"gold_loss":0.0,"damage_taken":0.0},{"damage_healed":0.0,"max_hp_gain":0.0,"max_hp_loss":0.0,"gold_gain":0.0,"event_name":"Living Wall","player_choice":"Grow","floor":13.0,"gold_loss":0.0,"damage_taken":0.0,"cards_upgraded":["Leg Sweep"]},{"damage_healed":0.0,"max_hp_gain":0.0,"max_hp_loss":0.0,"gold_gain":0.0,"event_name":"Ghosts","player_choice":"Ignored","floor":20.0,"gold_loss":0.0,"damage_taken":0.0},{"damage_healed":0,"gold_gain":0,"player_choice":"Ignored","damage_taken":0,"max_hp_gain":0,"max_hp_loss":0,"event_name":"The Mausoleum","floor":22,"gold_loss":0},{"damage_healed":0,"gold_gain":0,"player_choice":"Obtained Relic","damage_taken":0,"relics_obtained":["Ancient Tea Set"],"max_hp_gain":0,"max_hp_loss":0,"event_name":"Addict","floor":29,"gold_loss":85},{"damage_healed":0,"gold_gain":0,"player_choice":"Ignored","damage_taken":0,"max_hp_gain":0,"max_hp_loss":0,"event_name":"Mysterious Sphere","floor":37,"gold_loss":0},{"damage_healed":76,"gold_gain":0,"player_choice":"Heal","damage_taken":0,"max_hp_gain":0,"max_hp_loss":11,"event_name":"The Moai Head","floor":39,"gold_loss":0}],"is_beta":false,"boss_relics":[{"not_picked":["HoveringKite","Fusion Hammer"],"picked":"Runic Pyramid"},{"not_picked":["Astrolabe","Tiny House"],"picked":"Philosopher\u0027s Stone"}],"items_purged_floors":[31],"is_endless":false,"potions_floor_spawned":[1,5,7,12,18,28,33,36],"killed_by":"Giant Head","ascension_level":3}}