{"host":"eeb412nj2w7f9cz8","time":1612158376,"event":{"mods":["Act Like it!","BaseMod","Gensokyo","GungeonMod","Minty Spire (QoL Compilation)","Ryuuou¡˙Õı","StSLib"],"gold_per_floor":[218,218,218,218,218,218,228,246,269,281,4,22,33,33,33,133,133,150,250,32,45,45,45,57,57,57,57,79,89,121,143,164,164,164,266,266,288,301,317,317,339,374,374,425,473,473,515,515,530,549,549,549,549,549,11,47,47],"floor_reached":58,"language":"ZHS","playtime":4625,"items_purged":["Pain"],"score":1165,"play_id":"7be8e274-64e7-47ba-9acf-f94606035668","local_time":"20210201134616","is_ascension_mode":false,"campfire_choices":[{"data":"DemoMod:PotionOfGunFriendShip","floor":6.0,"key":"SMITH"},{"data":"DemoMod:ManualReload","floor":10.0,"key":"SMITH"},{"data":"DemoMod:Behold!","floor":15.0,"key":"SMITH"},{"data":"DemoMod:BlankBullets","floor":23.0,"key":"SMITH"},{"data":"DemoMod:CursedBullets","floor":25.0,"key":"SMITH"},{"floor":27.0,"key":"RECALL"},{"data":"DemoMod:ProbeStrike","floor":33.0,"key":"SMITH"},{"data":"DemoMod:SuppressiveFire","floor":43,"key":"SMITH"},{"data":"DemoMod:MachoBrace","floor":48,"key":"SMITH"},{"data":"DemoMod:Roll","floor":51,"key":"SMITH"},{"data":"DemoMod:Elimentaler","floor":54,"key":"SMITH"}],"circlet_count":0,"master_deck":["DemoMod:Defend_Huntress","DemoMod:Defend_Huntress","DemoMod:Defend_Huntress","DemoMod:Defend_Huntress","DemoMod:Roll+1","DemoMod:ManualReload+1","DemoMod:RustySidearm","DemoMod:PotionOfGunFriendShip+1","DemoMod:CursedBullets+1","DemoMod:Behold!+1","DemoMod:BoxingGlove","DemoMod:HuntsMan","DemoMod:AC15+1","DemoMod:BlankBullets+1","DemoMod:BlackHoleGun","DemoMod:MachoBrace+1","DemoMod:BalloonGun","DemoMod:Unity+1","DemoMod:TeaPot+1","DemoMod:ProbeStrike+1","DemoMod:ConditionalReflex+1","DemoMod:Elimentaler+1","DemoMod:SuppressiveFire+1","DemoMod:FeignSurrender+1","DemoMod:StickyCrossBow+1","DemoMod:Gungine","DemoMod:HuntsMan+1","DemoMod:ConditionalReflex+1"],"relics":["DemoMod:Dog","Happy Flower","Pear","MawBank","Toolbox","DemoMod:CrisisStone","Gensokyo:LunaticRedEyes","Black Star","DemoMod:VorpalBullet","DemoMod:NanoMachines","Omamori","DemoMod:RatBoots","DemoMod:ResourcefulSack","DemoMod:PartiallyEatenCheese","SacredBark","Pen Nib","Letter Opener","DemoMod:Orange","Anchor","Bottled Lightning","Orichalcum","Ice Cream","Sling","Whetstone","Oddly Smooth Stone","DemoMod:Armor"],"acts_visited":["Gensokyo:Gensokyo","Gensokyo:Gensokyoer","Gensokyo:Gensokyoer","Gensokyo:Gensokyoest","TheEnding"],"potions_floor_usage":[42,49,52,52,52,55],"damage_taken":[{"damage":0.0,"enemies":"Gensokyo:3_Fairies","floor":1.0,"turns":5.0},{"damage":3.0,"enemies":"Gensokyo:2_Kodama","floor":7.0,"turns":4.0},{"damage":5.0,"enemies":"Gensokyo:Gryphon","floor":8.0,"turns":5.0},{"damage":14.0,"enemies":"Gensokyo:5_Fairies","floor":12.0,"turns":5.0},{"damage":0.0,"enemies":"Gensokyo:2_Rabbits","floor":13.0,"turns":2.0},{"damage":20.0,"enemies":"Gensokyo:Kokoro","floor":16.0,"turns":6.0},{"damage":8.0,"enemies":"Gensokyo:3_Dogs","floor":18.0,"turns":4.0},{"damage":7.0,"enemies":"Gensokyo:3_Dogs","floor":19.0,"turns":9.0},{"damage":1.0,"enemies":"Gensokyo:2_Gloops","floor":21.0,"turns":6.0},{"damage":0.0,"enemies":"Gensokyo:Wraith","floor":24.0,"turns":2.0},{"damage":0.0,"enemies":"DemoMod:4_Bullet_Kins_with_one_veteran","floor":28.0,"turns":1.0},{"damage":0.0,"enemies":"DemoMod:4_Bullet_Kins","floor":29.0,"turns":3.0},{"damage":0.0,"enemies":"DemoMod:Red_and_blue_shotgun_kin_with_gunsinger","floor":30.0,"turns":2.0},{"damage":10.0,"enemies":"DemoMod:Veteran_shot_gun_kin_and_red_shotgun_kin_with_gunsinger","floor":31.0,"turns":1.0},{"damage":3.0,"enemies":"DemoMod:Veteran_shot_gun_kin_and_blue_shotgun_kin_with_gunsinger","floor":32.0,"turns":2.0},{"damage":26,"enemies":"DemoMod:ResourcefulRat","floor":35,"turns":11},{"damage":0,"enemies":"Gensokyo:3_Boulders","floor":37,"turns":3},{"damage":0,"enemies":"Gensokyo:AncientGuardian","floor":38,"turns":1},{"damage":0,"enemies":"Gensokyo:SeedOfUnknown","floor":39,"turns":1},{"damage":0,"enemies":"Gensokyo:AtlasGolem","floor":41,"turns":3},{"damage":0,"enemies":"Gensokyo:Doremy","floor":42,"turns":2},{"damage":0,"enemies":"Gensokyo:Marisa","floor":44,"turns":2},{"damage":0,"enemies":"Gensokyo:3_Boulders","floor":47,"turns":3},{"damage":0,"enemies":"Gensokyo:Rafflesia","floor":49,"turns":3},{"damage":0,"enemies":"Gensokyo:Dusk_and_Dawn","floor":50,"turns":3},{"damage":0,"enemies":"Gensokyo:Yuyuko","floor":52,"turns":8},{"damage":28,"enemies":"Shield and Spear","floor":56,"turns":5},{"damage":60,"enemies":"The Heart","floor":57,"turns":11}],"seed_played":"-3523406337854984499","potions_obtained":[{"floor":8.0,"key":"SpeedPotion"},{"floor":13.0,"key":"BlessingOfTheForge"},{"floor":16.0,"key":"Explosive Potion"},{"floor":19.0,"key":"DemoMod:LeadSkinPotion"},{"floor":30.0,"key":"PowerPotion"},{"floor":37,"key":"SkillPotion"},{"floor":41,"key":"EssenceOfSteel"},{"floor":47,"key":"DistilledChaos"},{"floor":49,"key":"Fire Potion"},{"floor":50,"key":"DuplicationPotion"}],"is_trial":false,"path_per_floor":["M","?","T","?","?","R","M","M","T","R","$","M","M","?","R","B",null,"M","?","$","M","?","R","M","R","T","R","M","M","M","M","M","R","B","B",null,"M","M","M","?","M","E","R","E","T","?","M","R","M","M","R","B",null,"R","$","E","B",null],"character_chosen":"HUNTRESS","items_purchased":["DemoMod:GnawedKey","DemoMod:AC15","Toolbox","Omamori","Ice Cream","Fruit Juice","Sling"],"campfire_rested":0,"item_purchase_floors":[11,11,11,20,55,55,55],"current_hp_per_floor":[70,70,70,70,65,65,62,57,57,57,57,43,43,43,43,23,80,72,65,65,64,64,64,64,64,80,80,80,80,80,70,67,67,59,33,80,80,80,80,80,80,92,92,92,92,92,92,92,92,92,92,92,92,92,102,74,14],"gold":47,"neow_bonus":"HUNDRED_GOLD","is_daily":false,"chose_seed":false,"campfire_upgraded":10,"win_rate":0.0,"timestamp":1612158376,"path_taken":["M","?","?","?","?","R","M","M","T","R","$","?","M","?","R","BOSS","M","?","$","M","?","R","M","R","T","R","M","M","M","M","M","R","BOSS","BOSS","M","?","M","?","M","E","R","E","T","?","M","R","?","M","R","BOSS","R","$","E","BOSS"],"items_purchased_type":["Relic","Card","Relic","Relic","Relic","Potion","Relic"],"build_version":"2020-12-22","purchased_purges":1,"victory":true,"max_hp_per_floor":[70,70,70,70,80,80,80,80,80,80,80,80,80,80,80,80,80,80,80,80,80,80,80,80,80,80,80,80,80,80,80,80,80,80,80,80,80,80,80,80,80,92,92,92,92,92,92,92,92,92,92,92,92,92,102,102,102],"card_choices":[{"not_picked":["DemoMod:DoubleSwitch","DemoMod:MegaHand"],"picked":"DemoMod:PotionOfGunFriendShip","floor":1.0},{"not_picked":["DemoMod:BattleInHaste","DemoMod:EasyReloadBullets"],"picked":"DemoMod:CursedBullets","floor":2.0},{"not_picked":["DemoMod:AWP","DemoMod:Purify"],"picked":"DemoMod:Behold!","floor":2.0},{"not_picked":["DemoMod:PotionOfGunFriendShip","DemoMod:MachoBrace"],"picked":"DemoMod:BoxingGlove","floor":7.0},{"not_picked":["DemoMod:Ejector","DemoMod:PracticeMakesPerfect"],"picked":"DemoMod:HuntsMan","floor":8.0},{"not_picked":["DemoMod:PotionOfGunFriendShip","DemoMod:SkilledReload","DemoMod:ConditionalReflex"],"picked":"SKIP","floor":12.0},{"not_picked":["DemoMod:HardPowerCard","DemoMod:Unity","DemoMod:EasyReloadBullets"],"picked":"SKIP","floor":13.0},{"not_picked":["DemoMod:DarkMarker","DemoMod:Desperate"],"picked":"DemoMod:BlankBullets","floor":16.0},{"not_picked":["DemoMod:BulletBore","DemoMod:Behold!"],"picked":"DemoMod:BlackHoleGun","floor":16.0},{"not_picked":["DemoMod:BoxingGlove+1","DemoMod:FastSwitch"],"picked":"DemoMod:MachoBrace","floor":18.0},{"not_picked":["DemoMod:Unity","DemoMod:Purify","DemoMod:Unmoved"],"picked":"SKIP","floor":21.0},{"not_picked":["DemoMod:Unmoved","DemoMod:DirectionalPad+1","DemoMod:JK47"],"picked":"SKIP","floor":24.0},{"not_picked":["DemoMod:SAA","DemoMod:TeaPot"],"picked":"DemoMod:Unity+1","floor":28.0},{"not_picked":["DemoMod:AC15","DemoMod:AWP"],"picked":"DemoMod:TeaPot","floor":29.0},{"not_picked":["DemoMod:SAA","DemoMod:LifeOrb","DemoMod:BoxingGlove"],"picked":"SKIP","floor":30.0},{"not_picked":["DemoMod:TeaPot","DemoMod:Unmoved"],"picked":"DemoMod:ProbeStrike","floor":31.0},{"not_picked":["DemoMod:SpreadAmmo+1","DemoMod:LifeOrb+1"],"picked":"DemoMod:ConditionalReflex+1","floor":32.0},{"not_picked":[],"picked":"DemoMod:Elimentaler","floor":35},{"not_picked":["DemoMod:Gungine","DemoMod:BlackHoleGun"],"picked":"DemoMod:SuppressiveFire","floor":35},{"not_picked":["DemoMod:Unmoved+1","DemoMod:TeaPot+1"],"picked":"DemoMod:FeignSurrender+1","floor":37},{"not_picked":["DemoMod:StickyCrossBow","DemoMod:AC15+1","DemoMod:BattleInHaste"],"picked":"SKIP","floor":38},{"not_picked":["DemoMod:MachoBrace+1","DemoMod:HardPowerCard+1"],"picked":"DemoMod:StickyCrossBow+1","floor":39},{"not_picked":["DemoMod:Camera+1","DemoMod:ShadowBullets+1","DemoMod:Rummage"],"picked":"SKIP","floor":41},{"not_picked":["DemoMod:SAA","DemoMod:GunShield+1","DemoMod:SpreadAmmo"],"picked":"SKIP","floor":42},{"not_picked":["DemoMod:AC15","DemoMod:JK47+1","DemoMod:CombinedRifle+1"],"picked":"SKIP","floor":44},{"not_picked":["DemoMod:PotionOfGunFriendShip","DemoMod:DoubleSwitch+1"],"picked":"DemoMod:HuntsMan+1","floor":47},{"not_picked":["DemoMod:SpreadAmmo","DemoMod:LifeOrb","DemoMod:ConditionalReflex"],"picked":"SKIP","floor":49},{"not_picked":["DemoMod:AC15","DemoMod:FortunesFavor"],"picked":"DemoMod:ConditionalReflex+1","floor":50},{"not_picked":["DemoMod:FortunesFavor","DemoMod:MachoBrace","DemoMod:Ejector+1"],"picked":"SKIP","floor":56}],"player_experience":105533,"relics_obtained":[{"floor":9.0,"key":"MawBank"},{"floor":12.0,"key":"DemoMod:CrisisStone"},{"floor":19.0,"key":"DemoMod:VorpalBullet"},{"floor":19.0,"key":"DemoMod:NanoMachines"},{"floor":36,"key":"DemoMod:RatBoots"},{"floor":36,"key":"DemoMod:ResourcefulSack"},{"floor":36,"key":"DemoMod:PartiallyEatenCheese"},{"floor":36,"key":"SacredBark"},{"floor":41,"key":"Pen Nib"},{"floor":42,"key":"Letter Opener"},{"floor":42,"key":"DemoMod:Orange"},{"floor":44,"key":"Anchor"},{"floor":44,"key":"Bottled Lightning"},{"floor":45,"key":"Orichalcum"},{"floor":56,"key":"Whetstone"},{"floor":56,"key":"Oddly Smooth Stone"}],"event_choices":[],"is_beta":false,"boss_relics":[{"not_picked":["Cursed Key","Calling Bell"],"picked":"Black Star"},{"not_picked":[]}],"items_purged_floors":[20],"is_endless":false,"potions_floor_spawned":[8,13,16,19,30,37,41,47,49,50],"ascension_level":0}}