{"host":"avq773cl9g5msfol","time":1612209326,"event":{"mods":["100% Spire Juice","AchievementEnabler","Act Like it!","Ascension Unlocker","Aspiration","Astrologer","Bard","Bartender","BaseMod","Better Altar","Better Third Choice","BetterRewards","CapriCore","ChefMod","Colored Map","Colored Powertips","Conspire","Dio Mod","Downfall","Elementarium","Energized Spire","Gensokyo","GifTheSpireLib","GungeonMod","Hallownest","Hermit","Highlight Path","Hubris","Humility","Infinite Spire","Jorbs\u0027s Wanderer Trilogy","Koishi","Magitek Elite","Marisa????????","Marked Mod","Menagerie","Minty Spire (QoL Compilation)","Pale of the Ancients","Potionbrewer","Quarter Circle Forward PUNCH!","Rare Cards Sparkle","Reimu??????","Relic Stats","Reliquary","Remilia??????","Replay The Spire","Robot Space Explorer","SacredBarkPlus","Shade Mod","Somnambulant","Spicy Shops","Spire Arcade","StSLib","The Administrix","The Blue Laboratory","The Bug Knight","The Construct","The Cursed","The Disciple","The Dragon Tamer","The Exalted","The Hayseed","The Hierophant","The Immortal","The Marked","The Mystic","The Problem Sleuth","The Runesmith","The Senshi","The Vixen","The Wild Card","TheFirefly","Wandering Minibosses","Wide Potions","vexMod"],"gold_per_floor":[114,132,152,192,203,237,247,263,263,275,275,275,294,322,322,420,420,433,433,393,393,393,419,429,462,462,477,477,488,499,444,444,539,539,558,569,448,323,337,367,367,367,367,381,394,394,394,427,427,427,427,427,427,458,458],"floor_reached":56,"language":"ENG","playtime":3525,"items_purged":["RobotSpaceExplorer:ScrapShield+1","RobotSpaceExplorer:TurboDodge+1","RobotSpaceExplorer:StunGrenade+1"],"score":1661,"play_id":"e6c73723-c807-4c8c-b043-4174f883faa3","local_time":"20210202025526","is_ascension_mode":false,"campfire_choices":[{"data":"RobotSpaceExplorer:ScrapMissile","floor":11.0,"key":"SMITH"},{"floor":15.0,"key":"RECALL"},{"data":"RobotSpaceExplorer:DoubleBlock","floor":28,"key":"SMITH"},{"floor":32,"key":"REST"},{"data":"RobotSpaceExplorer:PowerCollector","floor":42,"key":"SMITH"},{"data":"RobotSpaceExplorer:Electropulse","floor":47,"key":"SMITH"},{"floor":49,"key":"REST"},{"floor":52,"key":"REST"}],"circlet_count":0,"master_deck":["RobotSpaceExplorer:Scan+1","RobotSpaceExplorer:MiniLasers+1","RobotSpaceExplorer:TurboDodge+1","RobotSpaceExplorer:FreezeRay+1","RobotSpaceExplorer:ScrapShield+1","RobotSpaceExplorer:Discharger+1","RobotSpaceExplorer:HighVoltage+1","RobotSpaceExplorer:ImprovisedAttack+1","RobotSpaceExplorer:BlastShield+1","RobotSpaceExplorer:SurgingShield+1","RobotSpaceExplorer:StarLightning+1","RobotSpaceExplorer:Pulsar+1","RobotSpaceExplorer:ShockKick+1","RobotSpaceExplorer:DualCore+1","RobotSpaceExplorer:SelfCleaning+1","RobotSpaceExplorer:Smokescreen+1","RobotSpaceExplorer:Ammunition+1","RobotSpaceExplorer:Fix+1","RobotSpaceExplorer:FrostMissile+1","RobotSpaceExplorer:Comet+1","RobotSpaceExplorer:StunGrenade+1","Sadistic Nature+1","RobotSpaceExplorer:ChargingLaser+1","RobotSpaceExplorer:ScrapMissile+1","RobotSpaceExplorer:Blaster+1","RobotSpaceExplorer:Asteroid+1","RobotSpaceExplorer:DoubleBlock+1","RobotSpaceExplorer:TrailblazerForm+1","RobotSpaceExplorer:DroneSwarm+1","Languid","RobotSpaceExplorer:Accelerator+1","RobotSpaceExplorer:GearShield+1","RobotSpaceExplorer:Scanner+1","RobotSpaceExplorer:PowerCollector+1","RobotSpaceExplorer:Electropulse+1","RobotSpaceExplorer:Explosion+1"],"relics":["RobotSpaceExplorer:RoboCore","Golden Egg","Quantum Egg","qcfpunch:Red_Headband","OrangePellets","Membership Card","RobotSpaceExplorer:PlasmaHourglass","vexMod:HeadHunter","theSenshi:SuperSailorFukuRelic","Bromod:ArcanePistoleer","DemoMod:GundromedaStrain","DemoMod:GlassGuonStoneRelic","Ancient Tea Set","ReplayTheSpireMod:Shallot","Bromod:ArcaneGuardian","Cursed Key","wanderingMiniBosses:AbyssPearl","aspiration:RitualStick","ZunR:ReiMu","Pet Ghost","reliquary:SilkGlove","aspiration:RandomNobGenerator","White_Cape","Hallownest:SoulVesselRelic","qcfpunch:Handcuffs"],"acts_visited":["Gensokyo:Gensokyo","TheCity","Hallownest:KingdomsEdge","TheEnding"],"potions_floor_usage":[33,55],"damage_taken":[{"damage":0.0,"enemies":"Gensokyo:Gryphon","floor":1.0,"turns":2.0},{"damage":0.0,"enemies":"Gensokyo:2_Kodama","floor":2.0,"turns":3.0},{"damage":0.0,"enemies":"Gensokyo:3_Fairies","floor":3.0,"turns":3.0},{"damage":0.0,"enemies":"Gensokyo:3_Kodama","floor":5.0,"turns":1.0},{"damage":0.0,"enemies":"Gensokyo:Aya","floor":6.0,"turns":3.0},{"damage":0.0,"enemies":"Gensokyo:Gryphon_and_Rabbit","floor":7.0,"turns":2.0},{"damage":0.0,"enemies":"Gensokyo:2_Rabbits","floor":8.0,"turns":2.0},{"damage":0.0,"enemies":"Gensokyo:CorruptedTreant","floor":10.0,"turns":3.0},{"damage":0.0,"enemies":"Gensokyo:5_Fairies","floor":13.0,"turns":3.0},{"damage":0.0,"enemies":"Gensokyo:Mamizou","floor":14.0,"turns":3.0},{"damage":0.0,"enemies":"Gensokyo:Yukari","floor":16.0,"turns":3.0},{"damage":0.0,"enemies":"Chosen","floor":18.0,"turns":3.0},{"damage":0.0,"enemies":"conspire:SneckoGhost","floor":23.0,"turns":3.0},{"damage":0.0,"enemies":"3 Byrds","floor":24.0,"turns":3.0},{"damage":0,"enemies":"HollowMod:Nosk","floor":25,"turns":4},{"damage":0,"enemies":"Cultist and Chosen","floor":27,"turns":1},{"damage":0,"enemies":"Shelled Parasite and Fungi","floor":29,"turns":4},{"damage":0,"enemies":"Snake Plant","floor":30,"turns":2},{"damage":0,"enemies":"Champ","floor":33,"turns":6},{"damage":0,"enemies":"Hallownest:2_Littles","floor":35,"turns":2},{"damage":0,"enemies":"Hallownest:3_Siblings","floor":36,"turns":2},{"damage":0,"enemies":"Hallownest:2_Wing_and_1_Kings","floor":39,"turns":1},{"damage":0,"enemies":"Hallownest:StalkingDevout","floor":40,"turns":3},{"damage":0,"enemies":"Hallownest:monsterPrimalAspid","floor":44,"turns":2},{"damage":0,"enemies":"Hallownest:Xero_Hu_Marmu","floor":45,"turns":4},{"damage":0,"enemies":"Hallownest:eliteCollector","floor":48,"turns":2},{"damage":0,"enemies":"Hallownest:Radiance","floor":50,"turns":5},{"damage":0,"enemies":"Shield and Spear","floor":54,"turns":2},{"damage":0,"enemies":"The Heart","floor":55,"turns":3}],"seed_played":"-8805889926821954929","potions_obtained":[{"floor":1.0,"key":"blueLaboratory:EmptyBottle"},{"floor":3.0,"key":"champ:CounterPotion"},{"floor":6.0,"key":"blueLaboratory:Moonshine"},{"floor":13.0,"key":"ColorlessPotion"},{"floor":16.0,"key":"bronze:BurnAndBuffPotion"},{"floor":24.0,"key":"potionbrewer:CleansingPotion"},{"floor":25,"key":"hexamod:SoulburnPotion"}],"is_trial":false,"path_per_floor":["M","M","M","?","M","E","M","M","T","M","R","?","M","E","R","B",null,"M","?","?","?","?","E","M","E","T","M","R","M","M","$","R","B",null,"M","M","$","?","M","E","$","R","T","M","M","?","R","E","R","B",null,"R","$","E","B",null],"character_chosen":"RobotSpaceExplorer","items_purchased":["qcfpunch:Red_Headband","RobotSpaceExplorer:TurboDodge","OrangePellets","RobotSpaceExplorer:SurgingShield","RobotSpaceExplorer:StarLightning","RobotSpaceExplorer:Pulsar","blueLaboratory:BubblePotion","RobotSpaceExplorer:ShockKick","Membership Card","RobotSpaceExplorer:DualCore+1","RobotSpaceExplorer:SelfCleaning","RobotSpaceExplorer:Smokescreen","RobotSpaceExplorer:PlasmaHourglass","theSenshi:SuperSailorFukuRelic","RobotSpaceExplorer:Ammunition","RobotSpaceExplorer:Fix","RobotSpaceExplorer:FrostMissile+1","RobotSpaceExplorer:Comet","Bromod:ArcanePistoleer","RobotSpaceExplorer:StunGrenade","DemoMod:GundromedaStrain","Sadistic Nature","RobotSpaceExplorer:GearShield","White_Cape","qcfpunch:Handcuffs"],"campfire_rested":3,"item_purchase_floors":[0,0,0,0,0,0,0,0,0,0,0,0,0,0,0,0,0,0,0,0,0,0,31,37,41],"current_hp_per_floor":[75,75,75,75,75,75,75,75,75,75,75,75,75,75,75,75,75,75,60,60,60,60,66,72,75,75,75,75,75,75,75,75,75,75,75,75,75,75,75,75,75,75,75,75,75,75,75,75,75,75,75,75,75,75,75],"gold":458,"neow_bonus":"","is_daily":false,"chose_seed":false,"campfire_upgraded":4,"win_rate":0.0,"timestamp":1612209326,"path_taken":["M","?","M","?","M","E","M","M","T","M","R","?","M","E","R","BOSS","M","?","?","?","?","E","M","E","T","M","R","M","M","?","R","BOSS","M","?","$","?","M","E","$","R","T","M","M","?","R","E","R","BOSS","R","$","E","BOSS"],"items_purchased_type":["Relic","Card","Relic","Card","Card","Card","Potion","Card","Relic","Card","Card","Card","Relic","Relic","Card","Card","Card","Card","Relic","Card","Relic","Card","Card","Relic","Relic"],"build_version":"2020-12-22","purchased_purges":3,"victory":true,"max_hp_per_floor":[75,75,75,75,75,75,75,75,75,75,75,75,75,75,75,75,75,75,75,75,75,75,75,75,75,75,75,75,75,75,75,75,75,75,75,75,75,75,75,75,75,75,75,75,75,75,75,75,75,75,75,75,75,75,75],"relic_stats":{"OrangePellets":[38],"counters":[29,80],"Cursed Key":1,"obtain_stats":[{"Golden Egg":0,"theSenshi:SuperSailorFukuRelic":0,"reliquary:SilkGlove":26,"RobotSpaceExplorer:PlasmaHourglass":0,"ZunR:ReiMu":20,"Bromod:ArcanePistoleer":0,"DemoMod:GlassGuonStoneRelic":1,"wanderingMiniBosses:AbyssPearl":18,"Ancient Tea Set":6,"Cursed Key":17,"White_Cape":37,"aspiration:RitualStick":19,"Pet Ghost":23,"qcfpunch:Handcuffs":41,"Bromod:ArcaneGuardian":14,"Quantum Egg":0,"Hallownest:SoulVesselRelic":38,"RobotSpaceExplorer:RoboCore":0,"aspiration:RandomNobGenerator":34,"OrangePellets":0,"DemoMod:GundromedaStrain":0,"ReplayTheSpireMod:Shallot":10,"vexMod:HeadHunter":0,"Pandora\u0027s Box":0,"qcfpunch:Red_Headband":0,"Membership Card":0},{"Golden Egg":0,"theSenshi:SuperSailorFukuRelic":0,"reliquary:SilkGlove":15,"RobotSpaceExplorer:PlasmaHourglass":0,"ZunR:ReiMu":12,"Bromod:ArcanePistoleer":0,"DemoMod:GlassGuonStoneRelic":1,"wanderingMiniBosses:AbyssPearl":12,"Ancient Tea Set":5,"Cursed Key":11,"White_Cape":21,"aspiration:RitualStick":12,"Pet Ghost":13,"qcfpunch:Handcuffs":23,"Bromod:ArcaneGuardian":10,"Quantum Egg":0,"Hallownest:SoulVesselRelic":21,"RobotSpaceExplorer:RoboCore":0,"aspiration:RandomNobGenerator":19,"OrangePellets":0,"DemoMod:GundromedaStrain":0,"ReplayTheSpireMod:Shallot":8,"vexMod:HeadHunter":0,"Pandora\u0027s Box":0,"qcfpunch:Red_Headband":0,"Membership Card":0},{"Golden Egg":0,"theSenshi:SuperSailorFukuRelic":0,"reliquary:SilkGlove":41,"RobotSpaceExplorer:PlasmaHourglass":0,"ZunR:ReiMu":31,"Bromod:ArcanePistoleer":0,"DemoMod:GlassGuonStoneRelic":2,"wanderingMiniBosses:AbyssPearl":31,"Ancient Tea Set":12,"Cursed Key":28,"White_Cape":58,"aspiration:RitualStick":31,"Pet Ghost":34,"qcfpunch:Handcuffs":62,"Bromod:ArcaneGuardian":25,"Quantum Egg":0,"Hallownest:SoulVesselRelic":58,"RobotSpaceExplorer:RoboCore":0,"aspiration:RandomNobGenerator":54,"OrangePellets":0,"DemoMod:GundromedaStrain":0,"ReplayTheSpireMod:Shallot":19,"vexMod:HeadHunter":0,"Pandora\u0027s Box":0,"qcfpunch:Red_Headband":0,"Membership Card":0}],"aspiration:RitualStick":[0]},"card_choices":[{"not_picked":["RobotSpaceExplorer:FreezeRay","RobotSpaceExplorer:DualCore","RobotSpaceExplorer:GlueShot"],"picked":"SKIP","floor":1.0},{"not_picked":["RobotSpaceExplorer:ImprovisedAttack","RobotSpaceExplorer:Probe","RobotSpaceExplorer:PowerCollector"],"picked":"SKIP","floor":2.0},{"not_picked":["RobotSpaceExplorer:SelfCleaning","RobotSpaceExplorer:ScrapToss","RobotSpaceExplorer:SurgingStrike"],"picked":"SKIP","floor":3.0},{"not_picked":["RobotSpaceExplorer:FreezingShield","RobotSpaceExplorer:GlueShot","RobotSpaceExplorer:SelfCleaning"],"picked":"SKIP","floor":5.0},{"not_picked":["RobotSpaceExplorer:BlastShield","RobotSpaceExplorer:Multitool"],"picked":"RobotSpaceExplorer:ChargingLaser","floor":6.0},{"not_picked":["RobotSpaceExplorer:SurgingStrike","RobotSpaceExplorer:PowerCollector"],"picked":"RobotSpaceExplorer:Exploration","floor":6.0},{"not_picked":["RobotSpaceExplorer:FreezeRay","RobotSpaceExplorer:DualCore","RobotSpaceExplorer:Pulsar"],"picked":"SKIP","floor":7.0},{"not_picked":["RobotSpaceExplorer:Counterblock","RobotSpaceExplorer:FreezeRay"],"picked":"RobotSpaceExplorer:ScrapMissile","floor":8.0},{"not_picked":["RobotSpaceExplorer:JunkDive","RobotSpaceExplorer:StunGrenade","RobotSpaceExplorer:ImprovisedAttack"],"picked":"SKIP","floor":10.0},{"not_picked":["RobotSpaceExplorer:Probe","RobotSpaceExplorer:GlueSpray","RobotSpaceExplorer:ShovelStrike"],"picked":"SKIP","floor":13.0},{"not_picked":["RobotSpaceExplorer:Arsenal","RobotSpaceExplorer:HighVoltage"],"picked":"RobotSpaceExplorer:Blaster","floor":14.0},{"not_picked":["RobotSpaceExplorer:FranticSearch","RobotSpaceExplorer:ImprovisedAttack","RobotSpaceExplorer:Pulsar"],"picked":"SKIP","floor":14.0},{"not_picked":["RobotSpaceExplorer:ShockMissile","RobotSpaceExplorer:Exploration"],"picked":"RobotSpaceExplorer:Asteroid","floor":16.0},{"not_picked":["RobotSpaceExplorer:Probe+1","RobotSpaceExplorer:ImprovisedAttack"],"picked":"RobotSpaceExplorer:DoubleBlock","floor":18.0},{"not_picked":["RobotSpaceExplorer:BlastShield","RobotSpaceExplorer:Multitool"],"picked":"RobotSpaceExplorer:TrailblazerForm","floor":23.0},{"not_picked":["RobotSpaceExplorer:Pulsar","RobotSpaceExplorer:ShovelStrike","RobotSpaceExplorer:ScrapShield"],"picked":"SKIP","floor":23.0},{"not_picked":["RobotSpaceExplorer:Blitz","RobotSpaceExplorer:SelfCleaning+1","RobotSpaceExplorer:ToxicBomb"],"picked":"SKIP","floor":24.0},{"not_picked":["RobotSpaceExplorer:TrailblazerForm","RobotSpaceExplorer:Accelerator"],"picked":"RobotSpaceExplorer:DroneSwarm","floor":25},{"not_picked":["RobotSpaceExplorer:ImprovisedAttack+1","RobotSpaceExplorer:StunGrenade","RobotSpaceExplorer:Ammunition+1"],"picked":"SKIP","floor":25},{"not_picked":["RobotSpaceExplorer:Ammunition","RobotSpaceExplorer:ShovelStrike"],"picked":"RobotSpaceExplorer:Accelerator","floor":27},{"not_picked":["RobotSpaceExplorer:Probe","RobotSpaceExplorer:ScrapMissile","RobotSpaceExplorer:SurgingShield+1"],"picked":"SKIP","floor":29},{"not_picked":["RobotSpaceExplorer:BlastShield","RobotSpaceExplorer:ImprovisedAttack","RobotSpaceExplorer:RigExplosive"],"picked":"SKIP","floor":30},{"not_picked":["RobotSpaceExplorer:Accelerator","RobotSpaceExplorer:Multitool"],"picked":"RobotSpaceExplorer:Scanner","floor":33},{"not_picked":["RobotSpaceExplorer:Accelerator","RobotSpaceExplorer:ScrapMissile","RobotSpaceExplorer:FranticSearch"],"picked":"SKIP","floor":35},{"not_picked":["RobotSpaceExplorer:FranticSearch+1","RobotSpaceExplorer:Counterblock+1","RobotSpaceExplorer:HighVoltage"],"picked":"SKIP","floor":36},{"not_picked":["RobotSpaceExplorer:SlimeMissile","RobotSpaceExplorer:FreezingShield+1"],"picked":"RobotSpaceExplorer:PowerCollector","floor":39},{"not_picked":["RobotSpaceExplorer:LaserBurst","RobotSpaceExplorer:ExhaustFan+1"],"picked":"RobotSpaceExplorer:Electropulse","floor":40},{"not_picked":["RobotSpaceExplorer:DroneSwarm","RobotSpaceExplorer:Multitool","RobotSpaceExplorer:Comet"],"picked":"SKIP","floor":40},{"not_picked":["RobotSpaceExplorer:Pulsar+1","RobotSpaceExplorer:Smokescreen","RobotSpaceExplorer:Counterblock+1"],"picked":"SKIP","floor":44},{"not_picked":["RobotSpaceExplorer:Pulsar+1","RobotSpaceExplorer:SelfCleaning+1","RobotSpaceExplorer:FrostMissile"],"picked":"SKIP","floor":45},{"not_picked":["RobotSpaceExplorer:Exploration","RobotSpaceExplorer:Comet","RobotSpaceExplorer:ChargingLaser"],"picked":"SKIP","floor":48},{"not_picked":["RobotSpaceExplorer:Exploration","RobotSpaceExplorer:FranticSearch+1","RobotSpaceExplorer:JunkDive"],"picked":"SKIP","floor":48},{"not_picked":["RobotSpaceExplorer:HighVoltage","RobotSpaceExplorer:Scanner"],"picked":"RobotSpaceExplorer:Explosion","floor":54},{"not_picked":["RobotSpaceExplorer:Ammunition+1","RobotSpaceExplorer:Blaster","RobotSpaceExplorer:SurgingStrike"],"picked":"SKIP","floor":54}],"player_experience":1409106,"relics_obtained":[{"floor":6.0,"key":"Ancient Tea Set"},{"floor":10.0,"key":"ReplayTheSpireMod:Shallot"},{"floor":14.0,"key":"Bromod:ArcaneGuardian"},{"floor":18.0,"key":"wanderingMiniBosses:AbyssPearl"},{"floor":23.0,"key":"Pet Ghost"},{"floor":26,"key":"reliquary:SilkGlove"}],"event_choices":[{"damage_healed":0.0,"max_hp_gain":0.0,"max_hp_loss":0.0,"gold_gain":0.0,"event_name":"ZunEvent","player_choice":"Keep O-miki","floor":20.0,"gold_loss":40.0,"damage_taken":0.0,"relics_obtained":["ZunR:ReiMu"]},{"damage_healed":0.0,"max_hp_gain":0.0,"max_hp_loss":0.0,"gold_gain":0.0,"event_name":"Vampires","player_choice":"Ignored","floor":22.0,"gold_loss":0.0,"damage_taken":0.0}],"is_beta":false,"boss_relics":[{"not_picked":["Bromod:ArcaneGrace","Fusion Hammer"],"picked":"Cursed Key"},{"not_picked":["hubris:HollowSoul","aspiration:PoetsPen"],"picked":"aspiration:RandomNobGenerator"}],"items_purged_floors":[0,0,0],"is_endless":false,"potions_floor_spawned":[1,3,6,13,16,24,25,27,30,44,48,54],"ascension_level":0,"is_humility":true}}