{"host":"15dd7v8o90xso62x","time":1612156092,"event":{"mods":["BaseMod","Minty Spire (QoL Compilation)","Quick Restart","StSLib","SuperFastMode"],"gold_per_floor":[113,113,38,38,54,54,85,97,97,122,140,59,73,93,93,171,171,183,196,44,44,44,44,94,94,94,94,94],"floor_reached":27,"language":"KOR","playtime":512,"items_purged":["Strike_G"],"score":442,"play_id":"6ec5c62f-5e22-4bf4-87ad-39f1b4b522ff","local_time":"20210201140812","is_ascension_mode":true,"campfire_choices":[{"data":"Glass Knife","floor":6.0,"key":"SMITH"},{"data":"Dagger Spray","floor":15.0,"key":"SMITH"},{"data":"Acrobatics","floor":23.0,"key":"SMITH"},{"data":"Tactician","floor":25.0,"key":"SMITH"}],"circlet_count":0,"master_deck":["AscendersBane","Strike_G","Strike_G","Strike_G","Defend_G","Defend_G","Defend_G","Defend_G","Survivor","Neutralize","Glass Knife+1","Dagger Spray+1","Footwork","Die Die Die","Deflect","Grand Finale","Acrobatics+1","Tactician+1"],"relics":["Ring of the Snake","Kunai","Boot","Ancient Tea Set","Cursed Key"],"acts_visited":["Exordium","TheCity"],"potions_floor_usage":[],"damage_taken":[{"damage":0.0,"enemies":"Jaw Worm","floor":1.0,"turns":3.0},{"damage":0.0,"enemies":"2 Louse","floor":5.0,"turns":3.0},{"damage":33.0,"enemies":"Gremlin Nob","floor":7.0,"turns":4.0},{"damage":0.0,"enemies":"Cultist","floor":8.0,"turns":2.0},{"damage":5.0,"enemies":"3 Sentries","floor":10.0,"turns":3.0},{"damage":0.0,"enemies":"Large Slime","floor":11.0,"turns":5.0},{"damage":0.0,"enemies":"2 Fungi Beasts","floor":13.0,"turns":2.0},{"damage":1.0,"enemies":"Looter","floor":14.0,"turns":2.0},{"damage":16.0,"enemies":"Slime Boss","floor":16.0,"turns":9.0},{"damage":5.0,"enemies":"Chosen","floor":18.0,"turns":4.0},{"damage":16.0,"enemies":"2 Thieves","floor":19.0,"turns":3.0},{"damage":3,"enemies":"Sentry and Sphere","floor":27,"turns":3}],"seed_played":"7291295259099340307","potions_obtained":[{"floor":7.0,"key":"Poison Potion"},{"floor":8.0,"key":"ColorlessPotion"},{"floor":11.0,"key":"CultistPotion"},{"floor":19.0,"key":"Strength Potion"}],"is_trial":false,"path_per_floor":["M","?","?","?","M","R","E","M","T","E","M","$","M","M","R","B",null,"M","M","$","$","?","R","?","R","T","M"],"character_chosen":"THE_SILENT","items_purchased":["Die Die Die","Tactician"],"campfire_rested":0,"item_purchase_floors":[12,20],"current_hp_per_floor":[59,59,59,64,64,64,31,31,31,26,26,26,26,25,25,9,51,46,30,30,30,12,12,12,12,12,9,9],"gold":94,"neow_bonus":"THREE_RARE_CARDS","is_daily":false,"chose_seed":false,"campfire_upgraded":4,"win_rate":0.0,"timestamp":1612156092,"path_taken":["M","?","?","?","M","R","E","M","T","E","M","?","?","M","R","BOSS","M","M","$","?","?","R","?","R","T","M"],"items_purchased_type":["Card","Card"],"build_version":"2020-12-22","purchased_purges":1,"victory":false,"max_hp_per_floor":[60,60,60,65,65,65,65,65,65,65,65,65,65,65,65,65,65,65,65,65,65,70,70,70,70,70,70,70],"card_choices":[{"not_picked":["A Thousand Cuts","Envenom"],"picked":"Glass Knife","floor":0.0},{"not_picked":["Backflip","Bouncing Flask","Predator"],"picked":"SKIP","floor":1.0},{"not_picked":["Deadly Poison","Quick Slash","Deflect"],"picked":"SKIP","floor":5.0},{"not_picked":["Masterful Stab","Leg Sweep","Infinite Blades"],"picked":"SKIP","floor":7.0},{"not_picked":["Sucker Punch","PiercingWail","Bane"],"picked":"SKIP","floor":8.0},{"not_picked":["Underhanded Strike","Slice"],"picked":"Footwork","floor":10.0},{"not_picked":["Dagger Spray","Concentrate","Dodge and Roll"],"picked":"SKIP","floor":11.0},{"not_picked":["Blade Dance","Expertise","Infinite Blades"],"picked":"SKIP","floor":13.0},{"not_picked":["Backflip","Poisoned Stab"],"picked":"Deflect","floor":14.0},{"not_picked":["Glass Knife","Venomology"],"picked":"Grand Finale","floor":16.0},{"not_picked":["Underhanded Strike","Leg Sweep","Masterful Stab+1"],"picked":"SKIP","floor":18.0},{"not_picked":["Quick Slash","Eviscerate"],"picked":"Acrobatics","floor":19.0}],"player_experience":915897,"relics_obtained":[{"floor":7.0,"key":"Kunai"},{"floor":9.0,"key":"Boot"},{"floor":10.0,"key":"Ancient Tea Set"}],"event_choices":[{"damage_healed":0.0,"max_hp_gain":0.0,"max_hp_loss":0.0,"gold_gain":0.0,"cards_transformed":["Defend_G"],"event_name":"Living Wall","player_choice":"Change","floor":2.0,"gold_loss":0.0,"damage_taken":0.0,"cards_obtained":["Dagger Spray"]},{"cards_removed":["Strike_G"],"damage_healed":0.0,"max_hp_gain":0.0,"max_hp_loss":0.0,"gold_gain":0.0,"event_name":"The Cleric","player_choice":"Card Removal","floor":3.0,"gold_loss":75.0,"damage_taken":0.0},{"damage_healed":0.0,"max_hp_gain":5.0,"max_hp_loss":0.0,"gold_gain":0.0,"event_name":"Big Fish","player_choice":"Donut","floor":4.0,"gold_loss":0.0,"damage_taken":0.0},{"damage_healed":0.0,"max_hp_gain":5.0,"max_hp_loss":0.0,"gold_gain":0.0,"event_name":"Forgotten Altar","player_choice":"Shed Blood","floor":22.0,"gold_loss":0.0,"damage_taken":23.0},{"damage_healed":0.0,"max_hp_gain":0.0,"max_hp_loss":0.0,"gold_gain":50.0,"event_name":"Nest","player_choice":"Stole From Cult","floor":24.0,"gold_loss":0.0,"damage_taken":0.0}],"is_beta":false,"boss_relics":[{"not_picked":["Busted Crown","Pandora\u0027s Box"],"picked":"Cursed Key"}],"items_purged_floors":[20],"is_endless":false,"potions_floor_spawned":[7,8,11,19],"killed_by":"Sentry and Sphere","ascension_level":20}}