{"host":"DrTrollPool","time":1612142382,"event":{"mods":["2.2 Compatiblity","BaseMod","BetterRewards","Colored Map","DeckTracker","Downfall","Googly Eyes","Hermit","HexUI Lib","Highlight Path","Hubris","Infinite Spire","Minty Spire (QoL Compilation)","Potionbrewer","Replay The Spire","StSLib","SuperFastMode","The Construct","The Cursed","The Disciple","The Hierophant","The Jungle","The Necromancer","The Runesmith","The Servant 0.9.4"],"gold_per_floor":[117,117,117,127,140,169,169,197,272,121,140,154,172,183,183,285,285,302,321,421,421,438,460,339,339,363,363,363,363,363,393,393,393,393],"floor_reached":33,"language":"ENG","playtime":1790,"items_purged":["ReplayTheSpireMod:Restless Dread"],"score":249,"play_id":"de88562e-fc2e-4cc4-92ad-4410e7870ed8","local_time":"20210201021942","is_ascension_mode":false,"campfire_choices":[{"floor":7,"key":"REST"},{"floor":15,"key":"REST"},{"data":"hermit:Combo","floor":28,"key":"SMITH"},{"data":"hermit:FatalDesire","floor":30,"key":"SMITH"}],"circlet_count":0,"master_deck":["hermit:Strike_Hermit","hermit:Strike_Hermit","hermit:Strike_Hermit","hermit:Strike_Hermit","hermit:Defend_Hermit","hermit:Defend_Hermit","hermit:Defend_Hermit","hermit:Snapshot","hermit:Covet","hermit:Grudge","hermit:ItchyTrigger","hermit:Dissolve","hermit:TrackingShot","hermit:FatalDesire+1","hermit:Dissolve","hermit:BigShot","hermit:FinalCanter","hubris:Greed","ReplayTheSpireMod:Faulty Equipment","hermit:TakeAim","hermit:WideOpen","hermit:Combo+1","hubris:Greed","hermit:Misfire+1","hermit:FatalDesire+1"],"relics":["hermit:Momento","hubris:Icosahedron","Smiling Mask","Odd Mushroom","Mercury Hourglass","downfall:ExtraCursedKey","Akabeko"],"acts_visited":["Exordium","TheCity"],"potions_floor_usage":[6,8,12,13,16,31,31,33,33],"damage_taken":[{"damage":2,"enemies":"Small Slimes","floor":1,"turns":4},{"damage":7,"enemies":"2 Louse","floor":4,"turns":2},{"damage":9,"enemies":"Jaw Worm","floor":5,"turns":4},{"damage":16,"enemies":"Replay:BlueRogue","floor":6,"turns":8},{"damage":5,"enemies":"The Mushroom Lair","floor":8,"turns":4},{"damage":2,"enemies":"2 Fungi Beasts","floor":11,"turns":2},{"damage":12,"enemies":"Large Slime","floor":12,"turns":6},{"damage":14,"enemies":"Blue Slaver","floor":13,"turns":3},{"damage":6,"enemies":"2 Fungi Beasts","floor":14,"turns":3},{"damage":42,"enemies":"Slime Boss","floor":16,"turns":11},{"damage":21,"enemies":"Chosen","floor":18,"turns":6},{"damage":34,"enemies":"Shell Parasite","floor":19,"turns":7},{"damage":22,"enemies":"Snake Plant","floor":22,"turns":6},{"damage":31,"enemies":"Shelled Parasite and Fungi","floor":23,"turns":5},{"damage":12,"enemies":"Snecko","floor":31,"turns":1},{"damage":33,"enemies":"Champ","floor":33,"turns":9}],"seed_played":"-1727883946211270315","potions_obtained":[{"floor":1,"key":"Adrenaline Potion"},{"floor":5,"key":"potionbrewer:DiscountPotion"},{"floor":8,"key":"Adrenaline Potion"},{"floor":12,"key":"Fire Potion"},{"floor":16,"key":"Death Potion"},{"floor":22,"key":"LiquidMemories"},{"floor":23,"key":"Energy Potion"}],"is_trial":false,"path_per_floor":["M","?","?","M","M","E","R","?","T","$","M","M","M","M","R","B",null,"M","M","?","?","M","M","$","?","T","?","R","?","R","M","R_BF","B"],"character_chosen":"HERMIT","items_purchased":["hermit:FatalDesire","hermit:Combo"],"campfire_rested":2,"item_purchase_floors":[10,24],"current_hp_per_floor":[66,66,59,52,43,27,47,42,42,42,40,28,14,8,28,26,68,47,13,18,21,74,43,43,43,43,43,43,43,43,31,31,0,0],"gold":393,"neow_bonus":"THREE_RARE_CARDS","is_daily":false,"chose_seed":false,"campfire_upgraded":2,"win_rate":0.0,"timestamp":1612142382,"path_taken":["M","?","?","M","M","E","R","?","T","$","?","M","M","M","R","BOSS","M","M","?","?","M","M","$","?","T","?","R","?","R","M","R_BF","BOSS"],"items_purchased_type":["Card","Card"],"build_version":"2020-12-18","purchased_purges":1,"victory":false,"max_hp_per_floor":[68,68,68,68,68,68,68,68,68,68,68,68,68,68,68,68,68,68,68,73,76,76,76,76,76,76,76,76,76,76,76,76,76,76],"card_choices":[{"not_picked":["hermit:Dive","hermit:Shortfuse"],"picked":"hermit:Grudge","floor":1},{"not_picked":["hermit:PistolWhip","hermit:Glare","hermit:Cheat"],"picked":"SKIP","floor":4},{"not_picked":["hermit:Manifest","hermit:NoHoldsBarred"],"picked":"hermit:ItchyTrigger","floor":5},{"not_picked":["hermit:Feint","hermit:TakeAim"],"picked":"hermit:Dissolve","floor":6},{"not_picked":["hermit:HighCaliber","hermit:Glare"],"picked":"hermit:TrackingShot","floor":8},{"not_picked":["hermit:CalledShot","hermit:Coalescence","hermit:LoneWolf"],"picked":"SKIP","floor":11},{"not_picked":["hermit:Roulette","hermit:CalledShot","hermit:HighCaliber"],"picked":"SKIP","floor":12},{"not_picked":["hermit:LowProfile","hermit:DeadMansHand","hermit:Shortfuse"],"picked":"SKIP","floor":13},{"not_picked":["hermit:CalledShot","hermit:ItchyTrigger","hermit:Roulette"],"picked":"SKIP","floor":14},{"not_picked":["hermit:Adapt","hermit:OverwhelmingPower"],"picked":"hermit:Dissolve","floor":16},{"not_picked":["hermit:Roulette","hermit:HoleUp"],"picked":"hermit:BigShot","floor":18},{"not_picked":["hermit:ItchyTrigger+1","hermit:SprayPray","hermit:Gestalt"],"picked":"SKIP","floor":19},{"not_picked":["hermit:CalledShot+1","hermit:SprayPray+1"],"picked":"hermit:TakeAim","floor":22},{"not_picked":["hermit:Dive","hermit:Grudge+1"],"picked":"hermit:WideOpen","floor":23},{"not_picked":["hermit:Snipe","hermit:LowProfile+1"],"picked":"hermit:Misfire+1","floor":31}],"player_experience":111043,"relics_obtained":[{"floor":6,"key":"Smiling Mask"},{"floor":8,"key":"Odd Mushroom"},{"floor":9,"key":"Mercury Hourglass"},{"floor":26,"key":"Akabeko"}],"event_choices":[{"cards_removed":["hermit:Defend_Hermit"],"damage_healed":0,"gold_gain":0,"player_choice":"Card Removal","damage_taken":7,"max_hp_gain":0,"max_hp_loss":0,"event_name":"Golden Wing","floor":3,"gold_loss":0},{"damage_healed":0,"gold_gain":0,"player_choice":"Fought Mushrooms","damage_taken":0,"max_hp_gain":0,"max_hp_loss":0,"event_name":"Mushrooms","floor":8,"gold_loss":0},{"damage_healed":0,"gold_gain":0,"player_choice":"Ignored","damage_taken":0,"max_hp_gain":0,"max_hp_loss":0,"event_name":"Vampires","floor":27,"gold_loss":0},{"cards_removed":["hubris:Lust"],"damage_healed":0,"gold_gain":0,"player_choice":"Purged","damage_taken":0,"max_hp_gain":0,"max_hp_loss":0,"event_name":"Purifier","floor":29,"gold_loss":0},{"damage_healed":0,"gold_gain":0,"player_choice":"Copied","damage_taken":0,"max_hp_gain":0,"max_hp_loss":0,"event_name":"Duplicator","floor":32,"gold_loss":0,"cards_obtained":["hermit:FatalDesire"]}],"is_beta":true,"boss_relics":[{"not_picked":["Snecko Eye","ReplayTheSpireMod:SealedPack","Fusion Hammer"]}],"items_purged_floors":[24],"is_endless":false,"potions_floor_spawned":[1,5,8,12,16,22,23],"killed_by":"Champ","ascension_level":0}}