{"host":"q6r63elxu27obe7v","time":1612159817,"event":{"mods":["2.2 Compatiblity","AchievementEnabler","BaseMod","CapriCore","DeckTracker","Keyboard Shortcuts","Minty Spire (QoL Compilation)","Permanent Neow","Quick Restart","Replay The Spire","StSLib","SuperFastMode","¡¼?Úª?ø«¡½REMEMod"],"gold_per_floor":[113,440,451,451,468,468,482,482,560,586,118,118,138,59,59,161,161,179,278,293,12,0,16,45,64,64,76,76,95,95,110,110,110,110],"floor_reached":33,"language":"KOR","playtime":2225,"items_purged":["Defend_G","Writhe"],"score":282,"play_id":"25242aad-3ac9-4590-9dea-9aee4ccc94d1","local_time":"20210201151017","is_ascension_mode":true,"campfire_choices":[{"data":"After Image","floor":6,"key":"SMITH"},{"data":"Neutralize","floor":8,"key":"SMITH"},{"data":"Dagger Spray","floor":12,"key":"SMITH"},{"data":"Footwork","floor":15,"key":"SMITH"},{"floor":32,"key":"REST"}],"circlet_count":0,"master_deck":["Strike_G","Strike_G","Defend_G","Defend_G","Survivor","Neutralize+1","Quick Slash","Deadly Poison","Hidden Blade+1","Prepared","After Image+1","Cloak And Dagger","Leg Sweep","Backstab","ReplayTheSpireMod:Speed Training","Dagger Spray+1","Acrobatics","Deflect","Fluid Movement","Poisoned Stab","Footwork+1","Burst","Amnesia","Backflip+1","Poisoned Stab","Noxious Fumes","Replay:Poison Smokescreen","Bouncing Flask+1","Backflip+1"],"relics":["REME_ComplimentaryCards","Old Coin","Sizzling Blood","Mummified Hand","Vajra","Orrery","War Paint","Kintsugi","ClockworkSouvenir","StrikeDummy"],"acts_visited":["Exordium","TheCity"],"potions_floor_usage":[11,16,16,24,31,31,33,33],"damage_taken":[{"damage":2,"enemies":"Small Slimes","floor":1,"turns":4},{"damage":0,"enemies":"Jaw Worm","floor":3,"turns":3},{"damage":5,"enemies":"2 Louse","floor":5,"turns":3},{"damage":0,"enemies":"Blue Slaver","floor":7,"turns":4},{"damage":6,"enemies":"3 Sentries","floor":10,"turns":11},{"damage":0,"enemies":"Exordium Thugs","floor":13,"turns":4},{"damage":2,"enemies":"Fading Forest","floor":16,"turns":11},{"damage":18,"enemies":"2 Thieves","floor":18,"turns":5},{"damage":15,"enemies":"3 Byrds","floor":20,"turns":6},{"damage":3,"enemies":"Cultist and Chosen","floor":23,"turns":7},{"damage":43,"enemies":"Slavers","floor":24,"turns":7},{"damage":2,"enemies":"Snecko","floor":25,"turns":6},{"damage":2,"enemies":"Centurion and Healer","floor":27,"turns":8},{"damage":0,"enemies":"Chosen and Byrds","floor":29,"turns":6},{"damage":14,"enemies":"3 Cultists","floor":31,"turns":6},{"damage":40,"enemies":"Automaton","floor":33,"turns":12}],"seed_played":"-8853616308351579275","potions_obtained":[{"floor":3,"key":"Fire Potion"},{"floor":7,"key":"Languid Potion"},{"floor":13,"key":"Weak Potion"},{"floor":24,"key":"Elixir"},{"floor":25,"key":"Flashbang"},{"floor":27,"key":"Fire Potion"},{"floor":31,"key":"Block Potion"}],"is_trial":false,"path_per_floor":["M","?","M","?","M","R","M","R","T","E","$","R","M","$","R","B",null,"M","?","M","$","?","M","E","M","T","M","$","M","$","M","R","B"],"character_chosen":"THE_SILENT","items_purchased":["Orrery","Fruit Juice","War Paint","Footwork","Noxious Fumes","ClockworkSouvenir"],"campfire_rested":1,"item_purchase_floors":[11,11,11,14,21,21],"current_hp_per_floor":[68,40,40,44,43,43,47,47,47,45,50,50,54,54,54,56,79,65,65,54,54,54,55,16,18,18,20,20,24,24,14,37,0,0],"gold":110,"neow_bonus":"THREE_CARDS","is_daily":false,"chose_seed":false,"campfire_upgraded":4,"win_rate":0.0,"timestamp":1612159817,"path_taken":["M","?","M","?","M","R","M","R","T","E","$","R","M","$","R","BOSS","M","?","M","$","?","?","E","M","T","M","$","M","$","M","R","BOSS"],"items_purchased_type":["Relic","Potion","Relic","Card","Card","Relic"],"build_version":"2020-12-22","purchased_purges":2,"victory":false,"max_hp_per_floor":[70,70,70,74,74,74,74,74,74,74,79,79,79,79,79,79,79,79,79,79,79,79,79,79,79,79,79,79,79,79,79,79,79,79],"card_choices":[{"not_picked":["Predator","Flying Knee"],"picked":"Quick Slash","floor":0},{"not_picked":["Quick Slash","Flechettes"],"picked":"Deadly Poison","floor":1},{"not_picked":["Predator","Poison Darts"],"picked":"Hidden Blade","floor":2},{"not_picked":["Flying Knee","Draining Mist"],"picked":"Prepared","floor":3},{"not_picked":["Poisoned Stab","Hidden Blade"],"picked":"Cloak And Dagger","floor":5},{"not_picked":["Slice","Poisoned Stab"],"picked":"Leg Sweep","floor":7},{"not_picked":["Acrobatics","Replay:Bag of Tricks"],"picked":"Backstab","floor":10},{"not_picked":["Night Terror","Outmaneuver"],"picked":"ReplayTheSpireMod:Speed Training","floor":11},{"not_picked":["REME_GrazeFinale","Outmaneuver"],"picked":"Dagger Spray","floor":11},{"not_picked":["All Out Attack","Outmaneuver"],"picked":"Acrobatics","floor":11},{"not_picked":["Tactician","REME_GreenPollution"],"picked":"Deflect","floor":11},{"not_picked":["Flechettes","PiercingWail"],"picked":"Fluid Movement","floor":11},{"not_picked":["Backstab","Bane"],"picked":"Poisoned Stab","floor":13},{"not_picked":["REME_CopyPotion","REME_GrazeFinale"],"picked":"Burst","floor":16},{"not_picked":["Dodge and Roll","Backstab"],"picked":"Backflip+1","floor":18},{"not_picked":["Bouncing Flask","ReplayTheSpireMod:Scrap Shanks+1"],"picked":"Poisoned Stab","floor":20},{"not_picked":["Poisoned Stab","Riddle With Holes"],"picked":"Replay:Poison Smokescreen","floor":23},{"not_picked":["Acrobatics","Underhanded Strike","Sucker Punch"],"picked":"SKIP","floor":24},{"not_picked":["Skewer","Expertise","Underhanded Strike"],"picked":"SKIP","floor":25},{"not_picked":["REME_GreenPollution","Accuracy"],"picked":"Bouncing Flask+1","floor":27},{"not_picked":["PiercingWail","Dagger Spray"],"picked":"Backflip+1","floor":29},{"not_picked":["Prepared","Acrobatics","Poisoned Stab"],"picked":"SKIP","floor":31}],"player_experience":81814,"relics_obtained":[{"floor":2,"key":"Old Coin"},{"floor":9,"key":"Mummified Hand"},{"floor":10,"key":"Vajra"},{"floor":24,"key":"StrikeDummy"}],"event_choices":[{"damage_healed":0,"gold_gain":99,"player_choice":"Stole From Cult","damage_taken":0,"max_hp_gain":0,"max_hp_loss":0,"event_name":"Nest","floor":19,"gold_loss":0},{"damage_healed":0,"gold_gain":0,"player_choice":"Paid Fearfully","damage_taken":0,"max_hp_gain":0,"max_hp_loss":0,"event_name":"Masked Bandits","floor":22,"gold_loss":12}],"is_beta":false,"boss_relics":[{"not_picked":["HoveringKite","Calling Bell"],"picked":"Kintsugi"}],"items_purged_floors":[11,21],"is_endless":false,"potions_floor_spawned":[3,7,13,24,25,27,29,31],"killed_by":"Automaton","ascension_level":1}}