{"host":"yans4pr1zf0lm9bx","time":1612208618,"event":{"mods":["AchievementEnabler","BaseMod","Downfall","Minty Spire (QoL Compilation)","StSLib","SuperFastMode","slay the spire mod where everything is the same but ironclad has a cowboy hat"],"gold_per_floor":[99,118,118,63,73,105,105,140,140,156,156,179,191,205,222,222,222,222],"floor_reached":16,"language":"ENG","playtime":820,"items_purged":[],"score":112,"play_id":"9f78ed08-8e00-400e-bd7d-c8ffffa619b5","local_time":"20210201144338","is_ascension_mode":false,"campfire_choices":[{"data":"Guardian:TwinSlam","floor":1,"key":"SMITH"},{"data":"Guardian:ChargeCore","floor":11,"key":"SMITH"}],"circlet_count":0,"master_deck":["Guardian:Strike_Guardian","Guardian:Strike_Guardian","Guardian:Strike_Guardian","Guardian:Strike_Guardian","Guardian:Defend_Guardian","Guardian:Defend_Guardian","Guardian:Defend_Guardian","Guardian:Defend_Guardian","Guardian:CurlUp","Guardian:TwinSlam+1","Guardian:Planning","Guardian:PrismaticBeam","Guardian:Planning","Guardian:TemporalStrike","Guardian:RevengeProtocol","Guardian:ChargeCore+1","Guardian:Gem_Blue","Guardian:Gem_Blue","Guardian:Gem_Green"],"relics":["Guardian:ModeShifter","TungstenRod","Singing Bowl","Torii","Omamori"],"acts_visited":["Exordium"],"potions_floor_usage":[16],"damage_taken":[{"damage":0,"enemies":"2 Louse","floor":2,"turns":3},{"damage":0,"enemies":"downfall:FleeingMerchant","floor":4,"turns":4},{"damage":0,"enemies":"Cultist","floor":5,"turns":4},{"damage":19,"enemies":"Gremlin Nob","floor":6,"turns":5},{"damage":21,"enemies":"Lagavulin","floor":8,"turns":8},{"damage":0,"enemies":"Small Slimes","floor":10,"turns":4},{"damage":0,"enemies":"Blue Slaver","floor":13,"turns":3},{"damage":7,"enemies":"Red Slaver","floor":14,"turns":4},{"damage":7,"enemies":"2 Fungi Beasts","floor":15,"turns":3},{"damage":39,"enemies":"DF_ARCHETYPE_STREAMLINE","floor":16,"turns":12}],"seed_played":"-8194484324500784704","potions_obtained":[{"floor":2,"key":"Swift Potion"},{"floor":5,"key":"Fire Potion"},{"floor":10,"key":"champ:CounterPotion"},{"floor":13,"key":"GamblersBrew"}],"is_trial":false,"path_per_floor":["R","M","?","$","M","E","T","E","?","M","R","T","M","M","M","B"],"character_chosen":"GUARDIAN","items_purchased":["Guardian:PrismaticBeam"],"campfire_rested":0,"item_purchase_floors":[4],"current_hp_per_floor":[88,88,88,88,88,69,69,48,48,48,48,48,48,41,34,0,0,0],"gold":222,"neow_bonus":"TEN_PERCENT_HP_BONUS","is_daily":false,"chose_seed":false,"campfire_upgraded":2,"win_rate":0.0,"timestamp":1612208618,"path_taken":["R","M","?","?","M","E","T","E","?","M","R","?","M","?","M","BOSS"],"items_purchased_type":["Card"],"build_version":"2020-12-22","purchased_purges":0,"victory":false,"max_hp_per_floor":[88,88,88,88,88,88,88,88,88,88,88,88,88,88,88,88,88,88],"card_choices":[{"not_picked":["Guardian:Repulse","Guardian:ArmoredProtocol"],"picked":"Guardian:Planning","floor":2},{"not_picked":["Guardian:RollAttack","Guardian:Suspension"],"picked":"Guardian:Gem_Yellow","floor":4},{"not_picked":["Guardian:Reroute","Guardian:Recover"],"picked":"Guardian:Planning","floor":5},{"not_picked":["Guardian:ShieldSpikes","Guardian:PrimingBeam"],"picked":"Guardian:TemporalStrike","floor":6},{"not_picked":["Guardian:ArmoredProtocol","Guardian:PrimingBeam"],"picked":"Guardian:RevengeProtocol","floor":8},{"not_picked":["Guardian:GuardianWhirl","Guardian:Reroute"],"picked":"Guardian:ChargeCore","floor":10},{"not_picked":["Guardian:Suspension","Guardian:TemporalShield"],"picked":"Guardian:Gem_Blue","floor":13},{"not_picked":["Guardian:WalkerClaw","Guardian:FloatingOrbs"],"picked":"Guardian:Gem_Blue","floor":14},{"not_picked":["Guardian:Incinerate","Guardian:Gem_Crimson"],"picked":"Guardian:Gem_Green","floor":15}],"player_experience":292155,"relics_obtained":[{"floor":6,"key":"TungstenRod"},{"floor":7,"key":"Singing Bowl"},{"floor":8,"key":"Torii"},{"floor":12,"key":"Omamori"}],"event_choices":[],"is_beta":false,"boss_relics":[],"items_purged_floors":[],"is_endless":false,"potions_floor_spawned":[2,5,10,13,14],"killed_by":"DF_ARCHETYPE_STREAMLINE","ascension_level":0}}