{"host":"mn5kbj4x7gv3jr0o","time":1612155101,"event":{"mods":["2.2 Compatiblity","A Magickal Journey","AchievementEnabler","Ascension Reborn","Aspiration","BaseMod","Bestiary","Better Altar","Better Note","Better Sensory Stone","Better Silent Start","Better Skull","Better Third Choice","Better Vampires","Better-Laid Plans","BetterRewards","Block Reminder","CCEM2","Colored Powertips","Colorless Booster Pack","Conspire","Curses Come First","Dota2Spire","Downfall","Emptier Cage","Energized Spire","Fox Events","GifTheSpireLib","Halation","HololiveMod","Hubris","Infinite Spire","Ironclad Rager","Jess\u0027s Bottle","Keyboard Shortcuts","Minty Spire (QoL Compilation)","Mirrors Mod","Poem Panic","Potion Indicator Mod","Potionbrewer","Puzzle Mod","Quarter Circle Forward PUNCH!","Quick Restart","Random Character Button","RatMod","Relic Sorter","Reliquary","Retaliation","Reworked Bosses","SCP261 Mod","SacredBarkPlus","Shop Mod","Small Relic Pack","Spicy Shops","Spikes Relics","StS++","StSLib","Stuff the Spire","The Blue Laboratory","Thieving Mod","Trackpad","Uncapped","UnlockEverythingMod","Useless Jewels Mod","Virulent Crown","Weighted Paths","Wide Potions"],"gold_per_floor":[113,113,125,139,139,172,17,17,17,34,34,34,65,84,84,187,187,206,206,40,40,60,93,93,93,116,116,144,144,144,154,154,250,250,260,270,370,370,380,411,411,157,184,204,204,204,219,219,219,219],"floor_reached":51,"language":"ENG","playtime":3404,"items_purged":[],"score":996,"play_id":"5c3159a4-1271-4d7e-8f9e-d23a19abc6d7","local_time":"20210131235141","is_ascension_mode":true,"campfire_choices":[{"data":"potionbrewer:Collect","floor":8.0,"key":"SMITH"},{"data":"potionbrewer:SpecialFormula","floor":15.0,"key":"SMITH"},{"floor":25,"key":"REST"},{"data":"potionbrewer:ChokingPowder","floor":29,"key":"SMITH"},{"data":"potionbrewer:OneTwoPunch","floor":32,"key":"SMITH"},{"data":"hubris:InfiniteBlow+42","floor":41,"key":"SMITH"},{"floor":49,"key":"REST"}],"circlet_count":0,"master_deck":["potionbrewer:PotionbrewerStrike","potionbrewer:PotionbrewerStrike","potionbrewer:PotionbrewerStrike","potionbrewer:PotionbrewerStrike","potionbrewer:PotionbrewerDefend","potionbrewer:PotionbrewerDefend","potionbrewer:PotionbrewerDefend","potionbrewer:PotionbrewerDefend","potionbrewer:Collect+1","potionbrewer:ChemicalSpill+1","potionbrewer:Fuel+1","potionbrewer:PrivateReserves","potionbrewer:Smack","potionbrewer:SpecialFormula+1","potionbrewer:ResearchResults","potionbrewer:AnotherRound+1","potionbrewer:TwoForOne+1","CBP: UltraDivineWater","potionbrewer:ChokingPowder+1","potionbrewer:OneTwoPunch+1","StuffTheSpire:CopiaOfFamine","potionbrewer:ChemicalRage+1","potionbrewer:Catalyze","potionbrewer:ExplosiveReaction","hubris:InfiniteBlow+43","infinitespire:UltimateForm+1","potionbrewer:ChemicalRage","potionbrewer:QuickStep+1"],"relics":["potionbrewer:PotionKit","halation:PinkSoulGem","potionbrewer:WarMedal","Hololive_LightStick","ExplosiveVial","trackpad:BottledTsunami","StuffTheSpire:Tea","Mercury Hourglass","reliquary:RedCape","InkBottle","Blue Candle","aspiration:ChemicalBlood","potionbrewer:DrinkingBird","reliquary:TridentHead","trackpad:Coffee","Dota2Spire:ShivaGuard","StuffTheSpire:Experiment12","LugNut","SnailShell","hubris:MedicalManual"],"acts_visited":["Exordium","TheCity","TheBeyond"],"potions_floor_usage":[28,28,28,33,33,33,33,33,35,35,36,37,37,37,37,37,37,37,39,39,44,47,47,47,47,50,50],"damage_taken":[{"damage":0.0,"enemies":"Cultist","floor":1.0,"turns":3.0},{"damage":0.0,"enemies":"2 Louse","floor":3.0,"turns":2.0},{"damage":0.0,"enemies":"Jaw Worm","floor":4.0,"turns":1.0},{"damage":14.0,"enemies":"3 Sentries","floor":6.0,"turns":10.0},{"damage":0.0,"enemies":"Blue Slaver","floor":10.0,"turns":3.0},{"damage":0.0,"enemies":"Lagavulin","floor":13.0,"turns":4.0},{"damage":0.0,"enemies":"3 Louse","floor":14.0,"turns":2.0},{"damage":0.0,"enemies":"Hexaghost","floor":16.0,"turns":7.0},{"damage":4.0,"enemies":"2 Thieves","floor":18.0,"turns":4.0},{"damage":0.0,"enemies":"Shell Parasite","floor":22.0,"turns":4.0},{"damage":33.0,"enemies":"EliteMirrorEncounter","floor":23.0,"turns":5.0},{"damage":0,"enemies":"conspire:SneckoGhost","floor":28,"turns":3},{"damage":0,"enemies":"Snake Plant","floor":31,"turns":2},{"damage":0,"enemies":"conspire:MysteriousRune","floor":33,"turns":4},{"damage":0,"enemies":"Orb Walker","floor":35,"turns":3},{"damage":0,"enemies":"3 Darklings","floor":36,"turns":5},{"damage":0,"enemies":"infinitespire:Three Voidlings","floor":37,"turns":4},{"damage":6,"enemies":"Nightmare_Alpha","floor":37,"turns":12},{"damage":0,"enemies":"4 Shapes","floor":39,"turns":2},{"damage":28,"enemies":"Nemesis","floor":40,"turns":5},{"damage":0,"enemies":"Transient","floor":44,"turns":3},{"damage":0,"enemies":"Sphere and 2 Shapes","floor":47,"turns":3},{"damage":0,"enemies":"conspire:OrnateMirror","floor":50,"turns":3}],"seed_played":"7019041608261713527","potions_obtained":[{"floor":0.0,"key":"blueLaboratory:HummingbirdPotion"},{"floor":0.0,"key":"BlessingOfTheForge"},{"floor":0.0,"key":"ThievingMod:ThievingPotion"},{"floor":1.0,"key":"ColorlessPotion"},{"floor":3.0,"key":"blueLaboratory:RememoryPotion"},{"floor":14.0,"key":"SteroidPotion"},{"floor":16.0,"key":"LiquidBronze"},{"floor":23.0,"key":"SCP261:BlastolaColaPotion"},{"floor":28,"key":"hexamod:SoulburnPotion"},{"floor":33,"key":"SkillPotion"},{"floor":35,"key":"blueLaboratory:ArtificerPotion"},{"floor":36,"key":"blueLaboratory:BubblePotion"},{"floor":47,"key":"bronze:BurnAndBuffPotion"}],"is_trial":false,"path_per_floor":["M","T","M","M","?","E","$","R","T","M","?","T","E","M","R","B",null,"M","?","$","?","M","E","?","R","T","?","E","R","T","M","R","B",null,"M","M","?","?","M","E","R","$","T","M","?","?","M","T","R","B",null],"character_chosen":"POTIONBREWER","items_purchased":["ExplosiveVial","CBP: UltraDivineWater","LugNut"],"campfire_rested":2,"item_purchase_floors":[7,20,42],"current_hp_per_floor":[75,75,75,75,75,61,61,61,61,61,61,61,61,61,61,61,75,71,71,71,71,71,40,35,58,58,38,38,38,38,38,38,38,77,77,77,71,52,52,24,24,24,24,24,24,24,24,24,47,47],"gold":219,"neow_bonus":"THREE_SMALL_POTIONS","is_daily":false,"chose_seed":false,"campfire_upgraded":5,"win_rate":0.0,"timestamp":1612155101,"path_taken":["M","?","?","M","?","E","$","R","T","M","?","?","E","M","R","BOSS","M","?","$","?","M","E","?","R","T","?","E","R","?","M","R","BOSS","M","M","?","?","M","E","R","?","T","?","?","?","?","?","R","BOSS"],"items_purchased_type":["Relic","Card","Relic"],"build_version":"2020-12-22","purchased_purges":0,"victory":true,"max_hp_per_floor":[75,75,75,75,75,75,75,75,75,75,75,75,75,75,75,75,75,75,75,75,75,75,77,77,77,77,77,77,77,77,77,77,77,77,77,77,77,77,77,77,77,77,77,77,77,77,77,77,77,77],"card_choices":[{"not_picked":["potionbrewer:Contingency","potionbrewer:FortifiedSerum"],"picked":"potionbrewer:Fuel","floor":1.0},{"not_picked":["potionbrewer:FuelCell","potionbrewer:MicrobeSpray"],"picked":"potionbrewer:PrivateReserves","floor":3.0},{"not_picked":["potionbrewer:BalancedFormula","potionbrewer:TestFormula","potionbrewer:LeftoverSpecimen"],"picked":"SKIP","floor":4.0},{"not_picked":["potionbrewer:BlindingSpray","potionbrewer:Refill"],"picked":"potionbrewer:Smack","floor":6.0},{"not_picked":["potionbrewer:TimeBomb","potionbrewer:Contingency","potionbrewer:Shovel"],"picked":"SKIP","floor":10.0},{"not_picked":["potionbrewer:VolatileSolution","potionbrewer:CrossReference"],"picked":"potionbrewer:SpecialFormula","floor":13.0},{"not_picked":["potionbrewer:ChemicalWeapons","potionbrewer:Smack","potionbrewer:Contingency"],"picked":"SKIP","floor":14.0},{"not_picked":["potionbrewer:HazardousWaste","potionbrewer:Transmute"],"picked":"potionbrewer:ResearchResults","floor":16.0},{"not_picked":["potionbrewer:BlindingMist+1","potionbrewer:EmptyBottle"],"picked":"potionbrewer:AnotherRound+1","floor":18.0},{"not_picked":["potionbrewer:BlindingSpray+1","potionbrewer:OneTwoPunch"],"picked":"potionbrewer:ChokingPowder","floor":22.0},{"not_picked":["potionbrewer:Spark","potionbrewer:Toxicity"],"picked":"potionbrewer:OneTwoPunch","floor":23.0},{"not_picked":["potionbrewer:Brandish+1","potionbrewer:DigDeep"],"picked":"potionbrewer:ChemicalRage+1","floor":28},{"not_picked":["potionbrewer:Fuel","potionbrewer:Shovel","potionbrewer:TimeBomb"],"picked":"SKIP","floor":31},{"not_picked":["potionbrewer:HazardousWaste","potionbrewer:EquivalentExchange"],"picked":"potionbrewer:Catalyze","floor":33},{"not_picked":["potionbrewer:Smokescreen","potionbrewer:Experimentation"],"picked":"potionbrewer:ExplosiveReaction","floor":35},{"not_picked":["potionbrewer:OneTwoPunch+1","potionbrewer:AnotherRound+1","potionbrewer:BlindingMist"],"picked":"SKIP","floor":36},{"not_picked":["infinitespire:SevenWalls","hubris:Rewind"],"picked":"hubris:InfiniteBlow+42","floor":37},{"not_picked":["infinitespire:Starlight","infinitespire:SealOfDarkness+"],"picked":"infinitespire:UltimateForm","floor":38},{"not_picked":["potionbrewer:Contingency+1","potionbrewer:BlindingSpray","potionbrewer:Refill+1"],"picked":"SKIP","floor":39},{"not_picked":["potionbrewer:Hoarder","potionbrewer:Toxicity+1","potionbrewer:ExplosiveReaction"],"picked":"SKIP","floor":40},{"not_picked":["potionbrewer:VolatileSolution+1","potionbrewer:WizBang"],"picked":"potionbrewer:ChemicalRage","floor":44},{"not_picked":["potionbrewer:TestFormula+1","potionbrewer:FortifiedSerum"],"picked":"potionbrewer:QuickStep+1","floor":47}],"player_experience":179876,"relics_obtained":[{"floor":2.0,"key":"potionbrewer:WarMedal"},{"floor":6.0,"key":"Hololive_LightStick"},{"floor":9.0,"key":"trackpad:BottledTsunami"},{"floor":12.0,"key":"StuffTheSpire:Tea"},{"floor":13.0,"key":"Mercury Hourglass"},{"floor":23.0,"key":"InkBottle"},{"floor":26,"key":"aspiration:ChemicalBlood"},{"floor":28,"key":"potionbrewer:DrinkingBird"},{"floor":30,"key":"reliquary:TridentHead"},{"floor":37,"key":"Dota2Spire:ShivaGuard"},{"floor":40,"key":"StuffTheSpire:Experiment12"},{"floor":43,"key":"SnailShell"},{"floor":48,"key":"hubris:MedicalManual"}],"event_choices":[{"damage_healed":0.0,"max_hp_gain":0.0,"max_hp_loss":0.0,"gold_gain":0.0,"event_name":"Living Wall","player_choice":"Grow","floor":11.0,"gold_loss":0.0,"damage_taken":0.0,"cards_upgraded":["potionbrewer:Fuel"]},{"cards_removed":["potionbrewer:Collect"],"damage_healed":0.0,"max_hp_gain":0.0,"max_hp_loss":0.0,"gold_gain":0.0,"event_name":"betterNote:BetterNote","player_choice":"Take \u0026 Give","floor":19.0,"gold_loss":0.0,"damage_taken":0.0,"cards_obtained":["potionbrewer:TwoForOne"]},{"damage_healed":0,"gold_gain":0,"player_choice":"Upgraded","damage_taken":0,"max_hp_gain":0,"max_hp_loss":0,"event_name":"Upgrade Shrine","floor":46,"gold_loss":0,"cards_upgraded":["infinitespire:UltimateForm"]}],"is_beta":false,"boss_relics":[{"not_picked":["StSpp:Balance","aspiration:RunicSpoon"],"picked":"reliquary:RedCape"},{"not_picked":["StuffTheSpire:Kangaroo","halation:CatFaceCupcake"],"picked":"trackpad:Coffee"}],"items_purged_floors":[],"is_endless":false,"potions_floor_spawned":[1,3,14,16,23,28,31,33,35,36,37,47],"ascension_level":0}}