{"host":"v2nniiiz7kpx7fwo","time":1612167130,"event":{"mods":["2.2 Compatiblity","AchievementEnabler","BaseMod","Colored Map","Colored Powertips","DeckTracker","Highlight Path","KOR Keyword Fix","Minty Spire (QoL Compilation)","Permanent Neow","Quick Restart","Rare Cards Sparkle","SuperFastMode"],"gold_per_floor":[14,30,42,58,78,78,103,123,175,191,203,203,10,10,10,84,84,59,26,26,26,26],"floor_reached":21,"language":"KOR","playtime":925,"items_purged":["Strike_R"],"score":302,"play_id":"ce312623-3ec2-404c-bf37-42ef00f6d7c4","local_time":"20210201171210","is_ascension_mode":true,"campfire_choices":[{"data":"Armaments","floor":6.0,"key":"SMITH"},{"floor":12.0,"key":"REST"},{"floor":15.0,"key":"REST"}],"circlet_count":0,"master_deck":["AscendersBane","Strike_R","Strike_R","Strike_R","Strike_R","Defend_R","Defend_R","Defend_R","Defend_R","Bash","Barricade","Body Slam","Cleave","Thunderclap","Intimidate","Armaments+1","Offering","Body Slam","Ghostly Armor","Whirlwind","Entrench","Berserk","Seeing Red","Dark Embrace","Offering"],"relics":["Burning Blood","Gremlin Horn","PreservedInsect","SlaversCollar"],"acts_visited":["Exordium","TheCity"],"potions_floor_usage":[21],"damage_taken":[{"damage":11.0,"enemies":"Cultist","floor":1.0,"turns":4.0},{"damage":14.0,"enemies":"Jaw Worm","floor":2.0,"turns":4.0},{"damage":0.0,"enemies":"Small Slimes","floor":3.0,"turns":3.0},{"damage":0.0,"enemies":"2 Fungi Beasts","floor":4.0,"turns":2.0},{"damage":15.0,"enemies":"Red Slaver","floor":5.0,"turns":3.0},{"damage":26.0,"enemies":"Lagavulin","floor":7.0,"turns":7.0},{"damage":12.0,"enemies":"Looter","floor":8.0,"turns":4.0},{"damage":14.0,"enemies":"3 Louse","floor":10.0,"turns":2.0},{"damage":12.0,"enemies":"Large Slime","floor":11.0,"turns":4.0},{"damage":27.0,"enemies":"Hexaghost","floor":16.0,"turns":10.0},{"damage":63.0,"enemies":"2 Thieves","floor":18.0,"turns":5.0},{"damage":33,"enemies":"Spheric Guardian","floor":21,"turns":5}],"seed_played":"-97309930397749718","potions_obtained":[{"floor":2.0,"key":"Explosive Potion"},{"floor":5.0,"key":"DuplicationPotion"},{"floor":7.0,"key":"DuplicationPotion"},{"floor":8.0,"key":"PowerPotion"}],"is_trial":false,"path_per_floor":["M","M","M","M","M","R","E","M","T","M","M","R","$","?","R","B",null,"M","$","?","M"],"character_chosen":"IRONCLAD","items_purchased":["Entrench","BloodPotion","Dark Embrace"],"campfire_rested":2,"item_purchase_floors":[13,13,19],"current_hp_per_floor":[67,59,65,71,62,62,42,36,36,28,22,46,46,46,70,49,72,15,15,15,0,0],"gold":26,"neow_bonus":"THREE_RARE_CARDS","is_daily":false,"chose_seed":false,"campfire_upgraded":1,"win_rate":0.0,"timestamp":1612167130,"path_taken":["M","M","?","M","M","R","E","M","T","M","M","R","$","?","R","BOSS","M","$","?","?"],"items_purchased_type":["Card","Potion","Card"],"build_version":"2020-12-22","purchased_purges":1,"victory":false,"max_hp_per_floor":[80,80,80,80,80,80,80,80,80,80,80,80,80,80,80,80,80,80,80,80,80,80],"card_choices":[{"not_picked":["Double Tap","Juggernaut"],"picked":"Barricade","floor":0.0},{"not_picked":["Perfected Strike","Clash"],"picked":"Body Slam","floor":1.0},{"not_picked":["Shockwave","Clothesline"],"picked":"Cleave","floor":2.0},{"not_picked":["Dropkick","Pommel Strike"],"picked":"Thunderclap","floor":3.0},{"not_picked":["Corruption","Body Slam"],"picked":"Intimidate","floor":4.0},{"not_picked":["Anger","Thunderclap"],"picked":"Armaments","floor":5.0},{"not_picked":["Inflame","Carnage"],"picked":"Offering","floor":7.0},{"not_picked":["Flex","Pommel Strike"],"picked":"Body Slam","floor":8.0},{"not_picked":["Wild Strike","Feel No Pain"],"picked":"Ghostly Armor","floor":10.0},{"not_picked":["Flame Barrier","Anger"],"picked":"Whirlwind","floor":11.0},{"not_picked":["Offering","Immolate"],"picked":"Berserk","floor":16.0},{"not_picked":["Sword Boomerang","Wild Strike"],"picked":"Seeing Red","floor":18.0}],"player_experience":476943,"relics_obtained":[{"floor":7.0,"key":"Gremlin Horn"},{"floor":9.0,"key":"PreservedInsect"}],"event_choices":[{"damage_healed":0.0,"max_hp_gain":0.0,"max_hp_loss":0.0,"gold_gain":0.0,"event_name":"Liars Game","player_choice":"Ignored","floor":14.0,"gold_loss":0.0,"damage_taken":0.0},{"damage_healed":0.0,"max_hp_gain":0.0,"max_hp_loss":0.0,"gold_gain":0.0,"event_name":"Match and Keep!","player_choice":"1 cards matched","floor":20.0,"gold_loss":0.0,"damage_taken":0.0,"cards_obtained":["Offering"]}],"is_beta":false,"boss_relics":[{"not_picked":["Cursed Key","Runic Dome"],"picked":"SlaversCollar"}],"items_purged_floors":[13],"is_endless":false,"potions_floor_spawned":[2,5,7,8,10],"killed_by":"Spheric Guardian","ascension_level":13}}