{"host":"ojezjkpqju62j8xy","time":1612178246,"event":{"mods":["ATMod(°¢èªMod)","Act Like it!","Aspiration","BaseMod","Conspire","Gensokyo","Minty Spire (QoL Compilation)","Pale of the Ancients","Reliquary","Replay The Spire","Spicy Shops","StSLib","¡¾ÒÅÎï¿¨ÅÆ¡¿REMEMod","²ÐÁôÖ®Îï"],"gold_per_floor":[218,218,1,1,17,51,51,314,314,342,342,342,7,7,7,105,105,115,115,153,153,153],"floor_reached":21,"language":"ZHS","playtime":812,"items_purged":[],"score":287,"play_id":"d869d4ec-6022-43cc-b650-f727ad7c0d51","local_time":"20210201191726","is_ascension_mode":true,"campfire_choices":[{"floor":7.0,"key":"REST"},{"floor":12.0,"key":"REST"},{"floor":15.0,"key":"REST"}],"circlet_count":0,"master_deck":["Strike_P","Strike_P","Strike_P","Strike_P","Defend_P","Defend_P","Defend_P","Defend_P","Eruption","Vigilance","AT_MachinaRedman","REME_MagicPocketWatch","PathToVictory","Vengeance","Swivel","Conclude","PathToVictory","ClearTheMind","REME_Repentance","Pot Of Greed","Pot Of Greed","LikeWater","Wish","FlyingSleeves","Pot Of Greed","CutThroughFate+1"],"relics":["PureWater","AT_ATBox","REME_ComplimentaryCards","Ornamental Fan","Ancient Tea Set","AT_TimeSand","reliquary:FeatherDuster","Grinning Jar","AT_ArchangelStaff","Sling","Matryoshka","conspire:RoyalGoblet"],"acts_visited":["Gensokyo:Gensokyo","Gensokyo:Gensokyoer"],"potions_floor_usage":[],"damage_taken":[{"damage":2.0,"enemies":"Gensokyo:Gryphon","floor":1.0,"turns":3.0},{"damage":21.0,"enemies":"Gensokyo:Python","floor":5.0,"turns":3.0},{"damage":12.0,"enemies":"Gensokyo:Cirno","floor":6.0,"turns":6.0},{"damage":48.0,"enemies":"Gensokyo:Aya","floor":8.0,"turns":4.0},{"damage":0.0,"enemies":"Gensokyo:Cirno","floor":10.0,"turns":5.0},{"damage":47.0,"enemies":"Gensokyo:Reimu","floor":16.0,"turns":8.0},{"damage":21.0,"enemies":"Gensokyo:Chomper","floor":18.0,"turns":4.0},{"damage":0.0,"enemies":"Gensokyo:CosmicMonolith","floor":19.0,"turns":2.0},{"damage":46,"enemies":"Gensokyo:Slime_Group","floor":20,"turns":5},{"damage":33,"enemies":"Gensokyo:Swordslinger","floor":21,"turns":1}],"seed_played":"-7690789781886527466","potions_obtained":[{"floor":1.0,"key":"SmokeBomb"},{"floor":6.0,"key":"REME_GoldPotion"},{"floor":8.0,"key":"Regen Potion"},{"floor":18.0,"key":"BottledMiracle"}],"is_trial":false,"path_per_floor":["M","?","COS","?","M","E","R","E","T","E","?","R","$","?","R","B",null,"M","M","M","M"],"character_chosen":"WATCHER","items_purchased":["AT_ArchangelStaff","Sling","LikeWater"],"campfire_rested":3,"item_purchase_floors":[13,13,13],"current_hp_per_floor":[63,63,63,63,42,30,51,3,3,18,4,25,25,32,53,6,56,35,72,26,0,0],"gold":153,"neow_bonus":"HUNDRED_GOLD","is_daily":false,"chose_seed":false,"campfire_upgraded":0,"win_rate":0.0,"timestamp":1612178246,"path_taken":["M","?","COS","?","M","E","R","E","T","E","?","R","$","?","R","BOSS","M","M","?","M"],"items_purchased_type":["Relic","Relic","Card"],"build_version":"2020-12-22","purchased_purges":0,"victory":false,"max_hp_per_floor":[72,72,72,72,72,72,72,72,72,72,72,72,72,72,72,72,72,72,72,72,72,72],"card_choices":[{"not_picked":["JustLucky","CutThroughFate"],"picked":"PathToVictory","floor":1.0},{"not_picked":["BattleHymn","SashWhip"],"picked":"Vengeance","floor":4.0},{"not_picked":["Adaptation","ThirdEye"],"picked":"Swivel","floor":4.0},{"not_picked":["Replay:ManipulateFuture","Fasting2"],"picked":"Conclude","floor":5.0},{"not_picked":["AT_SoftenMuscles","Crescendo"],"picked":"PathToVictory","floor":6.0},{"not_picked":["JustLucky","DeusExMachina"],"picked":"ClearTheMind","floor":8.0},{"not_picked":["EmptyBody","ThirdEye"],"picked":"REME_Repentance","floor":10.0},{"not_picked":["Brilliance","SpiritShield"],"picked":"Wish","floor":16.0},{"not_picked":["CutThroughFate","CrushJoints"],"picked":"FlyingSleeves","floor":18.0},{"not_picked":["WheelKick","FollowUp"],"picked":"CutThroughFate+1","floor":20}],"player_experience":1510536,"relics_obtained":[{"floor":6.0,"key":"Ornamental Fan"},{"floor":8.0,"key":"AT_TimeSand"},{"floor":10.0,"key":"reliquary:FeatherDuster"}],"event_choices":[],"is_beta":false,"boss_relics":[{"not_picked":["conspire:RunicOctahedron","Honey Jar"],"picked":"conspire:RoyalGoblet"}],"items_purged_floors":[],"is_endless":false,"potions_floor_spawned":[1,6,8,18],"killed_by":"Gensokyo:Swordslinger","ascension_level":7}}