{"host":"5dhwd44u3dydylwe","time":1612143535,"event":{"mods":["AchievementEnabler","BaseMod","BetterRewards","Dota2Spire","Hubris","Minty Spire (QoL Compilation)","Shop Mod","StSLib","Wandering Minibosses"],"gold_per_floor":[113,129,129,129,139,170,170,188,220,220,229,271,271,271,271,292,292,426,426,450,450,33,42,142,173,196,196,251,299,320,351,351,375,375,506,506,525,150,173,198,230,269,169,169,211,211,251,251,275,275,314,314,314,314,323,147,180,180],"floor_reached":59,"language":"ENG","playtime":3704,"items_purged":["Strike_G","Strike_G","Strike_G","Defend_G"],"score":2480,"play_id":"2a295dd3-4fb1-4df7-8e0e-9057d757c38d","local_time":"20210201093855","is_ascension_mode":true,"campfire_choices":[{"floor":7,"key":"REST"},{"floor":14,"key":"REST"},{"data":"Catalyst","floor":17,"key":"SMITH"},{"floor":27,"key":"RECALL"},{"data":"Neutralize","floor":34,"key":"SMITH"},{"data":"Dash","floor":44,"key":"SMITH"},{"data":"Adrenaline","floor":48,"key":"SMITH"},{"data":"Leg Sweep","floor":50,"key":"SMITH"},{"data":"Night Terror","floor":52,"key":"SMITH"},{"floor":55,"key":"REST"}],"circlet_count":0,"master_deck":["LessonLearned+1","Defend_G+1","Defend_G+1","Survivor+1","Neutralize+1","Noxious Fumes+1","Calculated Gamble+1","Backflip+1","Poisoned Stab+1","Infinite Blades+1","Dash+1","Deadly Poison+1","PiercingWail+1","hubris:DuctTapeCard","Catalyst+1","Adrenaline+1","Dash+1","Necronomicurse","Crippling Poison+1","Predator+1","Leg Sweep+1","Skewer+1","Night Terror+1","Leg Sweep+1","Blur+1","Blur+1"],"relics":["Ring of the Snake","Matryoshka","ClockworkSouvenir","hubris:Zylophone","Snake Skull","hubris:EmptyBottle","Paper Crane","hubris:Icosahedron","Bag of Preparation","Tough Bandages","hubris:Metronome","CeramicFish","Ornamental Fan","hubris:DuctTape","hubris:OldNail","Golden Idol","Snecko Eye","Lantern","Chemical X","Necronomicon","Dream Catcher","Dota2Spire:BattleFury","Tiny Chest","Sozu","wanderingMiniBosses:OtherGremlinHorn","Oddly Smooth Stone","MealTicket","hubris:SlimyHat","Dead Branch","Strawberry","FossilizedHelix","Dota2Spire:EchoSabre","Bottled Flame"],"acts_visited":["Exordium","TheCity","TheBeyond","TheEnding"],"potions_floor_usage":[16,31,58,58,58,58],"damage_taken":[{"damage":0,"enemies":"Cultist","floor":1,"turns":3},{"damage":0,"enemies":"Jaw Worm","floor":2,"turns":3},{"damage":0,"enemies":"Small Slimes","floor":5,"turns":5},{"damage":10,"enemies":"Gremlin Nob","floor":6,"turns":4},{"damage":0,"enemies":"3 Louse","floor":8,"turns":7},{"damage":19,"enemies":"3 Sentries","floor":9,"turns":10},{"damage":3,"enemies":"Lagavulin","floor":12,"turns":7},{"damage":2,"enemies":"2 Fungi Beasts","floor":16,"turns":6},{"damage":0,"enemies":"Hexaghost","floor":18,"turns":6},{"damage":0,"enemies":"2 Thieves","floor":20,"turns":3},{"damage":2,"enemies":"Gremlin Leader","floor":25,"turns":4},{"damage":0,"enemies":"Shell Parasite","floor":26,"turns":4},{"damage":6,"enemies":"Book of Stabbing","floor":29,"turns":4},{"damage":0,"enemies":"Cultist and Chosen","floor":30,"turns":3},{"damage":0,"enemies":"Gremlin Leader","floor":31,"turns":4},{"damage":0,"enemies":"Snecko","floor":33,"turns":4},{"damage":0,"enemies":"Automaton","floor":35,"turns":5},{"damage":0,"enemies":"3 Shapes","floor":37,"turns":3},{"damage":0,"enemies":"3 Darklings","floor":39,"turns":2},{"damage":0,"enemies":"Spire Growth","floor":40,"turns":2},{"damage":0,"enemies":"Transient","floor":41,"turns":5},{"damage":0,"enemies":"Nemesis","floor":42,"turns":1},{"damage":0,"enemies":"Giant Head","floor":45,"turns":3},{"damage":0,"enemies":"Nemesis","floor":47,"turns":3},{"damage":0,"enemies":"Writhing Mass","floor":49,"turns":2},{"damage":0,"enemies":"Giant Head","floor":51,"turns":4},{"damage":0,"enemies":"Time Eater","floor":53,"turns":1},{"damage":0,"enemies":"Shield and Spear","floor":57,"turns":2},{"damage":0,"enemies":"The Heart","floor":58,"turns":4}],"seed_played":"8718407339055587668","potions_obtained":[{"floor":5,"key":"SmokeBomb"},{"floor":9,"key":"Fire Potion"},{"floor":25,"key":"Strength Potion"},{"floor":26,"key":"Ancient Potion"},{"floor":31,"key":"EntropicBrew"}],"is_trial":false,"path_per_floor":["M","M","?","?","M","E","R","M","E","T","T","E","?","R","?","M","R","B",null,"M","?","$","?","?","E","M","R","T","E","M","E","?","M","R","B",null,"M","$","M","M","M","E","NS","R","E","T","E","R","M","R","E","R","B",null,"R","$","E","B",null],"character_chosen":"THE_SILENT","items_purchased":["Matryoshka","ClockworkSouvenir","Noxious Fumes","Calculated Gamble","hubris:Zylophone","Snake Skull","hubris:EmptyBottle","Backflip","Poisoned Stab","Paper Crane","Lantern","Chemical X","Oddly Smooth Stone","Leg Sweep","Dota2Spire:EchoSabre","Blur"],"campfire_rested":3,"item_purchase_floors":[0,0,0,0,0,0,0,0,0,0,22,22,38,38,56,56],"current_hp_per_floor":[21,21,21,21,21,11,32,32,13,13,13,10,10,31,31,29,29,29,56,56,56,56,40,40,38,38,38,38,32,32,32,32,32,32,32,57,57,57,57,57,57,57,57,57,57,57,64,64,64,64,64,64,64,70,72,72,72,72],"gold":180,"neow_bonus":"","is_daily":false,"chose_seed":false,"campfire_upgraded":6,"win_rate":0.0,"timestamp":1612143535,"path_taken":["M","?","?","?","M","E","R","M","E","T","T","E","?","R","?","M","R","BOSS","M","?","$","?","?","E","?","R","T","E","M","E","?","M","R","BOSS","M","$","M","M","M","E","NS","R","E","T","E","R","M","R","E","R","BOSS","R","$","E","BOSS"],"items_purchased_type":["Relic","Relic","Card","Card","Relic","Relic","Relic","Card","Card","Relic","Relic","Relic","Relic","Card","Relic","Card"],"build_version":"2020-12-22","purchased_purges":4,"victory":true,"max_hp_per_floor":[70,70,70,70,70,70,70,70,70,70,70,70,70,70,65,65,65,65,65,65,65,65,65,65,65,65,65,65,65,65,65,65,65,65,65,65,65,65,65,65,65,65,65,65,65,65,72,72,72,72,72,72,72,72,72,72,72,72],"card_choices":[{"not_picked":["Sucker Punch","Slice"],"picked":"Infinite Blades","floor":1},{"not_picked":["Quick Slash","Tactician","Dagger Spray"],"picked":"SKIP","floor":2},{"not_picked":["Dodge and Roll","Bane","Slice"],"picked":"SKIP","floor":5},{"not_picked":["hubris:Sniper","hubris:Counter"],"picked":"Dash","floor":6},{"not_picked":["Dash","Bane"],"picked":"Deadly Poison","floor":8},{"not_picked":["Wraith Form v2","Doppelganger"],"picked":"PiercingWail","floor":9},{"not_picked":["Slice","Envenom"],"picked":"Catalyst","floor":12},{"not_picked":["All Out Attack","Skewer","Acrobatics"],"picked":"SKIP","floor":16},{"not_picked":["A Thousand Cuts","Envenom"],"picked":"Adrenaline","floor":18},{"not_picked":["Poisoned Stab","Finisher"],"picked":"Dash","floor":20},{"not_picked":["Deflect","Setup","Adrenaline"],"picked":"SKIP","floor":25},{"not_picked":["Deflect","Setup","Adrenaline"],"picked":"SKIP","floor":25},{"not_picked":["Poisoned Stab","Flechettes","Bane"],"picked":"SKIP","floor":26},{"not_picked":["hubris:TrickCloak","Terror"],"picked":"Crippling Poison+1","floor":29},{"not_picked":["PiercingWail","Reflex","Deadly Poison"],"picked":"SKIP","floor":30},{"not_picked":["Expertise","Underhanded Strike","Bouncing Flask"],"picked":"SKIP","floor":31},{"not_picked":["Accuracy","Predator+1","Poisoned Stab"],"picked":"SKIP","floor":33},{"not_picked":["Accuracy","Poisoned Stab"],"picked":"Predator+1","floor":33},{"not_picked":["hubris:TrickCloak","Dagger Throw+1","hubris:Sniper+1"],"picked":"SKIP","floor":37},{"not_picked":["Backflip+1","Dagger Throw+1","Outmaneuver+1"],"picked":"SKIP","floor":39},{"not_picked":["Concentrate","Sucker Punch"],"picked":"Dodge and Roll+1","floor":40},{"not_picked":["Underhanded Strike","Dagger Throw+1"],"picked":"Skewer+1","floor":41},{"not_picked":["Backflip+1","PiercingWail","Slice"],"picked":"SKIP","floor":42},{"not_picked":["Backflip","Finisher+1"],"picked":"Night Terror","floor":45},{"not_picked":["Blade Dance","Bane+1"],"picked":"Leg Sweep+1","floor":47},{"not_picked":["Bane","Reflex+1","Blade Dance"],"picked":"SKIP","floor":49},{"not_picked":["Flying Knee+1","Slice+1","Wraith Form v2"],"picked":"SKIP","floor":51},{"not_picked":["hubris:SlightOfHand","Bane"],"picked":"Blur+1","floor":55},{"not_picked":["Heel Hook","Slice+1","hubris:SlightOfHand"],"picked":"SKIP","floor":57}],"player_experience":141093,"relics_obtained":[{"floor":6,"key":"Bag of Preparation"},{"floor":9,"key":"Tough Bandages"},{"floor":10,"key":"hubris:Metronome"},{"floor":10,"key":"CeramicFish"},{"floor":11,"key":"Ornamental Fan"},{"floor":11,"key":"hubris:DuctTape"},{"floor":12,"key":"hubris:OldNail"},{"floor":23,"key":"Necronomicon"},{"floor":25,"key":"Dream Catcher"},{"floor":29,"key":"Dota2Spire:BattleFury"},{"floor":31,"key":"Tiny Chest"},{"floor":37,"key":"wanderingMiniBosses:OtherGremlinHorn"},{"floor":42,"key":"MealTicket"},{"floor":45,"key":"hubris:SlimyHat"},{"floor":46,"key":"Dead Branch"},{"floor":47,"key":"Strawberry"},{"floor":51,"key":"FossilizedHelix"},{"floor":57,"key":"Bottled Flame"}],"event_choices":[{"damage_healed":0,"gold_gain":0,"player_choice":"Ignored","damage_taken":0,"max_hp_gain":0,"max_hp_loss":0,"event_name":"Shining Light","floor":3,"gold_loss":0},{"cards_removed":["Strike_G"],"damage_healed":0,"gold_gain":0,"player_choice":"Forget","damage_taken":0,"max_hp_gain":0,"max_hp_loss":0,"event_name":"Living Wall","floor":13,"gold_loss":0},{"damage_healed":0,"gold_gain":0,"player_choice":"Lose Max HP","damage_taken":0,"relics_obtained":["Golden Idol"],"max_hp_gain":0,"max_hp_loss":5,"event_name":"Golden Idol","floor":15,"gold_loss":0},{"damage_healed":0,"gold_gain":0,"player_choice":"Obtained Book","damage_taken":16,"max_hp_gain":0,"max_hp_loss":0,"event_name":"Cursed Tome","floor":23,"gold_loss":0},{"damage_healed":0,"gold_gain":100,"player_choice":"Pray","damage_taken":0,"max_hp_gain":0,"max_hp_loss":0,"event_name":"Golden Shrine","floor":24,"gold_loss":0},{"damage_healed":0,"gold_gain":0,"player_choice":"Ignored","damage_taken":0,"max_hp_gain":0,"max_hp_loss":0,"event_name":"Vampires","floor":32,"gold_loss":0}],"is_beta":false,"boss_relics":[{"not_picked":["Velvet Choker","Runic Dome"],"picked":"Snecko Eye"},{"not_picked":["hubris:HollowSoul","Cursed Key"],"picked":"Sozu"}],"items_purged_floors":[0,0,22,38],"is_endless":false,"potions_floor_spawned":[5,9,25,26,30,31,37,42,47,49],"ascension_level":6}}