{"host":"rk1e5mmpnpniq13w","time":1612193313,"event":{"mods":["BaseMod","Colored Powertips","Hubris","Minty Spire (QoL Compilation)","Replay The Spire","StSLib","The Bug Knight"],"gold_per_floor":[119,133,147,147,147,158,184,39,66,66,66,66,81,94,94,195,195,215,62,62,77,89,120,120,132,132,132,150,150,150],"floor_reached":29,"language":"ENG","playtime":3123,"items_purged":["HollowMod:NailStrikeStart"],"score":297,"play_id":"05fb17a5-97a9-4375-89a0-4474041d8ad3","local_time":"20210201102833","is_ascension_mode":false,"campfire_choices":[{"data":"HollowMod:PerfectDash","floor":11,"key":"SMITH"},{"data":"HollowMod:SlysStrikes","floor":24,"key":"SMITH"},{"data":"HollowMod:HornetsHelp","floor":27,"key":"SMITH"}],"circlet_count":0,"master_deck":["HollowMod:QuickDashStart","HollowMod:QuickDashStart","HollowMod:QuickDashStart+1","HollowMod:QuickDashStart","HollowMod:PogoStrike+1","HollowMod:PerfectDash+1","HollowMod:InfectedAttack","HollowMod:DoubleDash","HollowMod:RecoilStrike","HollowMod:FastStrike+1","HollowMod:CrystalDash+1","HollowMod:SoulMaster","HollowMod:InfectionAssault","HollowMod:HornetsHelp+1","HollowMod:MantisMark","HollowMod:HowlingWraiths","HollowMod:SlysStrikes+1","HollowMod:BrokenVessel","Cleave+1","hubris:ReadiedAction","Bullet Time","Iron Wave+1","Infernal Blade"],"relics":["HollowMod:VesselMask","Boot","HollowMod:MillibellesNoteRelic","Empty Cage","PrismaticShard","hubris:BottledHeart","Replay:Ringing Soul","Strawberry"],"acts_visited":["Exordium","TheCity"],"potions_floor_usage":[16,16,22,23,23],"damage_taken":[{"damage":0,"enemies":"Cultist","floor":1,"turns":3},{"damage":0,"enemies":"Small Slimes","floor":2,"turns":4},{"damage":5,"enemies":"Jaw Worm","floor":3,"turns":3},{"damage":0,"enemies":"HollowMod:HuskWarrior","floor":6,"turns":5},{"damage":16,"enemies":"Replay:BlueRogue","floor":7,"turns":7},{"damage":0,"enemies":"2 Fungi Beasts","floor":13,"turns":3},{"damage":0,"enemies":"Looter","floor":14,"turns":2},{"damage":29,"enemies":"Fading Forest","floor":16,"turns":11},{"damage":0,"enemies":"3 Byrds","floor":18,"turns":4},{"damage":0,"enemies":"Chosen","floor":21,"turns":4},{"damage":0,"enemies":"Snecko","floor":22,"turns":9},{"damage":0,"enemies":"Book of Stabbing","floor":23,"turns":5},{"damage":0,"enemies":"Centurion and Healer","floor":25,"turns":8},{"damage":0,"enemies":"3 Cultists","floor":28,"turns":4}],"seed_played":"-9005640994696930077","potions_obtained":[{"floor":1,"key":"Fire Potion"},{"floor":2,"key":"SkillPotion"},{"floor":7,"key":"ColorlessPotion"},{"floor":13,"key":"Doom Potion"},{"floor":18,"key":"Flashbang"},{"floor":21,"key":"Block Potion"},{"floor":22,"key":"Elixir"},{"floor":23,"key":"PowerPotion"}],"is_trial":false,"path_per_floor":["M","M","M","?","?","M","E","$","T","?","R","?","M","M","R","B",null,"M","$","?","M","M","E","R","M","T","R","M","?"],"character_chosen":"THE_BUGKNIGHT","items_purchased":["HollowMod:InfectionAssault","PrismaticShard"],"campfire_rested":0,"item_purchase_floors":[8,19],"current_hp_per_floor":[75,75,74,74,74,74,58,58,58,43,43,43,43,43,65,42,75,75,75,1,1,1,1,1,1,1,1,1,0,0],"gold":150,"neow_bonus":"UPGRADE_CARD","is_daily":false,"chose_seed":false,"campfire_upgraded":3,"win_rate":0.0,"timestamp":1612193313,"path_taken":["M","M","M","?","?","?","E","$","T","?","R","?","?","M","R","BOSS","M","$","?","M","M","E","R","M","T","R","M","?"],"items_purchased_type":["Card","Relic"],"build_version":"2020-12-22","purchased_purges":1,"victory":false,"max_hp_per_floor":[75,75,75,75,75,75,75,75,75,75,75,75,75,75,75,75,75,75,75,1,1,1,1,1,1,1,1,1,1,1],"card_choices":[{"not_picked":["HollowMod:CloakDash","HollowMod:MawleksShell"],"picked":"HollowMod:PerfectDash","floor":1},{"not_picked":["HollowMod:InfectedCysts","HollowMod:ShapeofUnn"],"picked":"HollowMod:InfectedAttack","floor":2},{"not_picked":["HollowMod:DescendingDark","HollowMod:MawleksShell"],"picked":"HollowMod:DoubleDash","floor":3},{"not_picked":["HollowMod:SiblingsShadow","HollowMod:GrimmsGift"],"picked":"HollowMod:CrystalDash","floor":6},{"not_picked":["HollowMod:ChannelNail","HollowMod:DescendingDark"],"picked":"HollowMod:SoulMaster","floor":7},{"not_picked":["HollowMod:SoulStrike","HollowMod:CloakDash"],"picked":"HollowMod:MantisMark","floor":13},{"not_picked":["HollowMod:DreamGate","HollowMod:CycloneSlash"],"picked":"HollowMod:HowlingWraiths","floor":14},{"not_picked":["HollowMod:ElderbugsWisdom","HollowMod:HornetsHelp"],"picked":"HollowMod:SlysStrikes","floor":16},{"not_picked":["HollowMod:AbyssShriek","HollowMod:DoubleDash"],"picked":"HollowMod:BrokenVessel","floor":18},{"not_picked":["Shockwave","ClearTheMind"],"picked":"Cleave+1","floor":21},{"not_picked":["Replay:BasicMightCard","Deep Breath"],"picked":"hubris:ReadiedAction","floor":22},{"not_picked":["Discovery","Prostrate"],"picked":"Bullet Time","floor":23},{"not_picked":["Dagger Throw","Panic Button+1"],"picked":"Iron Wave+1","floor":25},{"not_picked":["SashWhip+1","HollowMod:AbyssShriek+1"],"picked":"Infernal Blade","floor":28}],"player_experience":417685,"relics_obtained":[{"floor":7,"key":"Boot"},{"floor":9,"key":"HollowMod:MillibellesNoteRelic"},{"floor":23,"key":"Replay:Ringing Soul"},{"floor":26,"key":"Strawberry"}],"event_choices":[{"cards_removed":["HollowMod:FocusHealStart"],"damage_healed":0,"gold_gain":0,"player_choice":"Took Card","damage_taken":0,"max_hp_gain":0,"max_hp_loss":0,"event_name":"NoteForYourself","floor":5,"gold_loss":0,"cards_obtained":["HollowMod:FastStrike"]},{"damage_healed":0,"gold_gain":0,"player_choice":"Entered Light","damage_taken":15,"max_hp_gain":0,"max_hp_loss":0,"event_name":"Shining Light","floor":10,"gold_loss":0,"cards_upgraded":["HollowMod:PogoStrike","HollowMod:QuickDashStart"]},{"damage_healed":0,"gold_gain":0,"cards_transformed":["HollowMod:NailStrikeStart"],"player_choice":"Transformed","damage_taken":0,"max_hp_gain":0,"max_hp_loss":0,"event_name":"Transmorgrifier","floor":12,"gold_loss":0,"cards_obtained":["HollowMod:HornetsHelp"]}],"is_beta":false,"boss_relics":[{"not_picked":["hubris:Backtick","Kintsugi"],"picked":"Empty Cage"}],"items_purged_floors":[8],"is_endless":false,"potions_floor_spawned":[1,2,7,13,18,21,22,23],"ascension_level":0}}