{"host":"f0gpob8hq9vgebej","time":1612153206,"event":{"mods":["AchievementEnabler","BaseMod","Minty Spire (QoL Compilation)","Quick Restart","SuperFastMode"],"gold_per_floor":[11,30,49,59,70,70,102,102,127,161,16,36,56,66,66,161,161,179,194,94,94,94,94,105,135,135,135,147,147,182,199,199,304,304,319,101,120,120,120,120,152,152,152,29,29,54,54,74,74,74],"floor_reached":51,"language":"KOR","playtime":2173,"items_purged":["Strike_P","Strike_P","Defend_P"],"score":1002,"play_id":"468be7b6-0d13-45db-8232-3193d2a683ca","local_time":"20210201132006","is_ascension_mode":true,"campfire_choices":[{"data":"Eruption","floor":6.0,"key":"SMITH"},{"data":"Tantrum","floor":15.0,"key":"SMITH"},{"data":"Perseverance","floor":23.0,"key":"SMITH"},{"data":"Vengeance","floor":27.0,"key":"SMITH"},{"data":"EmptyFist","floor":29.0,"key":"SMITH"},{"floor":32.0,"key":"REST"},{"floor":40,"key":"REST"},{"data":"TalkToTheHand","floor":42,"key":"SMITH"},{"data":"Adaptation","floor":45,"key":"SMITH"},{"data":"Vigilance","floor":47,"key":"SMITH"},{"floor":49,"key":"REST"}],"circlet_count":0,"master_deck":["Strike_P","Defend_P+1","Defend_P+1","Eruption+1","Vigilance+1","EmptyFist+1","Tantrum+1","Perseverance+1","InnerPeace","Vault+1","Vengeance+1","BowlingBash+1","Meditate+1","Vault+1","MentalFortress+1","TalkToTheHand+1","Adaptation+1","Finesse+1"],"relics":["PureWater","Torii","Shuriken","Oddly Smooth Stone","Juzu Bracelet","War Paint","Empty Cage","The Courier","Mango","Toxic Egg 2","Runic Pyramid","Unceasing Top","Damaru","Omamori"],"acts_visited":["Exordium","TheCity","TheBeyond"],"potions_floor_usage":[41,41,41,50],"damage_taken":[{"damage":0.0,"enemies":"2 Louse","floor":1.0,"turns":2.0},{"damage":1.0,"enemies":"Small Slimes","floor":2.0,"turns":4.0},{"damage":0.0,"enemies":"Cultist","floor":3.0,"turns":4.0},{"damage":7.0,"enemies":"Looter","floor":4.0,"turns":3.0},{"damage":0.0,"enemies":"3 Louse","floor":5.0,"turns":3.0},{"damage":1.0,"enemies":"3 Sentries","floor":7.0,"turns":4.0},{"damage":12.0,"enemies":"Lagavulin","floor":10.0,"turns":4.0},{"damage":1.0,"enemies":"Lots of Slimes","floor":12.0,"turns":4.0},{"damage":0.0,"enemies":"Looter","floor":13.0,"turns":3.0},{"damage":7.0,"enemies":"Blue Slaver","floor":14.0,"turns":3.0},{"damage":10.0,"enemies":"The Guardian","floor":16.0,"turns":12.0},{"damage":8.0,"enemies":"2 Thieves","floor":18.0,"turns":4.0},{"damage":1.0,"enemies":"Chosen","floor":19.0,"turns":3.0},{"damage":1.0,"enemies":"Centurion and Healer","floor":24.0,"turns":7.0},{"damage":14.0,"enemies":"Slavers","floor":25.0,"turns":8.0},{"damage":1.0,"enemies":"Cultist and Chosen","floor":28.0,"turns":6.0},{"damage":18.0,"enemies":"Book of Stabbing","floor":30.0,"turns":5.0},{"damage":27.0,"enemies":"Snake Plant","floor":31.0,"turns":6.0},{"damage":19.0,"enemies":"Collector","floor":33.0,"turns":6.0},{"damage":34.0,"enemies":"3 Shapes","floor":35.0,"turns":5.0},{"damage":2,"enemies":"Orb Walker","floor":37,"turns":3},{"damage":0,"enemies":"Reptomancer","floor":41,"turns":6},{"damage":7,"enemies":"Nemesis","floor":46,"turns":7},{"damage":9,"enemies":"4 Shapes","floor":48,"turns":4},{"damage":20,"enemies":"Awakened One","floor":50,"turns":10}],"seed_played":"-4519418388275090094","potions_obtained":[{"floor":1.0,"key":"FairyPotion"},{"floor":3.0,"key":"SteroidPotion"},{"floor":7.0,"key":"GamblersBrew"},{"floor":12.0,"key":"LiquidBronze"},{"floor":13.0,"key":"GamblersBrew"},{"floor":16.0,"key":"ColorlessPotion"},{"floor":25.0,"key":"EntropicBrew"},{"floor":28.0,"key":"DuplicationPotion"},{"floor":41,"key":"Strength Potion"},{"floor":48,"key":"BottledMiracle"}],"is_trial":false,"path_per_floor":["M","M","M","M","M","R","E","?","T","E","$","M","M","M","R","B",null,"M","M","$","?","$","R","M","E","T","R","M","R","E","M","R","B",null,"M","$","M","?","?","R","E","R","T","$","R","E","R","M","R","B",null],"character_chosen":"WATCHER","items_purchased":["InnerPeace","MentalFortress","TalkToTheHand","Adaptation","Finesse+1"],"campfire_rested":3,"item_purchase_floors":[11,36,36,44,44],"current_hp_per_floor":[65,64,64,57,57,57,56,49,49,37,37,36,36,29,29,19,59,51,50,50,50,50,50,49,35,49,49,48,48,30,3,28,9,67,33,33,31,31,31,56,56,56,56,56,56,49,49,40,65,45],"gold":74,"neow_bonus":"ONE_RARE_RELIC","is_daily":false,"chose_seed":false,"campfire_upgraded":8,"win_rate":0.0,"timestamp":1612153206,"path_taken":["M","M","M","M","M","R","E","?","T","E","$","M","M","M","R","BOSS","M","M","$","?","?","R","M","E","T","R","M","R","E","M","R","BOSS","M","$","M","?","?","R","E","R","T","$","R","E","R","M","R","BOSS"],"items_purchased_type":["Card","Card","Card","Card","Card"],"build_version":"2020-12-22","purchased_purges":3,"victory":true,"max_hp_per_floor":[72,72,72,72,72,72,72,72,72,72,72,72,72,72,72,72,72,72,72,72,72,72,72,72,72,86,86,86,86,86,86,86,86,86,86,86,86,86,86,86,86,86,86,86,86,86,86,86,86,86],"card_choices":[{"not_picked":["BattleHymn","EmptyBody"],"picked":"EmptyFist","floor":1.0},{"not_picked":["Prostrate","WreathOfFlame","Crescendo"],"picked":"SKIP","floor":2.0},{"not_picked":["PathToVictory","Halt","EmptyBody"],"picked":"SKIP","floor":3.0},{"not_picked":["Conclude","Protect"],"picked":"Tantrum","floor":4.0},{"not_picked":["Halt","FlyingSleeves","ForeignInfluence"],"picked":"SKIP","floor":5.0},{"not_picked":["PathToVictory","EmptyMind"],"picked":"Perseverance","floor":7.0},{"not_picked":["ConjureBlade","CrushJoints","Indignation"],"picked":"SKIP","floor":10.0},{"not_picked":["Crescendo","Halt","EmptyFist"],"picked":"SKIP","floor":12.0},{"not_picked":["PathToVictory","FollowUp","EmptyBody"],"picked":"SKIP","floor":13.0},{"not_picked":["Study","Swivel","Prostrate"],"picked":"SKIP","floor":14.0},{"not_picked":["LessonLearned","MasterReality"],"picked":"Vault","floor":16.0},{"not_picked":["FlurryOfBlows","SandsOfTime"],"picked":"Vengeance","floor":18.0},{"not_picked":["Crescendo","Conclude","FlurryOfBlows"],"picked":"SKIP","floor":19.0},{"not_picked":["SashWhip+1","JustLucky","PathToVictory"],"picked":"SKIP","floor":24.0},{"not_picked":["ClearTheMind","EmptyBody","ThirdEye+1"],"picked":"SKIP","floor":25.0},{"not_picked":["ReachHeaven","Indignation"],"picked":"BowlingBash+1","floor":28.0},{"not_picked":["FollowUp","Halt+1","Prostrate+1"],"picked":"SKIP","floor":30.0},{"not_picked":["ForeignInfluence+1","BowlingBash+1"],"picked":"Meditate+1","floor":31.0},{"not_picked":["Brilliance","SpiritShield+1"],"picked":"Vault+1","floor":33.0},{"not_picked":["PathToVictory+1","Wallop","Worship+1"],"picked":"SKIP","floor":35.0},{"not_picked":["ClearTheMind+1","CrushJoints+1","BattleHymn+1"],"picked":"SKIP","floor":37},{"not_picked":["Evaluate+1","CutThroughFate","EmptyBody+1"],"picked":"SKIP","floor":41},{"not_picked":["Halt+1","FlyingSleeves+1","EmptyFist"],"picked":"SKIP","floor":46},{"not_picked":["EmptyBody+1","CarveReality+1","PathToVictory+1"],"picked":"SKIP","floor":48}],"player_experience":337322,"relics_obtained":[{"floor":7.0,"key":"Shuriken"},{"floor":9.0,"key":"Juzu Bracelet"},{"floor":10.0,"key":"War Paint"},{"floor":25.0,"key":"The Courier"},{"floor":26.0,"key":"Mango"},{"floor":30.0,"key":"Toxic Egg 2"},{"floor":41,"key":"Unceasing Top"},{"floor":43,"key":"Damaru"},{"floor":46,"key":"Omamori"}],"event_choices":[{"damage_healed":0.0,"max_hp_gain":0.0,"max_hp_loss":0.0,"gold_gain":0.0,"event_name":"Scrap Ooze","player_choice":"Success","floor":8.0,"gold_loss":0.0,"damage_taken":7.0,"relics_obtained":["Oddly Smooth Stone"]},{"damage_healed":0.0,"max_hp_gain":0.0,"max_hp_loss":0.0,"gold_gain":0.0,"event_name":"Accursed Blacksmith","player_choice":"Forge","floor":21.0,"gold_loss":0.0,"damage_taken":0.0,"cards_upgraded":["Vault"]},{"damage_healed":0,"gold_gain":0,"player_choice":"Ignored","damage_taken":0,"max_hp_gain":0,"max_hp_loss":0,"event_name":"Tomb of Lord Red Mask","floor":38,"gold_loss":0},{"damage_healed":0,"gold_gain":0,"player_choice":"Upgraded","damage_taken":0,"max_hp_gain":0,"max_hp_loss":0,"event_name":"Upgrade Shrine","floor":39,"gold_loss":0,"cards_upgraded":["MentalFortress"]}],"is_beta":false,"boss_relics":[{"not_picked":["Philosopher\u0027s Stone","Astrolabe"],"picked":"Empty Cage"},{"not_picked":["Runic Dome","SacredBark"],"picked":"Runic Pyramid"}],"items_purged_floors":[11,20,36],"is_endless":false,"potions_floor_spawned":[1,3,7,12,13,16,18,19,25,28,31,41,46,48],"ascension_level":6}}