{"host":"dhlnk6yox2l1s6up","time":1612209985,"event":{"mods":["BaseMod","Bestiary","Colored Map","Highlight Path","Minty Spire (QoL Compilation)","Relic Stats","StSLib"],"gold_per_floor":[116,116,130,34,34,34,67,67,67,80,80,80,94,137,137,267,267,282,305,7,20,20,20,61,61,61,61,95,115,139,162,162,292,292,306,331,390,406,431,470,470,491,518,518,559,584,164,203,203,203,203,203,24,64,64],"floor_reached":56,"language":"ENG","playtime":6901,"items_purged":["Strike_R","Strike_R"],"score":1717,"play_id":"eed469f1-81dd-4156-902a-247b2789e8ea","local_time":"20210201140625","is_ascension_mode":true,"campfire_choices":[{"data":"Dark Embrace","floor":6,"key":"SMITH"},{"data":"True Grit","floor":8,"key":"SMITH"},{"data":"Intimidate","floor":12,"key":"SMITH"},{"floor":15,"key":"REST"},{"data":"Fiend Fire","floor":23,"key":"SMITH"},{"data":"Demon Form","floor":27,"key":"SMITH"},{"floor":32,"key":"REST"},{"floor":41,"key":"RECALL"},{"floor":49,"key":"REST"},{"data":"Shrug It Off","floor":52,"key":"SMITH"}],"circlet_count":0,"master_deck":["Strike_R+1","Strike_R","Defend_R","Defend_R","Defend_R","Bash+1","Demon Form+1","Havoc+1","Dark Embrace+1","Intimidate+1","Cleave","True Grit+1","Sword Boomerang","Evolve","Fiend Fire+1","Power Through+1","Whirlwind+1","Shrug It Off+1","Metallicize","Heavy Blade+1","Shrug It Off","Sword Boomerang","Reaper","Flame Barrier+1","Clothesline+1","Trip","Disarm+1"],"relics":["Burning Blood","NlothsMask","Golden Idol","Bird Faced Urn","Whetstone","Snecko Eye","OrangePellets","Ornamental Fan","Omamori","Nunchaku","Lizard Tail","Busted Crown","Charon\u0027s Ashes","Unceasing Top","Art of War","HornCleat","Red Skull","Kunai"],"acts_visited":["Exordium","TheCity","TheBeyond","TheEnding"],"potions_floor_usage":[16,24,31,36,37,38,40,45,46,46,50,50,55,55,55],"damage_taken":[{"damage":11,"enemies":"Small Slimes","floor":1,"turns":4},{"damage":6,"enemies":"Cultist","floor":3,"turns":3},{"damage":15,"enemies":"Lagavulin","floor":7,"turns":7},{"damage":11,"enemies":"Jaw Worm","floor":10,"turns":4},{"damage":9,"enemies":"Blue Slaver","floor":13,"turns":4},{"damage":41,"enemies":"Gremlin Nob","floor":14,"turns":5},{"damage":23,"enemies":"Slime Boss","floor":16,"turns":8},{"damage":24,"enemies":"Spheric Guardian","floor":18,"turns":4},{"damage":3,"enemies":"Chosen","floor":19,"turns":4},{"damage":12,"enemies":"Sentry and Sphere","floor":21,"turns":3},{"damage":0,"enemies":"Gremlin Leader","floor":24,"turns":6},{"damage":35,"enemies":"Slavers","floor":28,"turns":7},{"damage":12,"enemies":"Cultist and Chosen","floor":29,"turns":5},{"damage":4,"enemies":"Chosen and Byrds","floor":30,"turns":6},{"damage":17,"enemies":"Centurion and Healer","floor":31,"turns":7},{"damage":19,"enemies":"Champ","floor":33,"turns":9},{"damage":32,"enemies":"3 Darklings","floor":35,"turns":9},{"damage":12,"enemies":"Orb Walker","floor":36,"turns":2},{"damage":83,"enemies":"2 Orb Walkers","floor":37,"turns":5},{"damage":0,"enemies":"3 Darklings","floor":38,"turns":4},{"damage":6,"enemies":"4 Shapes","floor":39,"turns":7},{"damage":9,"enemies":"Reptomancer","floor":40,"turns":6},{"damage":5,"enemies":"Maw","floor":42,"turns":7},{"damage":25,"enemies":"Giant Head","floor":45,"turns":6},{"damage":18,"enemies":"3 Darklings","floor":46,"turns":4},{"damage":36,"enemies":"Reptomancer","floor":48,"turns":7},{"damage":71,"enemies":"Awakened One","floor":50,"turns":10},{"damage":25,"enemies":"Shield and Spear","floor":54,"turns":4},{"damage":36,"enemies":"The Heart","floor":55,"turns":7}],"seed_played":"-2110502956997487287","potions_obtained":[{"floor":13,"key":"Weak Potion"},{"floor":14,"key":"SpeedPotion"},{"floor":19,"key":"SpeedPotion"},{"floor":28,"key":"Block Potion"},{"floor":29,"key":"BlessingOfTheForge"},{"floor":33,"key":"AttackPotion"},{"floor":36,"key":"SkillPotion"},{"floor":37,"key":"Strength Potion"},{"floor":40,"key":"BlessingOfTheForge"},{"floor":42,"key":"LiquidMemories"},{"floor":45,"key":"Weak Potion"},{"floor":46,"key":"Regen Potion"}],"is_trial":false,"path_per_floor":["M","?","M","$","?","R","E","R","T","M","?","R","M","E","R","B",null,"M","M","$","M","?","R","E","?","T","R","E","M","M","M","R","B",null,"M","M","?","M","M","E","R","M","T","?","E","M","$","E","R","B",null,"R","$","E","B",null],"character_chosen":"IRONCLAD","items_purchased":["Intimidate","Cleave","OrangePellets","DistilledChaos","HornCleat","LiquidBronze","Trip","ColorlessPotion","Explosive Potion"],"campfire_rested":3,"item_purchase_floors":[4,4,20,20,47,47,53,53,53],"current_hp_per_floor":[67,67,67,67,67,67,58,58,58,55,55,55,52,21,41,30,58,44,51,51,49,49,49,59,59,59,59,38,36,44,39,59,54,64,45,45,27,45,61,67,67,67,67,67,50,58,58,39,59,17,55,55,55,62,63],"gold":64,"neow_bonus":"THREE_RARE_CARDS","is_daily":false,"chose_seed":false,"campfire_upgraded":6,"win_rate":0.0,"timestamp":1612209985,"path_taken":["M","?","M","?","?","R","E","R","T","?","?","R","M","E","R","BOSS","M","M","$","M","?","R","E","?","T","R","E","?","M","M","R","BOSS","M","?","?","M","M","E","R","M","T","?","E","M","$","E","R","BOSS","R","$","E","BOSS"],"items_purchased_type":["Card","Card","Relic","Potion","Relic","Potion","Card","Potion","Potion"],"build_version":"2020-12-22","purchased_purges":2,"victory":true,"max_hp_per_floor":[72,72,72,72,67,67,67,67,67,67,67,67,67,67,67,67,67,67,67,67,67,67,67,67,67,67,67,67,67,67,67,67,67,67,67,67,67,67,67,67,67,67,67,67,67,67,67,67,67,67,67,67,67,67,67],"relic_stats":{"counters":[29,164],"Golden Idol":232,"Charon\u0027s Ashes":[370],"Whetstone":["Bash","Strike_R"],"Burning Blood":162,"OrangePellets":[19],"Nunchaku":[18],"Lizard Tail":33,"Busted Crown":22,"Ornamental Fan":[104],"Bird Faced Urn":[125],"Snecko Eye":[140,150,125,161],"Art of War":[6],"Kunai":[3],"obtain_stats":[{"Golden Idol":5,"Charon\u0027s Ashes":37,"Omamori":24,"Whetstone":14,"Burning Blood":0,"OrangePellets":20,"Nunchaku":26,"Lizard Tail":28,"Busted Crown":34,"HornCleat":47,"Ornamental Fan":22,"Bird Faced Urn":7,"Snecko Eye":17,"Art of War":45,"Kunai":54,"Unceasing Top":40,"Red Skull":48,"NlothsMask":2},{"Golden Idol":2,"Charon\u0027s Ashes":19,"Omamori":11,"Whetstone":6,"Burning Blood":0,"OrangePellets":9,"Nunchaku":11,"Lizard Tail":12,"Busted Crown":16,"HornCleat":25,"Ornamental Fan":10,"Bird Faced Urn":3,"Snecko Eye":7,"Art of War":24,"Kunai":28,"Unceasing Top":22,"Red Skull":26,"NlothsMask":1},{"Golden Idol":7,"Charon\u0027s Ashes":102,"Omamori":52,"Whetstone":27,"Burning Blood":0,"OrangePellets":43,"Nunchaku":52,"Lizard Tail":59,"Busted Crown":86,"HornCleat":136,"Ornamental Fan":46,"Bird Faced Urn":14,"Snecko Eye":35,"Art of War":132,"Kunai":157,"Unceasing Top":119,"Red Skull":143,"NlothsMask":4}],"Unceasing Top":[2]},"card_choices":[{"not_picked":["Reaper","Fiend Fire"],"picked":"Demon Form","floor":0},{"not_picked":["Flex","Feel No Pain"],"picked":"Havoc","floor":1},{"not_picked":["Clothesline","Body Slam"],"picked":"Dark Embrace","floor":3},{"not_picked":["Searing Blow","Cleave"],"picked":"True Grit","floor":7},{"not_picked":["Thunderclap","Sentinel"],"picked":"Sword Boomerang","floor":10},{"not_picked":["Iron Wave","Heavy Blade","Cleave"],"picked":"SKIP","floor":13},{"not_picked":["Twin Strike","Rage"],"picked":"Evolve","floor":14},{"not_picked":["Berserk","Demon Form"],"picked":"Fiend Fire","floor":16},{"not_picked":["Flex","Warcry"],"picked":"Power Through+1","floor":18},{"not_picked":["Pommel Strike","Havoc"],"picked":"Whirlwind+1","floor":19},{"not_picked":["Perfected Strike+1","Dark Embrace","Dual Wield"],"picked":"SKIP","floor":21},{"not_picked":["Anger","Reaper"],"picked":"Shrug It Off","floor":24},{"not_picked":["Flex","Twin Strike+1"],"picked":"Heavy Blade+1","floor":28},{"not_picked":["Wild Strike","Clash+1","Inflame"],"picked":"SKIP","floor":29},{"not_picked":["Thunderclap","Wild Strike"],"picked":"Shrug It Off","floor":30},{"not_picked":["Rage","Wild Strike"],"picked":"Sword Boomerang","floor":31},{"not_picked":["Fiend Fire","Berserk"],"picked":"Reaper","floor":33},{"not_picked":["Combust"],"picked":"SKIP","floor":35},{"not_picked":["Havoc"],"picked":"SKIP","floor":36},{"not_picked":[],"picked":"Flame Barrier+1","floor":38},{"not_picked":["Twin Strike"],"picked":"SKIP","floor":39},{"not_picked":["Rampage"],"picked":"SKIP","floor":40},{"not_picked":["Rupture"],"picked":"SKIP","floor":42},{"not_picked":["Thunderclap"],"picked":"SKIP","floor":45},{"not_picked":[],"picked":"Clothesline+1","floor":46},{"not_picked":["Havoc"],"picked":"SKIP","floor":48},{"not_picked":[],"picked":"Disarm+1","floor":54}],"player_experience":6060559,"relics_obtained":[{"floor":7,"key":"Bird Faced Urn"},{"floor":14,"key":"Whetstone"},{"floor":24,"key":"Omamori"},{"floor":26,"key":"Nunchaku"},{"floor":28,"key":"Lizard Tail"},{"floor":37,"key":"Charon\u0027s Ashes"},{"floor":40,"key":"Unceasing Top"},{"floor":45,"key":"Art of War"},{"floor":48,"key":"Red Skull"},{"floor":54,"key":"Kunai"}],"event_choices":[{"damage_healed":0,"gold_gain":0,"player_choice":"Trade","damage_taken":0,"relics_obtained":["NlothsMask"],"max_hp_gain":0,"max_hp_loss":0,"event_name":"FaceTrader","floor":2,"gold_loss":0},{"damage_healed":0,"gold_gain":0,"player_choice":"Lose Max HP","damage_taken":0,"relics_obtained":["Golden Idol"],"max_hp_gain":0,"max_hp_loss":5,"event_name":"Golden Idol","floor":5,"gold_loss":0},{"damage_healed":0,"gold_gain":0,"player_choice":"Grow","damage_taken":0,"max_hp_gain":0,"max_hp_loss":0,"event_name":"Living Wall","floor":11,"gold_loss":0,"cards_upgraded":["Havoc"]},{"damage_healed":0,"gold_gain":0,"player_choice":"Opened","damage_taken":0,"relics_obtained":["Ornamental Fan"],"max_hp_gain":0,"max_hp_loss":0,"event_name":"The Mausoleum","floor":22,"gold_loss":0},{"damage_healed":0,"gold_gain":0,"cards_transformed":["Strike_R"],"player_choice":"Transformed","damage_taken":0,"max_hp_gain":0,"max_hp_loss":0,"event_name":"Transmorgrifier","floor":25,"gold_loss":0,"cards_obtained":["Metallicize"]},{"damage_healed":0,"gold_gain":0,"player_choice":"Fight","damage_taken":0,"max_hp_gain":0,"max_hp_loss":0,"event_name":"Mysterious Sphere","floor":37,"gold_loss":0},{"cards_removed":["Defend_R"],"damage_healed":0,"gold_gain":0,"player_choice":"Removed Skill","damage_taken":0,"max_hp_gain":0,"max_hp_loss":0,"event_name":"Falling","floor":44,"gold_loss":0}],"is_beta":false,"boss_relics":[{"not_picked":["Empty Cage","Pandora\u0027s Box"],"picked":"Snecko Eye"},{"not_picked":["SacredBark","Runic Pyramid"],"picked":"Busted Crown"}],"items_purged_floors":[20,47],"is_endless":false,"potions_floor_spawned":[13,14,19,28,29,33,36,37,40,42,45,46],"ascension_level":9}}