{"host":"y89x8uui45kcjy42","time":1612165788,"event":{"mods":["2.2 Compatiblity","BaseMod","CapriCore","Colored Map","Colored Powertips","Custom Start","Friendly Minions","Keyboard Shortcuts","Minty Spire (QoL Compilation)","Relic Stats","Slay the Relics Exporter","StSLib","SuperFastMode","Uncapped"],"gold_per_floor":[117,30,80,99,99,99,129,129,129,129,162,162,202,202,202,298,298,317,28,46,46,96,96,96,123,169,197,197,207,207,207,207,207,207,221,71,71,0,54,54,84,102,154,171,171,190,59,84,84,84,84,84,84,224,256,256],"floor_reached":57,"language":"KOR","playtime":1383,"items_purged":["Strike_P","Strike_P","Strike_P","ThirdEye+1"],"score":2796,"play_id":"dbba516e-488f-43bd-8017-f6c8a7779ee0","local_time":"20210201164948","is_ascension_mode":true,"campfire_choices":[{"data":"Evaluate","floor":6.0,"key":"SMITH"},{"data":"Adaptation","floor":8.0,"key":"SMITH"},{"data":"Vigilance","floor":10.0,"key":"SMITH"},{"data":"Scrawl","floor":12.0,"key":"SMITH"},{"floor":15.0,"key":"RECALL"},{"data":"Vault","floor":23.0,"key":"SMITH"},{"data":"Vault","floor":24.0,"key":"SMITH"},{"data":"BattleHymn","floor":32.0,"key":"SMITH"},{"data":"Master of Strategy","floor":40.0,"key":"SMITH"},{"data":"Madness","floor":49,"key":"SMITH"},{"data":"Tantrum","floor":53,"key":"SMITH"}],"circlet_count":0,"master_deck":["Eruption+1","Vigilance+1","Reprogram+1","BattleHymn+1","Evaluate+1","Adaptation+1","Scrawl+1","Vault+1","Vault+1","CrushJoints+1","Brilliance+1","Meditate+1","Master of Strategy+1","Tantrum+1","Madness+1"],"relics":["PureWater","Pantograph","Toy Ornithopter","HornCleat","Medical Kit","Bloody Idol","Coffee Dripper","DollysMirror","Question Card","Singing Bowl","WingedGreaves","Astrolabe","Red Mask","Vajra","Anchor","Ornamental Fan","Bronze Scales","TeardropLocket","Torii","PreservedInsect","TheAbacus","Shuriken"],"acts_visited":["Exordium","TheCity","TheBeyond","TheEnding"],"potions_floor_usage":[56,56,56],"damage_taken":[{"damage":0.0,"enemies":"Cultist","floor":1.0,"turns":2.0},{"damage":11.0,"enemies":"2 Louse","floor":4.0,"turns":3.0},{"damage":37.0,"enemies":"3 Sentries","floor":7.0,"turns":8.0},{"damage":2.0,"enemies":"Lagavulin","floor":11.0,"turns":5.0},{"damage":26.0,"enemies":"Slime Boss","floor":16.0,"turns":8.0},{"damage":0.0,"enemies":"Chosen","floor":18.0,"turns":4.0},{"damage":7.0,"enemies":"Shell Parasite","floor":20.0,"turns":4.0},{"damage":1.0,"enemies":"Slavers","floor":25.0,"turns":7.0},{"damage":13.0,"enemies":"Book of Stabbing","floor":27.0,"turns":7.0},{"damage":30.0,"enemies":"Chosen and Byrds","floor":29.0,"turns":5.0},{"damage":35.0,"enemies":"Collector","floor":33.0,"turns":7.0},{"damage":0.0,"enemies":"Orb Walker","floor":35.0,"turns":3.0},{"damage":26.0,"enemies":"Giant Head","floor":41.0,"turns":6.0},{"damage":0,"enemies":"3 Darklings","floor":42,"turns":3},{"damage":0,"enemies":"Jaw Worm Horde","floor":44,"turns":3},{"damage":0,"enemies":"Sphere and 2 Shapes","floor":46,"turns":5},{"damage":41,"enemies":"Nemesis","floor":48,"turns":5},{"damage":64,"enemies":"Time Eater","floor":50,"turns":5},{"damage":52,"enemies":"Awakened One","floor":51,"turns":6},{"damage":0,"enemies":"Shield and Spear","floor":55,"turns":4},{"damage":91,"enemies":"The Heart","floor":56,"turns":7}],"seed_played":"-7077362693275714340","potions_obtained":[{"floor":11.0,"key":"SteroidPotion"},{"floor":16.0,"key":"DuplicationPotion"},{"floor":28.0,"key":"Fruit Juice"},{"floor":28.0,"key":"EntropicBrew"}],"is_trial":false,"path_per_floor":["M","$","?","M","?","R","E","R","T","R","E","R","$","?","R","B",null,"M","$","M","?","?","R","R","E","T","E","?","M","?","?","R","B",null,"M","$","?","?","$","R","E","M","T","M","R","M","$","E","R","B","B",null,"R","$","E","B",null],"character_chosen":"WATCHER","items_purchased":["BattleHymn","Medical Kit","DollysMirror","Vajra","Anchor","TeardropLocket","Torii","Tantrum","Madness","TheAbacus"],"campfire_rested":0,"item_purchase_floors":[2,13,19,39,39,47,47,47,47,54],"current_hp_per_floor":[61,61,61,50,55,55,73,73,73,73,71,71,71,46,46,45,66,66,66,59,59,64,64,64,68,73,65,75,52,52,52,52,42,71,78,78,78,78,82,82,63,70,75,82,82,89,90,56,56,17,48,81,81,86,93,94],"gold":256,"neow_bonus":"UPGRADE_CARD","is_daily":false,"chose_seed":false,"campfire_upgraded":10,"win_rate":0.0,"timestamp":1612165788,"path_taken":["M","?","?","?","?","R","E","R","T","R","E","R","$","?","R","BOSS","M","$","M","?","?","R","R","E","T","E","?","?","?","?","R","BOSS","M","$","?","?","?","R","E","M","T","?","R","M","$","E","R","BOSS","BOSS","R","$","E","BOSS"],"items_purchased_type":["Card","Relic","Relic","Relic","Relic","Relic","Relic","Card","Card","Relic"],"build_version":"2020-12-22","purchased_purges":4,"victory":true,"max_hp_per_floor":[68,68,68,68,73,73,73,73,73,73,73,73,73,73,73,73,73,73,73,73,73,73,73,73,73,73,73,78,80,80,80,80,80,80,82,82,82,82,82,82,84,86,86,88,88,90,90,92,92,92,92,92,92,92,94,94],"relic_stats":{"Singing Bowl":16,"Torii":14,"counters":[21,107],"Astrolabe":["Brilliance","Meditate","ThirdEye"],"PreservedInsect":77,"Medical Kit":[9],"Question Card":11,"TheAbacus":[36],"Ornamental Fan":[72],"Shuriken":[4],"Pantograph":101,"Bloody Idol":75,"Bronze Scales":[106],"obtain_stats":[{"Singing Bowl":27,"Torii":47,"Golden Idol":14,"Astrolabe":34,"Vajra":39,"PreservedInsect":48,"TeardropLocket":47,"Medical Kit":13,"Question Card":25,"Anchor":39,"HornCleat":11,"TheAbacus":54,"DollysMirror":19,"Ornamental Fan":41,"Shuriken":55,"Pantograph":7,"Bloody Idol":21,"Bronze Scales":43,"WingedGreaves":4,"Coffee Dripper":17,"Red Mask":38,"PureWater":0,"Toy Ornithopter":9},{"Singing Bowl":9,"Torii":16,"Golden Idol":4,"Astrolabe":11,"Vajra":12,"PreservedInsect":17,"TeardropLocket":16,"Medical Kit":4,"Question Card":8,"Anchor":12,"HornCleat":4,"TheAbacus":19,"DollysMirror":6,"Ornamental Fan":13,"Shuriken":20,"Pantograph":3,"Bloody Idol":7,"Bronze Scales":14,"WingedGreaves":2,"Coffee Dripper":5,"Red Mask":12,"PureWater":0,"Toy Ornithopter":3},{"Singing Bowl":48,"Torii":80,"Golden Idol":18,"Astrolabe":60,"Vajra":63,"PreservedInsect":85,"TeardropLocket":80,"Medical Kit":18,"Question Card":41,"Anchor":63,"HornCleat":18,"TheAbacus":96,"DollysMirror":30,"Ornamental Fan":69,"Shuriken":100,"Pantograph":13,"Bloody Idol":34,"Bronze Scales":72,"WingedGreaves":5,"Coffee Dripper":26,"Red Mask":63,"PureWater":0,"Toy Ornithopter":13}],"Toy Ornithopter":5},"card_choices":[{"not_picked":["Consecrate","ClearTheMind","Prostrate"],"picked":"SKIP","floor":1.0},{"not_picked":["Wireheading","PathToVictory"],"picked":"Evaluate","floor":4.0},{"not_picked":["Halt","Wireheading"],"picked":"Adaptation","floor":7.0},{"not_picked":["Sanctity","Crescendo"],"picked":"Scrawl","floor":11.0},{"not_picked":["Scrawl","DeusExMachina"],"picked":"Vault","floor":16.0},{"not_picked":["SignatureMove","Consecrate","SashWhip"],"picked":"SKIP","floor":18.0},{"not_picked":["JustLucky+1","Consecrate","FlurryOfBlows"],"picked":"SKIP","floor":20.0},{"not_picked":["SashWhip","SpiritShield","Devotion"],"picked":"SKIP","floor":25.0},{"not_picked":["Brilliance","CarveReality","Worship"],"picked":"CrushJoints","floor":27.0},{"not_picked":["EmptyFist+1","Crescendo","Perseverance","FollowUp"],"picked":"Singing Bowl","floor":29.0},{"not_picked":["CarveReality","SashWhip","CrushJoints","JustLucky"],"picked":"Singing Bowl","floor":35.0},{"not_picked":["Panacea","Trip","Finesse"],"picked":"Master of Strategy","floor":37.0},{"not_picked":["BowlingBash","Halt","Consecrate","EmptyMind"],"picked":"Singing Bowl","floor":41.0},{"not_picked":["ClearTheMind","FlurryOfBlows","Crescendo","EmptyFist"],"picked":"Singing Bowl","floor":42},{"not_picked":["ThirdEye","JustLucky","Halt","EmptyBody+1"],"picked":"Singing Bowl","floor":44},{"not_picked":["ThirdEye","Halt","Collect+1","CutThroughFate"],"picked":"Singing Bowl","floor":46},{"not_picked":["SashWhip","Halt","Wish","Evaluate+1"],"picked":"Singing Bowl","floor":48},{"not_picked":["Weave+1","SpiritShield","BowlingBash","Crescendo+1"],"picked":"Singing Bowl","floor":55}],"player_experience":671967,"relics_obtained":[{"floor":7.0,"key":"Pantograph"},{"floor":9.0,"key":"Toy Ornithopter"},{"floor":11.0,"key":"HornCleat"},{"floor":25.0,"key":"Question Card"},{"floor":27.0,"key":"Singing Bowl"},{"floor":41.0,"key":"Ornamental Fan"},{"floor":43,"key":"Bronze Scales"},{"floor":48,"key":"PreservedInsect"},{"floor":55,"key":"Shuriken"}],"event_choices":[{"damage_healed":0.0,"max_hp_gain":0.0,"max_hp_loss":0.0,"gold_gain":50.0,"event_name":"Golden Shrine","player_choice":"Pray","floor":3.0,"gold_loss":0.0,"damage_taken":0.0},{"damage_healed":0.0,"max_hp_gain":5.0,"max_hp_loss":0.0,"gold_gain":0.0,"event_name":"Big Fish","player_choice":"Donut","floor":5.0,"gold_loss":0.0,"damage_taken":0.0},{"damage_healed":0.0,"max_hp_gain":0.0,"max_hp_loss":0.0,"gold_gain":0.0,"event_name":"Golden Idol","player_choice":"Take Damage","floor":14.0,"gold_loss":0.0,"damage_taken":25.0,"relics_obtained":["Golden Idol"]},{"damage_healed":0.0,"max_hp_gain":0.0,"max_hp_loss":0.0,"gold_gain":0.0,"event_name":"Forgotten Altar","player_choice":"Gave Idol","floor":21.0,"relics_lost":["Golden Idol"],"gold_loss":0.0,"damage_taken":0.0,"relics_obtained":["Bloody Idol"]},{"damage_healed":0.0,"max_hp_gain":0.0,"max_hp_loss":0.0,"gold_gain":50.0,"event_name":"Nest","player_choice":"Stole From Cult","floor":22.0,"gold_loss":0.0,"damage_taken":0.0},{"damage_healed":0.0,"max_hp_gain":0.0,"max_hp_loss":0.0,"gold_gain":0.0,"event_name":"Lab","player_choice":"Got Potions","floor":28.0,"gold_loss":0.0,"damage_taken":0.0},{"damage_healed":0.0,"max_hp_gain":0.0,"max_hp_loss":0.0,"gold_gain":0.0,"event_name":"Ghosts","player_choice":"Ignored","floor":30.0,"gold_loss":0.0,"damage_taken":0.0},{"damage_healed":0.0,"max_hp_gain":0.0,"max_hp_loss":0.0,"gold_gain":0.0,"event_name":"Upgrade Shrine","player_choice":"Upgraded","floor":31.0,"gold_loss":0.0,"damage_taken":0.0,"cards_upgraded":["CrushJoints"]},{"damage_healed":0.0,"max_hp_gain":0.0,"max_hp_loss":0.0,"gold_gain":0.0,"event_name":"SensoryStone","player_choice":"Memory 1","floor":37.0,"gold_loss":0.0,"damage_taken":0.0},{"damage_healed":0.0,"max_hp_gain":0.0,"max_hp_loss":0.0,"gold_gain":0.0,"event_name":"Tomb of Lord Red Mask","player_choice":"Paid","floor":38.0,"gold_loss":71.0,"damage_taken":0.0,"relics_obtained":["Red Mask"]}],"is_beta":false,"boss_relics":[{"not_picked":["Ectoplasm","Philosopher\u0027s Stone","Fusion Hammer"]},{"not_picked":["Busted Crown","Runic Pyramid"],"picked":"Astrolabe"}],"items_purged_floors":[2,13,19,36],"is_endless":false,"potions_floor_spawned":[11,16,20,33,35,44,48,55],"ascension_level":20}}