{"host":"9n6i2vl93jt4o42q","time":1612189391,"event":{"mods":["BaseMod","Minty Spire (QoL Compilation)","Relic Stats"],"gold_per_floor":[112,132,149,149,169,169,223,256,256,6,6,6,25,44,44,115,115,132,150,53,53,53,53],"floor_reached":22,"language":"ENG","playtime":1760,"items_purged":[],"score":372,"play_id":"71ebff5b-cbc9-49ed-8d81-0f9d1822122a","local_time":"20210201152311","is_ascension_mode":true,"campfire_choices":[{"data":"TalkToTheHand","floor":6.0,"key":"SMITH"},{"floor":12,"key":"REST"},{"data":"SashWhip","floor":15,"key":"SMITH"}],"circlet_count":0,"master_deck":["AscendersBane","Strike_P","Strike_P","Defend_P","Defend_P","Defend_P","Eruption+1","Vigilance","SignatureMove","FollowUp","Tantrum","TalkToTheHand+1","SashWhip+1","MentalFortress","ClearTheMind","DeusExMachina","Pray+1","PathToVictory+1","Collect+1","WaveOfTheHand","Evaluate","Sanctity","EmptyFist"],"relics":["PureWater","TeardropLocket","Matryoshka","Akabeko","Astrolabe"],"acts_visited":["Exordium","TheCity"],"potions_floor_usage":[16,19],"damage_taken":[{"damage":2.0,"enemies":"Jaw Worm","floor":1.0,"turns":5.0},{"damage":7.0,"enemies":"Small Slimes","floor":2.0,"turns":3.0},{"damage":0.0,"enemies":"2 Louse","floor":3.0,"turns":3.0},{"damage":31.0,"enemies":"Lots of Slimes","floor":5.0,"turns":4.0},{"damage":20.0,"enemies":"Lagavulin","floor":8.0,"turns":6.0},{"damage":0,"enemies":"Blue Slaver","floor":13,"turns":1},{"damage":3,"enemies":"Large Slime","floor":14,"turns":3},{"damage":23,"enemies":"The Guardian","floor":16,"turns":9},{"damage":12,"enemies":"2 Thieves","floor":18,"turns":4},{"damage":30,"enemies":"Chosen","floor":19,"turns":6},{"damage":22,"enemies":"Centurion and Healer","floor":22,"turns":1}],"seed_played":"6169808657836479512","potions_obtained":[{"floor":2.0,"key":"Strength Potion"},{"floor":8.0,"key":"ColorlessPotion"},{"floor":13,"key":"AttackPotion"},{"floor":16,"key":"Block Potion"}],"is_trial":false,"path_per_floor":["M","M","M","?","M","R","?","E","T","$","?","R","M","M","R","B",null,"M","M","$","?","M"],"character_chosen":"WATCHER","items_purchased":["Akabeko","MentalFortress","Sanctity","EmptyFist"],"campfire_rested":1,"item_purchase_floors":[10,10,20,20],"current_hp_per_floor":[59,52,52,57,26,26,26,6,6,6,6,27,27,24,24,1,55,43,13,13,13,0,0],"gold":53,"neow_bonus":"UPGRADE_CARD","is_daily":false,"chose_seed":false,"campfire_upgraded":2,"win_rate":0.0,"timestamp":1612189391,"path_taken":["M","M","M","?","M","R","?","E","T","$","?","R","M","M","R","BOSS","M","M","?","?","M"],"items_purchased_type":["Relic","Card","Card","Card"],"build_version":"2020-12-22","purchased_purges":0,"victory":false,"max_hp_per_floor":[68,68,68,73,73,73,73,73,73,73,73,73,73,73,73,73,73,73,73,73,73,73,73],"relic_stats":{"counters":[11,45],"Astrolabe":["Pray","PathToVictory","Collect"],"obtain_stats":[{"Matryoshka":9,"Astrolabe":17,"TeardropLocket":8,"PureWater":0,"Akabeko":10},{"Matryoshka":5,"Astrolabe":8,"TeardropLocket":5,"PureWater":0,"Akabeko":5},{"Matryoshka":21,"Astrolabe":34,"TeardropLocket":21,"PureWater":0,"Akabeko":21}]},"card_choices":[{"not_picked":["Halt","BattleHymn"],"picked":"SignatureMove","floor":1.0},{"not_picked":["WheelKick","Fasting2"],"picked":"FollowUp","floor":2.0},{"not_picked":["JustLucky","Conclude"],"picked":"Tantrum","floor":3.0},{"not_picked":["Nirvana","FollowUp"],"picked":"TalkToTheHand","floor":5.0},{"not_picked":["Worship","CrushJoints"],"picked":"SashWhip","floor":8.0},{"not_picked":["EmptyBody","SpiritShield"],"picked":"ClearTheMind","floor":13},{"not_picked":["PathToVictory","Crescendo","JustLucky"],"picked":"SKIP","floor":14},{"not_picked":["ConjureBlade","Brilliance"],"picked":"DeusExMachina","floor":16},{"not_picked":["Collect","BowlingBash"],"picked":"WaveOfTheHand","floor":18},{"not_picked":["ReachHeaven","SashWhip"],"picked":"Evaluate","floor":19}],"player_experience":2374793,"relics_obtained":[{"floor":8.0,"key":"TeardropLocket"},{"floor":9.0,"key":"Matryoshka"}],"event_choices":[{"damage_healed":0.0,"max_hp_gain":5.0,"max_hp_loss":0.0,"gold_gain":0.0,"event_name":"Big Fish","player_choice":"Donut","floor":4.0,"gold_loss":0.0,"damage_taken":0.0},{"damage_healed":0.0,"max_hp_gain":0.0,"max_hp_loss":0.0,"gold_gain":54.0,"event_name":"Golden Wing","player_choice":"Gained Gold","floor":7.0,"gold_loss":0.0,"damage_taken":0.0},{"damage_healed":0,"gold_gain":0,"player_choice":"Leave","damage_taken":0,"max_hp_gain":0,"max_hp_loss":0,"event_name":"FaceTrader","floor":11,"gold_loss":0},{"damage_healed":0,"gold_gain":0,"player_choice":"Ignored","damage_taken":0,"max_hp_gain":0,"max_hp_loss":0,"event_name":"Vampires","floor":21,"gold_loss":0}],"is_beta":false,"boss_relics":[{"not_picked":["Cursed Key","SacredBark"],"picked":"Astrolabe"}],"items_purged_floors":[],"is_endless":false,"potions_floor_spawned":[2,8,13,16,18],"killed_by":"Centurion and Healer","ascension_level":20}}