{"host":"126yiuos2nq86se7","time":1612154204,"event":{"mods":["AchievementEnabler","Act Like it!","BaseMod","Colored Map","Colored Powertips","Friendly Minions","Highlight Path","Minty Spire (QoL Compilation)","Reimu??????","StSLib","SuperFastMode"],"gold_per_floor":[115,24,39,39,39,39,68,87,87,103,103,103,122,145,145,250,250,263,263,280,51,51,51,83,48,48,48,48],"floor_reached":27,"language":"ENG","playtime":618,"items_purged":["Strike_R"],"score":229,"play_id":"83bde863-637b-4125-9a79-b14378d9e277","local_time":"20210201153644","is_ascension_mode":false,"campfire_choices":[{"data":"Rampage","floor":6,"key":"SMITH"},{"data":"Armaments","floor":12,"key":"SMITH"},{"floor":15,"key":"REST"},{"floor":23,"key":"REST"}],"circlet_count":0,"master_deck":["Strike_R+1","Strike_R","Defend_R","Defend_R+1","Defend_R+1","Defend_R","Bash+1","Rampage+1","Bloodletting","Sever Soul","Armaments+1","Feel No Pain","Juggernaut","Headbutt","Fire Breathing","Fire Breathing","Berserk","Battle Trance+1","Power Through"],"relics":["Burning Blood","Matryoshka","Blue Candle","White Beast Statue","Nunchaku","Happy Flower","Busted Crown","War Paint","Ancient Tea Set","Letter Opener"],"acts_visited":["Exordium","TheCity"],"potions_floor_usage":[16,16,16,16,16,16,24,24,24],"damage_taken":[{"damage":2,"enemies":"Small Slimes","floor":1,"turns":5},{"damage":5,"enemies":"Jaw Worm","floor":3,"turns":5},{"damage":28,"enemies":"Gremlin Nob","floor":7,"turns":4},{"damage":5,"enemies":"2 Louse","floor":8,"turns":4},{"damage":5,"enemies":"Looter","floor":10,"turns":4},{"damage":13,"enemies":"3 Louse","floor":13,"turns":5},{"damage":20,"enemies":"Hexaghost","floor":16,"turns":9},{"damage":30,"enemies":"Spheric Guardian","floor":18,"turns":5},{"damage":9,"enemies":"Chosen","floor":20,"turns":4},{"damage":38,"enemies":"Book of Stabbing","floor":24,"turns":5},{"damage":38,"enemies":"Snake Plant","floor":27,"turns":3}],"seed_played":"-2150604378029408876","potions_obtained":[{"floor":3,"key":"Swift Potion"},{"floor":7,"key":"SteroidPotion"},{"floor":10,"key":"EntropicBrew"},{"floor":13,"key":"Explosive Potion"},{"floor":16,"key":"Fire Potion"},{"floor":18,"key":"Explosive Potion"},{"floor":20,"key":"SkillPotion"},{"floor":24,"key":"FearPotion"}],"is_trial":false,"path_per_floor":["M","$","M","?","?","R","E","M","T","M","?","R","M","T","R","B",null,"M","?","M","$","?","R","E","$","T","M"],"character_chosen":"IRONCLAD","items_purchased":["Sever Soul","Armaments","War Paint","Power Through"],"campfire_rested":2,"item_purchase_floors":[2,2,21,25],"current_hp_per_floor":[72,72,72,58,58,58,36,37,37,38,38,38,31,31,52,38,72,48,48,45,45,45,66,34,34,34,0,0],"gold":48,"neow_bonus":"TRANSFORM_TWO_CARDS","is_daily":false,"chose_seed":false,"campfire_upgraded":2,"win_rate":0.0,"timestamp":1612154204,"path_taken":["M","$","M","?","?","R","E","M","T","M","?","R","M","?","R","BOSS","M","?","M","$","?","R","E","$","T","M"],"items_purchased_type":["Card","Card","Relic","Card"],"build_version":"2020-12-22","purchased_purges":1,"victory":false,"max_hp_per_floor":[72,72,72,72,72,72,72,72,72,72,72,72,72,72,72,72,72,72,72,72,72,72,72,72,72,72,72,72],"card_choices":[{"not_picked":["Twin Strike","Heavy Blade","Cleave"],"picked":"SKIP","floor":1},{"not_picked":["Armaments","Body Slam"],"picked":"Feel No Pain","floor":3},{"not_picked":["Headbutt","Body Slam"],"picked":"Juggernaut","floor":7},{"not_picked":["Combust","Flex","Headbutt"],"picked":"SKIP","floor":8},{"not_picked":["Combust","Flex"],"picked":"Headbutt","floor":8},{"not_picked":["Cleave","Iron Wave"],"picked":"Fire Breathing","floor":10},{"not_picked":["Anger","Clash"],"picked":"Fire Breathing","floor":13},{"not_picked":["Reaper","Exhume"],"picked":"Berserk","floor":16},{"not_picked":[],"picked":"Battle Trance+1","floor":18},{"not_picked":["Thunderclap+1"],"picked":"SKIP","floor":20},{"not_picked":["Sentinel+1"],"picked":"SKIP","floor":24}],"player_experience":1472542,"relics_obtained":[{"floor":7,"key":"Matryoshka"},{"floor":9,"key":"Blue Candle"},{"floor":9,"key":"White Beast Statue"},{"floor":14,"key":"Nunchaku"},{"floor":14,"key":"Happy Flower"},{"floor":24,"key":"Ancient Tea Set"},{"floor":26,"key":"Letter Opener"}],"event_choices":[{"damage_healed":0,"gold_gain":0,"player_choice":"Entered Light","damage_taken":14,"max_hp_gain":0,"max_hp_loss":0,"event_name":"Shining Light","floor":4,"gold_loss":0,"cards_upgraded":["Bash","Strike_R"]},{"damage_healed":0,"gold_gain":0,"player_choice":"Searched \u00270\u0027 times","damage_taken":0,"max_hp_gain":0,"max_hp_loss":0,"event_name":"Dead Adventurer","floor":11,"gold_loss":0},{"damage_healed":0,"gold_gain":0,"player_choice":"Ignored","damage_taken":0,"max_hp_gain":0,"max_hp_loss":0,"event_name":"The Mausoleum","floor":19,"gold_loss":0},{"damage_healed":0,"gold_gain":0,"player_choice":"Ignored","damage_taken":0,"max_hp_gain":0,"max_hp_loss":0,"event_name":"Vampires","floor":22,"gold_loss":0}],"is_beta":false,"boss_relics":[{"not_picked":["SacredBark","Tiny House"],"picked":"Busted Crown"}],"items_purged_floors":[21],"is_endless":false,"potions_floor_spawned":[3,7,10,13,16,18,20,24],"killed_by":"Snake Plant","ascension_level":0}}