{"host":"28bpuzdckreop5i0","time":1612198308,"event":{"mods":["BaseMod","Challenge The Spire","Defuse TimeMaze Blight","Downfall","Energized Spire","Googly Eyes","Minty Spire (QoL Compilation)","Relic Stats","Shop Mod","Spicy Shops","StSLib","The Awakened One except there are too many feathers","The IronCluck","Transform Curses","slay the spire mod where everything is the same but ironclad has a cowboy hat"],"gold_per_floor":[99,110,110,129,142,162,162,162,162,188,188,199,215,225,237,340,340,340,357,369,369,381,397,421,439,439,439,439],"floor_reached":26,"language":"ENG","playtime":2490,"items_purged":[],"score":238,"play_id":"51c08267-fb35-4075-a612-594bc4d033a4","local_time":"20210201105148","is_ascension_mode":true,"campfire_choices":[{"data":"Guardian:TwinSlam","floor":1,"key":"SMITH"},{"data":"Guardian:CurlUp","floor":8,"key":"SMITH"},{"floor":11,"key":"REST"},{"data":"Guardian:SpikerProtocol","floor":18,"key":"SMITH"}],"circlet_count":0,"master_deck":["Guardian:Strike_Guardian","Guardian:Strike_Guardian","Guardian:Strike_Guardian","Guardian:Defend_Guardian","Guardian:Defend_Guardian","Guardian:Defend_Guardian","Guardian:Defend_Guardian","Guardian:CurlUp+1","Guardian:TwinSlam+1","Guardian:SphericShield","Guardian:Recover","Guardian:Harden","Guardian:SpikerProtocol+1","Guardian:PiercingHide","Guardian:Gem_Blue","Guardian:SpikerProtocol+1","Guardian:RevengeProtocol","Guardian:Gem_Cyan","Guardian:Harden","Decay","Pain","Guardian:Gem_White"],"relics":["Guardian:ModeShifter","Bottled Tornado","Pocketwatch","energizedSpire:SpiderWeb","downfall:ExtraCursedKey","Tiny Chest"],"acts_visited":["Exordium","TheCity"],"potions_floor_usage":[10,10,16,20,25],"damage_taken":[{"damage":6,"enemies":"Cultist","floor":2,"turns":3},{"damage":0,"enemies":"2 Louse","floor":4,"turns":5},{"damage":0,"enemies":"Small Slimes","floor":5,"turns":4},{"damage":33,"enemies":"Exordium Wildlife","floor":6,"turns":9},{"damage":29,"enemies":"Gremlin Nob","floor":10,"turns":7},{"damage":3,"enemies":"Blue Slaver","floor":12,"turns":4},{"damage":0,"enemies":"2 Fungi Beasts","floor":13,"turns":4},{"damage":0,"enemies":"3 Louse","floor":14,"turns":3},{"damage":1,"enemies":"Exordium Wildlife","floor":15,"turns":8},{"damage":12,"enemies":"SI_SHIV_ARCHETYPE","floor":16,"turns":10},{"damage":0,"enemies":"3 Byrds","floor":19,"turns":1},{"damage":17,"enemies":"Chosen","floor":20,"turns":10},{"damage":5,"enemies":"Shelled Parasite and Fungi","floor":22,"turns":3},{"damage":2,"enemies":"Snake Plant","floor":23,"turns":2},{"damage":46,"enemies":"Centurion and Healer","floor":25,"turns":16},{"damage":13,"enemies":"Shelled Parasite and Fungi","floor":26,"turns":5}],"seed_played":"-244243416536015163","potions_obtained":[{"floor":4,"key":"EntropicBrew"},{"floor":6,"key":"SpeedPotion"},{"floor":10,"key":"DistilledChaos"},{"floor":19,"key":"Guardian:DefensiveModePotion"},{"floor":22,"key":"Guardian:AcceleratePotion"}],"is_trial":false,"path_per_floor":["R","M","?","M","M","M","T","R","?","E","R","M","M","M","M","B",null,"R","M","M","?","M","M","T","M","M"],"character_chosen":"GUARDIAN","items_purchased":[],"campfire_rested":1,"item_purchase_floors":[],"current_hp_per_floor":[80,74,74,74,74,41,41,41,41,12,36,33,33,33,32,20,80,80,80,63,63,58,56,56,10,0,0,0],"gold":439,"neow_bonus":"ONE_RANDOM_RARE_CARD","is_daily":false,"chose_seed":false,"campfire_upgraded":3,"win_rate":0.0,"timestamp":1612198308,"path_taken":["R","M","?","M","M","M","T","R","?","E","R","?","M","?","M","BOSS","R","M","M","?","M","M","T","M","M"],"items_purchased_type":[],"build_version":"2020-12-22","purchased_purges":0,"victory":false,"max_hp_per_floor":[80,80,80,80,80,80,80,80,80,80,80,80,80,80,80,80,80,80,80,80,80,80,80,80,80,80,80,80],"relic_stats":{"counters":[16,94],"Tiny Chest":0,"obtain_stats":[{"Guardian:ModeShifter":0,"Tiny Chest":24,"downfall:ExtraCursedKey":21,"Bottled Tornado":7,"energizedSpire:SpiderWeb":17,"Pocketwatch":10},{"Guardian:ModeShifter":0,"Tiny Chest":14,"downfall:ExtraCursedKey":12,"Bottled Tornado":4,"energizedSpire:SpiderWeb":10,"Pocketwatch":5},{"Guardian:ModeShifter":0,"Tiny Chest":73,"downfall:ExtraCursedKey":68,"Bottled Tornado":21,"energizedSpire:SpiderWeb":57,"Pocketwatch":28}],"Pocketwatch":[75]},"card_choices":[{"not_picked":["Guardian:PiercingHide","Guardian:Gem_Green"],"picked":"Guardian:Recover","floor":2},{"not_picked":["Guardian:PiercingHide","Guardian:EvasiveProtocol"],"picked":"Guardian:Harden","floor":4},{"not_picked":["Guardian:TimeCapacitor","Guardian:Gem_Purple"],"picked":"Guardian:SpikerProtocol","floor":5},{"not_picked":["Guardian:WalkerClaw","Guardian:TimeSifter"],"picked":"Guardian:Gem_Cyan","floor":6},{"not_picked":["Guardian:Gem_Red","Guardian:Planning","Guardian:PolyBeam"],"picked":"SKIP","floor":10},{"not_picked":["Guardian:Preprogram","Guardian:SpikerProtocol"],"picked":"Guardian:PiercingHide","floor":12},{"not_picked":["Guardian:PolyBeam","Guardian:DonusPower"],"picked":"Guardian:Gem_Blue","floor":13},{"not_picked":["Guardian:PolyBeam","Guardian:Clone","Guardian:ShieldCharger"],"picked":"SKIP","floor":14},{"not_picked":["Guardian:TemporalStrike","Guardian:TemporalShield"],"picked":"Guardian:SpikerProtocol","floor":15},{"not_picked":["Guardian:GemFire","Guardian:GemFinder"],"picked":"Guardian:RevengeProtocol","floor":16},{"not_picked":["Guardian:MultiBeam","Guardian:Gem_Yellow"],"picked":"Guardian:Gem_Cyan","floor":19},{"not_picked":["Guardian:Gem_Green","Guardian:WalkerClaw"],"picked":"Guardian:Harden","floor":20},{"not_picked":["Guardian:TemporalShield","Guardian:Incinerate","Guardian:BronzeOrb"],"picked":"SKIP","floor":22},{"not_picked":["Guardian:CrystalBeam","Guardian:Gem_Green","Guardian:ShieldCharger+1"],"picked":"SKIP","floor":23},{"not_picked":["Guardian:Gem_Purple","Guardian:PolyBeam"],"picked":"Guardian:Gem_White","floor":25}],"player_experience":937374,"relics_obtained":[{"floor":7,"key":"Bottled Tornado"},{"floor":10,"key":"Pocketwatch"},{"floor":24,"key":"Tiny Chest"}],"event_choices":[],"is_beta":false,"boss_relics":[{"not_picked":["energizedSpire:RedRose","energizedSpire:DeadBattery"],"picked":"energizedSpire:SpiderWeb"}],"items_purged_floors":[],"is_endless":false,"potions_floor_spawned":[4,6,10,14,19,22],"killed_by":"Shelled Parasite and Fungi","ascension_level":2}}