{"host":"8u7tvcybuv0u72fd","time":1612158180,"event":{"mods":["BaseMod","BetterRewards","Colored Map","Colored Powertips","Minty Spire (QoL Compilation)","Quick Restart","Shop Mod"],"gold_per_floor":[139,314,373,373,373,373,412,412,436,519,582,636,705,773,773,896,896,938,938,683,724,724,724,780,780,780,780,809,119,183,224,224,328,328,392,392,41,77,168,168,168,168,168,168,207,240,140,140,140,165,165,165,1,53,53],"floor_reached":56,"language":"ENG","playtime":2581,"items_purged":["Strike_R","Doubt","Writhe"],"score":1573,"play_id":"b75de85b-5bbe-4140-8fdb-03f679bf35ac","local_time":"20210201004300","is_ascension_mode":false,"campfire_choices":[{"data":"HandOfGreed","floor":6.0,"key":"SMITH"},{"data":"Berserk","floor":8.0,"key":"SMITH"},{"data":"Bash","floor":15.0,"key":"SMITH"},{"data":"Shrug It Off","floor":23.0,"key":"SMITH"},{"data":"Disarm","floor":25.0,"key":"SMITH"},{"floor":32.0,"key":"DIG"},{"data":"Rage","floor":40.0,"key":"SMITH"},{"data":"Demon Form","floor":44,"key":"SMITH"},{"floor":49,"key":"RECALL"},{"floor":52,"key":"DIG"}],"circlet_count":0,"master_deck":["Strike_R","Strike_R","Strike_R","Defend_R","Defend_R","Defend_R","Bash+1","HandOfGreed+1","Body Slam+1","Battle Trance","Berserk+1","Shrug It Off+1","Impervious","Disarm+1","Rage+1","Demon Form+1","Madness","Madness"],"relics":["Burning Blood","Thread and Needle","Happy Flower","Ornamental Fan","Mummified Hand","SacredBark","Akabeko","Bronze Scales","Enchiridion","MutagenicStrength","Pen Nib","Boot","MerchantsRug","Vajra","Busted Crown","Self Forming Clay","Letter Opener","Bottled Tornado","Oddly Smooth Stone","ClockworkSouvenir","Bag of Marbles","Orichalcum"],"acts_visited":["TheCity","TheBeyond","TheEnding"],"potions_floor_usage":[55,55,55,55,55,55],"damage_taken":[{"damage":0.0,"enemies":"Jaw Worm","floor":1.0,"turns":3.0},{"damage":0.0,"enemies":"Small Slimes","floor":3.0,"turns":4.0},{"damage":0.0,"enemies":"Cultist","floor":7.0,"turns":3.0},{"damage":5.0,"enemies":"3 Sentries","floor":10.0,"turns":8.0},{"damage":0.0,"enemies":"2 Fungi Beasts","floor":11.0,"turns":3.0},{"damage":6.0,"enemies":"Lagavulin","floor":12.0,"turns":5.0},{"damage":0.0,"enemies":"Exordium Wildlife","floor":13.0,"turns":3.0},{"damage":1.0,"enemies":"Large Slime","floor":14.0,"turns":5.0},{"damage":46.0,"enemies":"Hexaghost","floor":16.0,"turns":9.0},{"damage":6.0,"enemies":"Spheric Guardian","floor":18.0,"turns":6.0},{"damage":3.0,"enemies":"Shell Parasite","floor":21.0,"turns":4.0},{"damage":10.0,"enemies":"Gremlin Leader","floor":24.0,"turns":6.0},{"damage":7.0,"enemies":"Book of Stabbing","floor":28.0,"turns":4.0},{"damage":4.0,"enemies":"Centurion and Healer","floor":30.0,"turns":5.0},{"damage":16.0,"enemies":"Sentry and Sphere","floor":31.0,"turns":5.0},{"damage":38.0,"enemies":"Automaton","floor":33.0,"turns":7.0},{"damage":0.0,"enemies":"3 Shapes","floor":35.0,"turns":5.0},{"damage":6.0,"enemies":"Orb Walker","floor":38.0,"turns":3.0},{"damage":4.0,"enemies":"Jaw Worm Horde","floor":39.0,"turns":7.0},{"damage":0,"enemies":"Spire Growth","floor":45,"turns":4},{"damage":6,"enemies":"Giant Head","floor":46,"turns":7},{"damage":54,"enemies":"Time Eater","floor":50,"turns":8},{"damage":41,"enemies":"Shield and Spear","floor":54,"turns":4},{"damage":6,"enemies":"The Heart","floor":55,"turns":7}],"seed_played":"-4729240499252288263","potions_obtained":[{"floor":1.0,"key":"Swift Potion"},{"floor":10.0,"key":"PowerPotion"},{"floor":12.0,"key":"SkillPotion"},{"floor":13.0,"key":"Dexterity Potion"},{"floor":24.0,"key":"SpeedPotion"},{"floor":35.0,"key":"Fruit Juice"}],"is_trial":false,"path_per_floor":["M","?","M","?","?","R","M","R","T","E","M","E","M","M","R","B",null,"M","?","$","M","?","R","E","R","T","?","E","$","M","M","R","B",null,"M","?","$","M","M","R","?","?","T","R","M","E","$","?","R","B",null,"R","$","E","B",null],"character_chosen":"IRONCLAD","items_purchased":["Thread and Needle","Happy Flower","HandOfGreed","Fire Potion","Explosive Potion","Bronze Scales","Boot","Mango","MerchantsRug","CultistPotion","Self Forming Clay","EntropicBrew","Oddly Smooth Stone","ClockworkSouvenir","Bag of Marbles"],"campfire_rested":0,"item_purchase_floors":[0,0,0,0,0,20,29,29,29,29,37,37,53,53,53],"current_hp_per_floor":[54,54,60,60,60,60,66,66,66,67,73,73,79,80,80,40,80,80,80,80,80,64,64,60,60,67,67,66,80,82,72,72,40,101,111,111,111,111,111,111,111,97,97,97,103,103,103,103,103,55,111,111,111,76,76],"gold":53,"neow_bonus":"","is_daily":false,"chose_seed":false,"campfire_upgraded":7,"win_rate":0.0,"timestamp":1612158180,"path_taken":["M","?","M","?","?","R","M","R","T","E","?","E","M","M","R","BOSS","M","?","$","M","?","R","E","R","T","?","E","$","M","M","R","BOSS","M","?","$","?","M","R","?","?","T","R","M","E","?","?","R","BOSS","R","$","E","BOSS"],"items_purchased_type":["Relic","Relic","Card","Potion","Potion","Relic","Relic","Relic","Relic","Potion","Relic","Potion","Relic","Relic","Relic"],"build_version":"2020-12-22","purchased_purges":3,"victory":true,"max_hp_per_floor":[80,80,80,80,80,80,80,80,80,80,80,80,80,80,80,80,80,80,80,80,80,80,80,80,80,87,87,87,101,101,101,101,101,101,111,111,111,111,111,111,111,111,111,111,111,111,111,111,111,111,111,111,111,111,111],"card_choices":[{"not_picked":["Armaments","Flex"],"picked":"Body Slam","floor":1.0},{"not_picked":["Flex","Battle Trance","Ghostly Armor"],"picked":"SKIP","floor":3.0},{"not_picked":["Flex","Ghostly Armor"],"picked":"Battle Trance","floor":3.0},{"not_picked":["True Grit","Clothesline","Perfected Strike"],"picked":"SKIP","floor":7.0},{"not_picked":["Clothesline","Pommel Strike","Heavy Blade"],"picked":"SKIP","floor":10.0},{"not_picked":["Thunderclap","Cleave"],"picked":"Shrug It Off","floor":11.0},{"not_picked":["Reaper","Offering","Dropkick"],"picked":"SKIP","floor":12.0},{"not_picked":["Intimidate","Sword Boomerang","Battle Trance"],"picked":"SKIP","floor":13.0},{"not_picked":["Cleave","Sword Boomerang","Hemokinesis"],"picked":"SKIP","floor":14.0},{"not_picked":["Brutality","Berserk"],"picked":"Impervious","floor":16.0},{"not_picked":["Thunderclap+1","Clash","True Grit"],"picked":"SKIP","floor":18.0},{"not_picked":["Anger","Thunderclap"],"picked":"Disarm","floor":21.0},{"not_picked":["Perfected Strike","Twin Strike","Thunderclap"],"picked":"SKIP","floor":24.0},{"not_picked":["Reckless Charge","Hemokinesis+1","Clothesline"],"picked":"SKIP","floor":28.0},{"not_picked":["Clash","Anger"],"picked":"Rage","floor":30.0},{"not_picked":["Whirlwind","Feel No Pain","Rage"],"picked":"SKIP","floor":31.0},{"not_picked":["Fiend Fire","Corruption"],"picked":"Demon Form","floor":33.0},{"not_picked":["Pommel Strike"],"picked":"SKIP","floor":35.0},{"not_picked":["Clash+1"],"picked":"SKIP","floor":38.0},{"not_picked":["Clothesline"],"picked":"SKIP","floor":39.0},{"not_picked":["Hemokinesis"],"picked":"SKIP","floor":45},{"not_picked":["Twin Strike"],"picked":"SKIP","floor":46},{"not_picked":["Evolve+1"],"picked":"SKIP","floor":54}],"player_experience":1476649,"relics_obtained":[{"floor":10.0,"key":"Ornamental Fan"},{"floor":12.0,"key":"Mummified Hand"},{"floor":22.0,"key":"Enchiridion"},{"floor":24.0,"key":"Shovel"},{"floor":26.0,"key":"Strawberry"},{"floor":28.0,"key":"Pen Nib"},{"floor":32.0,"key":"Vajra"},{"floor":43,"key":"The Courier"},{"floor":46,"key":"Letter Opener"},{"floor":52,"key":"Bottled Tornado"},{"floor":54,"key":"Orichalcum"}],"event_choices":[{"damage_healed":0.0,"max_hp_gain":0.0,"max_hp_loss":0.0,"gold_gain":175.0,"event_name":"Liars Game","player_choice":"AGREE","floor":2.0,"gold_loss":0.0,"damage_taken":0.0,"cards_obtained":["Doubt"]},{"damage_healed":0.0,"max_hp_gain":0.0,"max_hp_loss":0.0,"gold_gain":0.0,"event_name":"Living Wall","player_choice":"Grow","floor":4.0,"gold_loss":0.0,"damage_taken":0.0,"cards_upgraded":["Body Slam"]},{"damage_healed":0.0,"max_hp_gain":0.0,"max_hp_loss":0.0,"gold_gain":0.0,"cards_transformed":["Strike_R"],"event_name":"Transmorgrifier","player_choice":"Transformed","floor":5.0,"gold_loss":0.0,"damage_taken":0.0,"cards_obtained":["Berserk"]},{"damage_healed":0.0,"max_hp_gain":0.0,"max_hp_loss":0.0,"gold_gain":0.0,"event_name":"The Mausoleum","player_choice":"Opened","floor":19.0,"gold_loss":0.0,"damage_taken":0.0,"relics_obtained":["Akabeko"],"cards_obtained":["Writhe"]},{"damage_healed":0.0,"max_hp_gain":0.0,"max_hp_loss":0.0,"gold_gain":0.0,"event_name":"Cursed Tome","player_choice":"Obtained Book","floor":22.0,"gold_loss":0.0,"damage_taken":16.0},{"damage_healed":0.0,"max_hp_gain":0.0,"max_hp_loss":0.0,"gold_gain":0.0,"event_name":"Drug Dealer","player_choice":"Inject Mutagens","floor":27.0,"gold_loss":0.0,"damage_taken":0.0,"relics_obtained":["MutagenicStrength"]},{"damage_healed":0.0,"max_hp_gain":0.0,"max_hp_loss":0.0,"gold_gain":0.0,"event_name":"Duplicator","player_choice":"Ignored","floor":36.0,"gold_loss":0.0,"damage_taken":0.0},{"damage_healed":0,"gold_gain":0,"player_choice":"Ignored","damage_taken":0,"max_hp_gain":0,"max_hp_loss":0,"event_name":"Mysterious Sphere","floor":41,"gold_loss":0},{"damage_healed":0,"gold_gain":0,"player_choice":"Embrace Madness","damage_taken":14,"max_hp_gain":0,"max_hp_loss":0,"event_name":"Winding Halls","floor":42,"gold_loss":0,"cards_obtained":["Madness","Madness"]},{"cards_removed":["Defend_R"],"damage_healed":0,"gold_gain":0,"player_choice":"Removed Skill","damage_taken":0,"max_hp_gain":0,"max_hp_loss":0,"event_name":"Falling","floor":48,"gold_loss":0}],"is_beta":false,"boss_relics":[{"not_picked":["Black Star","Runic Dome"],"picked":"SacredBark"},{"not_picked":["Mark of Pain","Runic Pyramid"],"picked":"Busted Crown"}],"items_purged_floors":[0,20,47],"is_endless":false,"potions_floor_spawned":[1,3,10,12,13,21,24,30,31,35,46,54],"ascension_level":0}}