{"host":"pletss163z7s8pvv","time":1612142431,"event":{"mods":["AchievementEnabler","BaseMod","Better Altar","Better Match","Better Note","Better Sensory Stone","Better Skull","Better Third Choice","BetterRewards","CapriCore","ChefMod","Colored Map","Colored Powertips","Conspire","Energized Spire","Evolution","GifTheSpireLib","Hermit","Ironclad Rager","Marked Mod","Minty Spire (QoL Compilation)","Retaliation","Spicy Shops","StS++","StSLib","The Alterego","The Blue Laboratory","The Cursed","The Disciple","The Forsaken"],"gold_per_floor":[117,117,136,155,430,430,440,440,464,498,498,509,509,525,525,629,629,643,658,69,83,93,93,113,113,113,127,127,144,0,26,26,26,26],"floor_reached":33,"language":"ENG","playtime":1057,"items_purged":["Regret"],"score":321,"play_id":"f30bc660-f5df-475a-a7b7-7c26ab4b341f","local_time":"20210131192031","is_ascension_mode":false,"campfire_choices":[{"floor":6,"key":"RECALL"},{"data":"MarkedMod:ChiBlock","floor":8,"key":"SMITH"},{"floor":11,"key":"REST"},{"floor":13,"key":"REST"},{"data":"SignatureMove","floor":15,"key":"SMITH"},{"floor":23,"key":"REST"},{"floor":25,"key":"REST"},{"floor":28,"key":"REST"},{"floor":32,"key":"REST"}],"circlet_count":0,"master_deck":["BowlingBash","BowlingBash","BowlingBash","BowlingBash","EmptyBody","EmptyBody","EmptyBody","EmptyBody","Eruption","Vigilance","Consecrate","EmptyFist","MarkedMod:ChiBlock+1","SignatureMove+1","FlurryOfBlows","EmptyFist","FearNoEvil","DevaForm","Protect","MarkedMod:GracefulMovements","ICR:YinYang","Pray","FollowUp","FearNoEvil","FollowUp","PathToVictory","StSpp:LatentStrike+1","Tantrum","FlurryOfBlows","FlyingSleeves"],"relics":["PureWater","EVO:Axolotl","Bag of Marbles","SacredBark","Lee\u0027s Waffle","White Beast Statue","Juzu Bracelet","Akabeko"],"acts_visited":["Exordium","TheCity"],"potions_floor_usage":[33],"damage_taken":[{"damage":7,"enemies":"Small Slimes","floor":1,"turns":3},{"damage":0,"enemies":"Cultist","floor":3,"turns":2},{"damage":4,"enemies":"Jaw Worm","floor":4,"turns":2},{"damage":6,"enemies":"Exordium Thugs","floor":7,"turns":3},{"damage":29,"enemies":"Gremlin Nob","floor":10,"turns":4},{"damage":0,"enemies":"Looter","floor":12,"turns":1},{"damage":12,"enemies":"Large Slime","floor":14,"turns":3},{"damage":23,"enemies":"Slime Boss","floor":16,"turns":8},{"damage":23,"enemies":"Shell Parasite","floor":18,"turns":5},{"damage":49,"enemies":"Chosen","floor":19,"turns":8},{"damage":33,"enemies":"Centurion and Healer","floor":21,"turns":7},{"damage":9,"enemies":"conspire:HollyBat","floor":22,"turns":8},{"damage":51,"enemies":"Snake Plant","floor":24,"turns":5},{"damage":23,"enemies":"Centurion and Healer","floor":27,"turns":6},{"damage":10,"enemies":"Cultist and Chosen","floor":29,"turns":7},{"damage":11,"enemies":"conspire:Head Lice","floor":31,"turns":4},{"damage":100,"enemies":"Champ","floor":33,"turns":10}],"seed_played":"-25510002224213238","potions_obtained":[{"floor":3,"key":"blueLaboratory:BubblePotion"},{"floor":4,"key":"blueLaboratory:BottledHope"},{"floor":10,"key":"blueLaboratory:ExaltedPotion"},{"floor":14,"key":"Regen Potion"},{"floor":16,"key":"blueLaboratory:MidnightOil"},{"floor":27,"key":"BottledMiracle"}],"is_trial":false,"path_per_floor":["M","?","M","M","?","R","M","R","T","E","R","M","R","M","R","B",null,"M","M","$","M","M","R","M","R","T","M","R","M","$","E","R","B"],"character_chosen":"WATCHER","items_purchased":["Lee\u0027s Waffle","ICR:YinYang","Pray","FollowUp","FearNoEvil","Juzu Bracelet"],"campfire_rested":6,"item_purchase_floors":[20,20,20,20,20,30],"current_hp_per_floor":[69,69,69,65,65,65,59,59,59,30,52,52,74,62,62,39,76,53,4,83,50,41,65,14,38,38,15,39,29,29,18,42,0,0],"gold":26,"neow_bonus":"WATCHER_MONK","is_daily":false,"chose_seed":false,"campfire_upgraded":2,"win_rate":0.0,"timestamp":1612142431,"path_taken":["M","?","?","M","?","R","M","R","T","E","R","?","R","M","R","BOSS","M","M","$","M","M","R","M","R","T","M","R","M","$","E","R","BOSS"],"items_purchased_type":["Relic","Card","Card","Card","Card","Relic"],"build_version":"2020-12-22","purchased_purges":1,"victory":false,"max_hp_per_floor":[76,76,76,76,76,76,76,76,76,76,76,76,76,76,76,76,76,76,76,83,83,83,83,83,83,83,83,83,83,83,83,83,83,83],"card_choices":[{"not_picked":["Crescendo","WreathOfFlame"],"picked":"Consecrate","floor":1},{"not_picked":["Crescendo","CrushJoints"],"picked":"EmptyFist","floor":3},{"not_picked":["MarkedMod:GracefulMovements","WaveOfTheHand"],"picked":"MarkedMod:ChiBlock","floor":4},{"not_picked":["Crescendo","Perseverance"],"picked":"SignatureMove","floor":7},{"not_picked":["Collect","ClearTheMind"],"picked":"FlurryOfBlows","floor":10},{"not_picked":["BattleHymn","Halt"],"picked":"EmptyFist","floor":12},{"not_picked":["SashWhip","Prostrate"],"picked":"FearNoEvil","floor":14},{"not_picked":["StSpp:VitalPoint","Blasphemy"],"picked":"DevaForm","floor":16},{"not_picked":["JustLucky","MarkedMod:FirstStrike"],"picked":"Protect","floor":18},{"not_picked":["Indignation","Sanctity"],"picked":"MarkedMod:GracefulMovements","floor":19},{"not_picked":["ThirdEye","LikeWater+1"],"picked":"FollowUp","floor":21},{"not_picked":["StSpp:Chanting","Consecrate"],"picked":"PathToVictory","floor":22},{"not_picked":["BowlingBash","MarkedMod:OneThousandNeedles"],"picked":"StSpp:LatentStrike+1","floor":24},{"not_picked":["ClearTheMind","Consecrate"],"picked":"Tantrum","floor":27},{"not_picked":["ClearTheMind+1","StSpp:TimeDodge"],"picked":"FlurryOfBlows","floor":29},{"not_picked":["Halt","Protect"],"picked":"FlyingSleeves","floor":31}],"player_experience":473017,"relics_obtained":[{"floor":10,"key":"Bag of Marbles"},{"floor":26,"key":"White Beast Statue"},{"floor":31,"key":"Akabeko"}],"event_choices":[{"damage_healed":0,"gold_gain":0,"player_choice":"Ignored","damage_taken":0,"max_hp_gain":0,"max_hp_loss":0,"event_name":"Purifier","floor":2,"gold_loss":0},{"damage_healed":0,"gold_gain":275,"player_choice":"Desecrate","damage_taken":0,"max_hp_gain":0,"max_hp_loss":0,"event_name":"Golden Shrine","floor":5,"gold_loss":0,"cards_obtained":["Regret"]}],"is_beta":false,"boss_relics":[{"not_picked":["Runic Pyramid","StSpp:FireArrow"],"picked":"SacredBark"}],"items_purged_floors":[20],"is_endless":false,"potions_floor_spawned":[3,4,10,14,16,19,27,29,31],"killed_by":"Champ","ascension_level":0}}