{"host":"1mv6gj0zv8k9e9tz","time":1612165013,"event":{"mods":["AchievementEnabler","BaseMod","Better Third Choice","Colored Map","DeckTracker","Highlight Path","KOR Keyword Fix","Keyboard Shortcuts","Minty Spire (QoL Compilation)","Permanent Neow","Quick Restart","Rare Cards Sparkle","StSLib","SuperFastMode","everything is the same but u backflip on backflip"],"gold_per_floor":[138,174,174,205,235,235,294,294,294,294,350,350,410,455,455,554,554,565,448,448,488,333,333,375,375,450,450,485,485,497,517,517,517,517],"floor_reached":33,"language":"KOR","playtime":1118,"items_purged":["Strike_B"],"score":427,"play_id":"dcc5892b-ff6b-4faa-8c6a-f9bf21add0f2","local_time":"20210201163653","is_ascension_mode":true,"campfire_choices":[{"data":"HandOfGreed","floor":6.0,"key":"SMITH"},{"data":"Dualcast","floor":8.0,"key":"SMITH"},{"floor":10.0,"key":"REST"},{"data":"Coolheaded","floor":12.0,"key":"SMITH"},{"data":"Zap","floor":15.0,"key":"SMITH"},{"data":"Self Repair","floor":23.0,"key":"SMITH"},{"data":"Redo","floor":27.0,"key":"SMITH"},{"data":"Hologram","floor":29.0,"key":"SMITH"},{"data":"Reinforced Body","floor":32.0,"key":"SMITH"}],"circlet_count":0,"master_deck":["AscendersBane","Strike_B","Defend_B","Defend_B","Defend_B","Defend_B","Zap+1","Dualcast+1","HandOfGreed+1","Redo+1","Loop","Coolheaded+1","Glacier","Self Repair+1","Conserve Battery","Electrodynamics","CurseOfTheBell","Static Discharge+1","Melter","Reinforced Body+1","Leap","Coolheaded+1","Storm+1","Hologram+1","Ball Lightning"],"relics":["Cracked Core","StoneCalendar","Pantograph","Kunai","Calling Bell","Bag of Marbles","Frozen Egg 2","Unceasing Top","Ginger"],"acts_visited":["Exordium","TheCity"],"potions_floor_usage":[],"damage_taken":[{"damage":1.0,"enemies":"2 Louse","floor":1.0,"turns":4.0},{"damage":12.0,"enemies":"Jaw Worm","floor":2.0,"turns":3.0},{"damage":0.0,"enemies":"Small Slimes","floor":4.0,"turns":2.0},{"damage":3.0,"enemies":"2 Fungi Beasts","floor":5.0,"turns":3.0},{"damage":20.0,"enemies":"Gremlin Nob","floor":7.0,"turns":4.0},{"damage":11.0,"enemies":"3 Sentries","floor":11.0,"turns":7.0},{"damage":2.0,"enemies":"Large Slime","floor":13.0,"turns":7.0},{"damage":11.0,"enemies":"Looter","floor":14.0,"turns":2.0},{"damage":29.0,"enemies":"Hexaghost","floor":16.0,"turns":12.0},{"damage":19.0,"enemies":"Shell Parasite","floor":18.0,"turns":7.0},{"damage":5.0,"enemies":"Chosen","floor":21.0,"turns":6.0},{"damage":13.0,"enemies":"Snecko","floor":24.0,"turns":7.0},{"damage":13.0,"enemies":"Centurion and Healer","floor":28.0,"turns":7.0},{"damage":18.0,"enemies":"Cultist and Chosen","floor":30.0,"turns":6.0},{"damage":14.0,"enemies":"3 Cultists","floor":31.0,"turns":4.0},{"damage":60,"enemies":"Automaton","floor":33,"turns":6}],"seed_played":"7228831897410053433","potions_obtained":[{"floor":1.0,"key":"Swift Potion"},{"floor":11.0,"key":"BlessingOfTheForge"},{"floor":14.0,"key":"SkillPotion"},{"floor":16.0,"key":"LiquidBronze"},{"floor":21.0,"key":"Dexterity Potion"},{"floor":24.0,"key":"PowerPotion"},{"floor":28.0,"key":"FocusPotion"}],"is_trial":false,"path_per_floor":["M","M","?","M","M","R","E","R","T","R","E","R","M","M","R","B",null,"M","$","?","M","$","R","M","?","T","R","M","R","M","M","R","B"],"character_chosen":"DEFECT","items_purchased":["Static Discharge+1","Melter","Storm+1"],"campfire_rested":1,"item_purchase_floors":[19,19,22],"current_hp_per_floor":[49,37,37,37,34,34,14,14,14,36,25,25,30,19,19,22,62,50,50,50,52,52,52,49,49,49,49,56,56,48,34,34,0,0],"gold":517,"neow_bonus":"RANDOM_COLORLESS_2","is_daily":false,"chose_seed":false,"campfire_upgraded":8,"win_rate":0.0,"timestamp":1612165013,"path_taken":["M","M","?","M","M","R","E","R","T","R","E","R","M","M","R","BOSS","M","$","?","M","$","R","M","?","T","R","M","R","?","M","R","BOSS"],"items_purchased_type":["Card","Card","Card"],"build_version":"2020-12-22","purchased_purges":1,"victory":false,"max_hp_per_floor":[75,75,75,75,75,75,75,75,75,75,75,75,75,75,75,75,75,75,75,75,75,75,75,75,75,75,75,75,75,75,75,75,75,75],"card_choices":[{"not_picked":["Mayhem","Panache"],"picked":"HandOfGreed","floor":0.0},{"not_picked":["Turbo","Go for the Eyes"],"picked":"Redo","floor":1.0},{"not_picked":["Barrage","Sweeping Beam"],"picked":"Loop","floor":2.0},{"not_picked":["Turbo","Capacitor"],"picked":"Coolheaded","floor":4.0},{"not_picked":["Gash","Leap"],"picked":"Glacier","floor":5.0},{"not_picked":["Amplify","Compile Driver","Rebound"],"picked":"SKIP","floor":7.0},{"not_picked":["Amplify","Beam Cell"],"picked":"Self Repair","floor":11.0},{"not_picked":["Go for the Eyes","Compile Driver"],"picked":"Conserve Battery","floor":13.0},{"not_picked":["Reinforced Body","Reprogram","Barrage"],"picked":"SKIP","floor":14.0},{"not_picked":["Echo Form","Reboot"],"picked":"Electrodynamics","floor":16.0},{"not_picked":["Hello World+1","Beam Cell","Barrage"],"picked":"SKIP","floor":18.0},{"not_picked":["Barrage","Rebound"],"picked":"Coolheaded+1","floor":21.0},{"not_picked":["Melter","Coolheaded"],"picked":"Hologram","floor":24.0},{"not_picked":["Hologram","Stack"],"picked":"Ball Lightning","floor":28.0},{"not_picked":["Rip and Tear","Gash","Barrage"],"picked":"SKIP","floor":30.0},{"not_picked":["Hologram","Cold Snap","Leap"],"picked":"SKIP","floor":31.0}],"player_experience":606152,"relics_obtained":[{"floor":7.0,"key":"StoneCalendar"},{"floor":9.0,"key":"Pantograph"},{"floor":11.0,"key":"Kunai"},{"floor":17.0,"key":"Bag of Marbles"},{"floor":17.0,"key":"Frozen Egg 2"},{"floor":17.0,"key":"Unceasing Top"}],"event_choices":[{"damage_healed":0.0,"max_hp_gain":0.0,"max_hp_loss":0.0,"gold_gain":0.0,"event_name":"betterThird:BetterScrap","player_choice":"LEAVE","floor":3.0,"gold_loss":0.0,"damage_taken":0.0,"cards_obtained":["Reaper"]},{"damage_healed":0.0,"max_hp_gain":0.0,"max_hp_loss":0.0,"gold_gain":0.0,"cards_transformed":["Strike_B","Strike_B"],"event_name":"Drug Dealer","player_choice":"Became Test Subject","floor":20.0,"gold_loss":0.0,"damage_taken":0.0,"cards_obtained":["Reinforced Body","Leap"]},{"damage_healed":0.0,"max_hp_gain":0.0,"max_hp_loss":0.0,"gold_gain":0.0,"event_name":"The Mausoleum","player_choice":"Opened","floor":25.0,"gold_loss":0.0,"damage_taken":0.0,"relics_obtained":["Ginger"]}],"is_beta":false,"boss_relics":[{"not_picked":["Busted Crown","Pandora\u0027s Box"],"picked":"Calling Bell"}],"items_purged_floors":[22],"is_endless":false,"potions_floor_spawned":[1,11,14,16,18,21,24,28],"killed_by":"Automaton","ascension_level":13}}