{"host":"2se5dq1do2gp0x9k","time":1612141228,"event":{"mods":["AchievementEnabler","BaseMod","Block Reminder","Colored Map","Colored Powertips","Minty Spire (QoL Compilation)","Relic Stats","StSLib","SuperFastMode"],"gold_per_floor":[115,40,40,40,1,35,103,103,129,156,167,197,197,209,209,281,281,298,314,70,80,80,80],"floor_reached":22,"language":"ENG","playtime":673,"items_purged":["Strike_G"],"score":504,"play_id":"885ebeef-1bb1-4b7e-8dff-5eb93cad0ca1","local_time":"20210131170028","is_ascension_mode":true,"campfire_choices":[{"data":"Noxious Fumes","floor":8,"key":"SMITH"},{"floor":13,"key":"REST"},{"data":"Noxious Fumes","floor":15,"key":"SMITH"}],"circlet_count":0,"master_deck":["AscendersBane","Strike_G","Strike_G","Strike_G","Strike_G","Defend_G","Defend_G","Defend_G","Defend_G","Defend_G+1","Survivor","Neutralize+1","Blade Dance","Noxious Fumes+1","Accuracy","Tools of the Trade","Noxious Fumes+1","PiercingWail","Deflect","Caltrops","Phantasmal Killer","Dagger Throw","Dash+1","Prepared+1"],"relics":["Ring of the Snake","NeowsBlessing","PreservedInsect","Boot","Eternal Feather","Art of War","StoneCalendar","Happy Flower","HoveringKite","ClockworkSouvenir"],"acts_visited":["Exordium","TheCity"],"potions_floor_usage":[16,22,22],"damage_taken":[{"damage":0,"enemies":"Jaw Worm","floor":1,"turns":1},{"damage":0,"enemies":"Lagavulin","floor":6,"turns":1},{"damage":0,"enemies":"Gremlin Nob","floor":10,"turns":2},{"damage":7,"enemies":"Small Slimes","floor":11,"turns":3},{"damage":17,"enemies":"Lagavulin","floor":12,"turns":6},{"damage":8,"enemies":"Cultist","floor":14,"turns":4},{"damage":11,"enemies":"The Guardian","floor":16,"turns":8},{"damage":3,"enemies":"3 Byrds","floor":18,"turns":4},{"damage":25,"enemies":"Spheric Guardian","floor":19,"turns":6},{"damage":10,"enemies":"Snecko","floor":21,"turns":5},{"damage":21,"enemies":"3 Cultists","floor":22,"turns":4}],"seed_played":"-3621954906847717194","potions_obtained":[{"floor":6,"key":"PowerPotion"},{"floor":12,"key":"AttackPotion"},{"floor":21,"key":"DistilledChaos"}],"is_trial":false,"path_per_floor":["M","$","?","?","$","E","T","R","T","E","M","E","R","M","R","B",null,"M","M","$","M","M"],"character_chosen":"THE_SILENT","items_purchased":["Noxious Fumes","Accuracy","ClockworkSouvenir"],"campfire_rested":1,"item_purchase_floors":[2,5,20],"current_hp_per_floor":[59,59,41,21,21,21,21,30,30,30,23,6,37,29,41,30,57,54,29,29,19,0,0],"gold":80,"neow_bonus":"THREE_ENEMY_KILL","is_daily":false,"chose_seed":false,"campfire_upgraded":2,"win_rate":0.0,"timestamp":1612141228,"path_taken":["M","$","?","?","$","E","?","R","T","E","M","E","R","M","R","BOSS","M","M","$","M","M"],"items_purchased_type":["Card","Card","Relic"],"build_version":"2020-12-22","purchased_purges":1,"victory":false,"max_hp_per_floor":[66,66,66,66,66,66,66,66,66,66,66,66,66,66,66,66,66,66,66,66,66,66,66],"relic_stats":{"Happy Flower":[10],"counters":[11,44],"HoveringKite":[11],"Eternal Feather":33,"StoneCalendar":[52],"PreservedInsect":29,"Art of War":[13],"Boot":[28],"obtain_stats":[{"NeowsBlessing":0,"Happy Flower":12,"HoveringKite":17,"Eternal Feather":7,"StoneCalendar":10,"PreservedInsect":3,"Art of War":9,"Boot":6,"Ring of the Snake":0,"ClockworkSouvenir":20},{"NeowsBlessing":0,"Happy Flower":5,"HoveringKite":7,"Eternal Feather":2,"StoneCalendar":3,"PreservedInsect":1,"Art of War":2,"Boot":2,"Ring of the Snake":0,"ClockworkSouvenir":9},{"NeowsBlessing":0,"Happy Flower":13,"HoveringKite":25,"Eternal Feather":2,"StoneCalendar":4,"PreservedInsect":1,"Art of War":2,"Boot":2,"Ring of the Snake":0,"ClockworkSouvenir":35}],"Ring of the Snake":[22]},"card_choices":[{"not_picked":["Slice","All Out Attack"],"picked":"Blade Dance","floor":1},{"not_picked":["Eviscerate","Underhanded Strike"],"picked":"Tools of the Trade","floor":6},{"not_picked":["Terror","Riddle With Holes"],"picked":"Noxious Fumes","floor":10},{"not_picked":["Reflex","Distraction"],"picked":"PiercingWail","floor":11},{"not_picked":["Prepared","Predator"],"picked":"Deflect","floor":12},{"not_picked":["Skewer","Well Laid Plans"],"picked":"Caltrops","floor":14},{"not_picked":["Bullet Time","Venomology"],"picked":"Phantasmal Killer","floor":16},{"not_picked":["Outmaneuver","All Out Attack"],"picked":"Dagger Throw","floor":18},{"not_picked":["Leg Sweep","Caltrops"],"picked":"Dash+1","floor":19},{"not_picked":["Bane+1","Underhanded Strike"],"picked":"Prepared+1","floor":21}],"player_experience":4030999,"relics_obtained":[{"floor":6,"key":"Boot"},{"floor":7,"key":"Eternal Feather"},{"floor":9,"key":"Art of War"},{"floor":10,"key":"StoneCalendar"},{"floor":12,"key":"Happy Flower"}],"event_choices":[{"damage_healed":0,"gold_gain":0,"player_choice":"Success","damage_taken":18,"relics_obtained":["PreservedInsect"],"max_hp_gain":0,"max_hp_loss":0,"event_name":"Scrap Ooze","floor":3,"gold_loss":0},{"damage_healed":0,"gold_gain":0,"player_choice":"Entered Light","damage_taken":20,"max_hp_gain":0,"max_hp_loss":0,"event_name":"Shining Light","floor":4,"gold_loss":0,"cards_upgraded":["Defend_G","Neutralize"]}],"is_beta":false,"boss_relics":[{"not_picked":["SlaversCollar","Empty Cage"],"picked":"HoveringKite"}],"items_purged_floors":[20],"is_endless":false,"potions_floor_spawned":[6,12,14,21],"killed_by":"3 Cultists","ascension_level":20}}