{"host":"za9ilm1uiwmpmin1","time":1612209708,"event":{"mods":["AchievementEnabler","Act Like it!","Arknights","BaseMod","Dota2Spire","Downfall","Friendly Minions","Lobotomy","LobotomyExtend","Minty Spire (QoL Compilation)","MostiFishMod","Reorder Act Four","RumiaBox-露米娅的神秘盒子","StSLib","TestMod","Waifu the Spire","[IsaacMod]以撒尖塔","【功能Mod】混沌之环修复补丁"],"gold_per_floor":[111,111,61,61,74,119,119,119,119,135,162,177,213,175,175,299,299,321,367,292,292,323,369,169,212,265,265,265,265,285,328,328,464,464,489,426,449,474,474,474,399,438,512,529,573,596,644,668,668,681,681,681,593,593,630,638],"floor_reached":57,"language":"ZHS","playtime":1524,"items_purged":["ats:Strike V","ats:Strike S","ats:Defend","ats:Defend","ats:Defend","ats:Defend","ats:Armor Crushing Shot"],"score":1980,"play_id":"062af0b5-5281-4128-90af-3332de0d5cef","local_time":"20210202040148","is_ascension_mode":true,"campfire_choices":[{"floor":7.0,"key":"RECALL"},{"data":"ats:Flexible Camouflage","floor":15.0,"key":"SMITH"},{"data":"ats:Roar Of Ursus","floor":27,"key":"SMITH"},{"data":"ats:Closed Bolt Burst Fire","floor":29,"key":"SMITH"},{"data":"ats:Calcification","floor":32,"key":"SMITH"},{"data":"ats:Echo Reverb","floor":40,"key":"SMITH"},{"data":"ats:Demon Strength","floor":49,"key":"SMITH"},{"data":"ats:Hook Shot","floor":54,"key":"SMITH"}],"circlet_count":0,"master_deck":["ats:Emotion Absorption+1","ats:Leaping Hammer+1","ats:Closed Bolt Burst Fire+1","ats:Calcification+1","ats:Demon Strength+1","ats:Flexible Camouflage+1","ats:Disruption Kick","ats:Assault Order+1","ats:Roar Of Ursus+1","ats:Hook Shot+1","ats:Echo Reverb+1","ats:Mental Burst+1"],"relics":["DaveBox","HushsDoor","OriginationStaff","testmod-TestBox","testmod-DeterminationOfClimber","SteamSale","PatriotShield","Runic Pyramid","SynthV:TestCard","LetterFromLob","Golden Idol","ats:Originium","ZombieArmy","testmod-Déjàvu","Sozu","SatanicBible","Red Mask","Dota2Spire:Vanguard","Medical Kit","Bronze Scales","Anchor","GnawedLeaf","DeathBook","testmod-BatchProcessingSystem","testmod-RealStoneCalender","GodSword4","Letter Opener","ats:Spiritual Recovery","SalivaCoin"],"acts_visited":["Exordium","TheCity","TheBeyond","TheEnding"],"potions_floor_usage":[56,56,56],"damage_taken":[{"damage":0.0,"enemies":"Jaw Worm","floor":1.0,"turns":1.0},{"damage":0.0,"enemies":"Small Slimes","floor":5.0,"turns":2.0},{"damage":0.0,"enemies":"Lagavulin","floor":6.0,"turns":2.0},{"damage":0.0,"enemies":"2 Louse","floor":10.0,"turns":1.0},{"damage":0.0,"enemies":"2 Fungi Beasts","floor":11.0,"turns":1.0},{"damage":0.0,"enemies":"3 Louse","floor":12.0,"turns":2.0},{"damage":0.0,"enemies":"Gremlin Nob","floor":13.0,"turns":2.0},{"damage":0.0,"enemies":"The Guardian","floor":16.0,"turns":2.0},{"damage":0.0,"enemies":"Shell Parasite","floor":18.0,"turns":2.0},{"damage":0.0,"enemies":"Masked Bandits","floor":19.0,"turns":2.0},{"damage":0.0,"enemies":"2 Thieves","floor":22.0,"turns":3.0},{"damage":0.0,"enemies":"Gremlin Leader","floor":23.0,"turns":2.0},{"damage":0,"enemies":"Slavers","floor":25,"turns":2},{"damage":0,"enemies":"Shelled Parasite and Fungi","floor":30,"turns":2},{"damage":0,"enemies":"Book of Stabbing","floor":31,"turns":1},{"damage":0,"enemies":"Champ","floor":33,"turns":2},{"damage":0,"enemies":"3 Darklings","floor":35,"turns":2},{"damage":0,"enemies":"3 Shapes","floor":37,"turns":1},{"damage":0,"enemies":"Writhing Mass","floor":38,"turns":1},{"damage":0,"enemies":"Nemesis","floor":42,"turns":1},{"damage":0,"enemies":"3 Darklings","floor":44,"turns":1},{"damage":0,"enemies":"Reptomancer","floor":45,"turns":1},{"damage":0,"enemies":"Maw","floor":46,"turns":1},{"damage":0,"enemies":"Nemesis","floor":47,"turns":1},{"damage":0,"enemies":"4 Shapes","floor":48,"turns":1},{"damage":0,"enemies":"Awakened One","floor":50,"turns":2},{"damage":0,"enemies":"Shield and Spear","floor":55,"turns":1},{"damage":0,"enemies":"The Heart","floor":56,"turns":1}],"seed_played":"6969869334959418411","potions_obtained":[{"floor":6.0,"key":"Energy Potion"},{"floor":10.0,"key":"BlessingOfTheForge"},{"floor":11.0,"key":"Fire Potion"},{"floor":12.0,"key":"ColorlessPotion"}],"is_trial":false,"path_per_floor":["M","?","?","?","M","E","R","?","T","M","M","M","E","$","R","B",null,"M","?","?","?","M","E","$","E","T","R","T","R","M","E","R","B",null,"M","$","M","M","?","R","$","E","T","M","E","M","E","M","R","B",null,null,"$","R","E","B",null],"character_chosen":"DOCTOR_CLASS","items_purchased":["SatanicBible","Medical Kit","ats:Roar Of Ursus"],"campfire_rested":0,"item_purchase_floors":[17,24,24],"current_hp_per_floor":[72,54,54,54,54,56,56,61,61,62,64,65,66,66,66,73,62,62,62,62,51,60,66,66,67,67,67,67,67,67,67,67,67,60,60,60,60,60,57,57,57,57,57,57,57,57,57,57,57,57,57,57,57,57,57,57],"gold":638,"neow_bonus":"BOSS_RELIC","is_daily":false,"chose_seed":false,"campfire_upgraded":7,"win_rate":0.0,"timestamp":1612209708,"path_taken":["M","?","?","?","?","E","R","?","T","M","M","M","E","?","R","BOSS","M","?","?","?","M","E","?","E","T","R","?","R","M","E","R","BOSS","M","$","M","M","?","R","?","E","T","M","E","?","E","M","R","BOSS","$","R","E","BOSS"],"items_purchased_type":["Relic","Relic","Card"],"build_version":"2020-12-22","purchased_purges":7,"victory":true,"max_hp_per_floor":[72,72,72,72,72,72,72,77,77,77,77,77,77,77,77,77,62,62,62,62,67,67,67,67,67,67,67,67,67,67,67,67,67,60,60,60,60,60,57,57,57,57,57,57,57,57,57,57,57,57,57,57,57,57,57,57],"card_choices":[{"not_picked":["ats:Revitalization","ats:Powerful Strike"],"picked":"ats:Leaping Hammer","floor":1.0},{"not_picked":["ats:Shell Defense","ats:Apocalypse","ats:Revitalization","ats:Sashimi Platter","ats:Ignite"],"picked":"SKIP","floor":5.0},{"not_picked":["ats:Apocalypse","ats:Blood Oath","ats:Ignite","ats:Revitalization","ats:Literary Storm"],"picked":"SKIP","floor":6.0},{"not_picked":["ats:Guard Mode","ats:Magnetic Hammer","ats:Guardian Obelisk","ats:Apocalypse"],"picked":"ats:Closed Bolt Burst Fire","floor":10.0},{"not_picked":["ats:Consecutive Shot Auto","ats:Leaping Hammer","ats:Hook Shot","ats:LN2 Cannon"],"picked":"ats:Calcification","floor":11.0},{"not_picked":["ats:Shell Defense","ats:Burning Ground","ats:Defend Order","ats:Hammer On"],"picked":"ats:Demon Strength","floor":12.0},{"not_picked":["ats:Literary Storm","ats:Apocalypse","ats:Healing Strengthening","ats:Healing Drone"],"picked":"ats:Flexible Camouflage","floor":13.0},{"not_picked":["ats:Dogmatic Field","ats:Fractured Body","ats:Rat Pack","ats:Wolf Pack"],"picked":"ats:Disruption Kick","floor":16.0},{"not_picked":["ats:Curse Doll+1","ats:Poison Spread+1","ats:Guard Mode","ats:Composite Medical Shells","ats:Flexible Camouflage"],"picked":"SKIP","floor":18.0},{"not_picked":["ats:Hammer On","ats:Guard Mode","ats:LN2 Cannon","ats:Overload","ats:Apocalypse"],"picked":"SKIP","floor":22.0},{"not_picked":["ats:Flame Of Heaven+1","ats:Explosion Area Strengthen","ats:Thermite Blade","ats:Guard Mode"],"picked":"ats:Assault Order+1","floor":23.0},{"not_picked":["ats:Closed Bolt Burst Fire+1","ats:Automatic Cover","ats:LN2 Cannon+1","ats:True Silver Slash","ats:Flame Of Heaven"],"picked":"SKIP","floor":25},{"not_picked":["ats:Explosion Area Strengthen","ats:Guardian Obelisk","ats:Shadow Raid","ats:Sashimi Platter","ats:Curse Doll"],"picked":"SKIP","floor":30},{"not_picked":["ats:Leaping Hammer","ats:Absolute Focus","ats:Curse Doll","ats:Flexible Camouflage"],"picked":"ats:Hook Shot","floor":31},{"not_picked":["ats:Wolf Pack","ats:Durian","ats:True Silver Slash","ats:Soul Rend"],"picked":"ats:Echo Reverb","floor":33},{"not_picked":["ats:Chain Hook","ats:Consecutive Shot Auto+1","ats:Hammer On","ats:Shadow Raid"],"picked":"ats:Mental Burst+1","floor":35},{"not_picked":["ats:Phantom+1","ats:Closed Bolt Burst Fire+1","ats:Assault Order","ats:Charging Defense","ats:Sashimi Platter"],"picked":"SKIP","floor":37},{"not_picked":["ats:Hammer On","ats:Poison Spread+1","ats:Assault Order","ats:Shell Defense+1","ats:Support Order"],"picked":"SKIP","floor":38},{"not_picked":["ats:Phantom+1","ats:Curse Doll+1","ats:Powerful Strike","ats:Revitalization","ats:Ignite"],"picked":"SKIP","floor":42},{"not_picked":["ats:Very Hot Blade+1","ats:Closed Bolt Burst Fire","ats:Powerful Strike+1","ats:Poison Spread+1","ats:Chain Hook+1"],"picked":"SKIP","floor":44},{"not_picked":["ats:Calcification","ats:Sword Rain+1","ats:Magnetic Hammer+1","ats:Closed Bolt Burst Fire+1","ats:Very Hot Blade+1"],"picked":"SKIP","floor":45},{"not_picked":["ats:Spore Proliferation","ats:Closed Bolt Burst Fire","ats:Composite Medical Shells+1","ats:Curse Doll","ats:Soul Absorption"],"picked":"SKIP","floor":46},{"not_picked":["ats:Spore Proliferation","ats:Closed Bolt Burst Fire","ats:Composite Medical Shells+1","ats:Curse Doll","ats:Soul Absorption"],"picked":"SKIP","floor":46},{"not_picked":["ats:Neurotoxin","ats:Shell Defense","ats:Absolute Focus","ats:Thorns","ats:Apocalypse+1"],"picked":"SKIP","floor":47},{"not_picked":["ats:Chain Hook+1","ats:Curse Doll+1","ats:Flexible Camouflage+1","ats:Closed Bolt Burst Fire+1","ats:Neurotoxin"],"picked":"SKIP","floor":48},{"not_picked":["ats:Explosion Area Strengthen+1","ats:Encircling Forest+1","ats:Nebulous Foxfire","ats:Chain Hook+1","ats:Very Hot Blade+1"],"picked":"SKIP","floor":55}],"player_experience":918684,"relics_obtained":[{"floor":1.0,"key":"SynthV:TestCard"},{"floor":1.0,"key":"LetterFromLob"},{"floor":6.0,"key":"ats:Originium"},{"floor":6.0,"key":"ZombieArmy"},{"floor":13.0,"key":"ats:Originium"},{"floor":13.0,"key":"testmod-Déjàvu"},{"floor":19.0,"key":"Red Mask"},{"floor":23.0,"key":"ats:Originium"},{"floor":23.0,"key":"Dota2Spire:Vanguard"},{"floor":25,"key":"ats:Originium"},{"floor":25,"key":"Bronze Scales"},{"floor":26,"key":"Anchor"},{"floor":28,"key":"GnawedLeaf"},{"floor":31,"key":"DeathBook"},{"floor":42,"key":"testmod-RealStoneCalender"},{"floor":43,"key":"GodSword4"},{"floor":45,"key":"Letter Opener"},{"floor":47,"key":"ats:Spiritual Recovery"},{"floor":55,"key":"SalivaCoin"}],"event_choices":[{"damage_healed":0.0,"max_hp_gain":0.0,"max_hp_loss":0.0,"gold_gain":0.0,"event_name":"Golden Idol","player_choice":"Take Damage","floor":2.0,"gold_loss":0.0,"damage_taken":18.0,"relics_obtained":["Golden Idol"]},{"cards_removed":["ats:Strike G"],"damage_healed":0.0,"max_hp_gain":0.0,"max_hp_loss":0.0,"gold_gain":0.0,"event_name":"The Cleric","player_choice":"Card Removal","floor":3.0,"gold_loss":50.0,"damage_taken":0.0},{"damage_healed":0.0,"max_hp_gain":0.0,"max_hp_loss":0.0,"gold_gain":0.0,"event_name":"给自己的盒子","player_choice":"Swap Relic","floor":4.0,"relics_lost":["Technique"],"gold_loss":0.0,"damage_taken":0.0,"relics_obtained":["Technique"]},{"damage_healed":0.0,"max_hp_gain":5.0,"max_hp_loss":0.0,"gold_gain":0.0,"event_name":"Big Fish","player_choice":"Donut","floor":8.0,"gold_loss":0.0,"damage_taken":0.0},{"damage_healed":0.0,"max_hp_gain":0.0,"max_hp_loss":0.0,"gold_gain":0.0,"event_name":"Masked Bandits","player_choice":"Fought Bandits","floor":19.0,"gold_loss":0.0,"damage_taken":0.0},{"cards_removed":["ats:Strike C"],"damage_healed":0.0,"max_hp_gain":0.0,"max_hp_loss":0.0,"gold_gain":0.0,"event_name":"Beggar","player_choice":"Gave Gold","floor":20.0,"gold_loss":75.0,"damage_taken":0.0},{"damage_healed":0.0,"max_hp_gain":5.0,"max_hp_loss":0.0,"gold_gain":0.0,"event_name":"Forgotten Altar","player_choice":"Shed Blood","floor":21.0,"gold_loss":0.0,"damage_taken":16.0},{"damage_healed":0,"gold_gain":0,"player_choice":"Max HP","damage_taken":0,"max_hp_gain":0,"max_hp_loss":3,"event_name":"Winding Halls","floor":39,"gold_loss":0}],"is_beta":false,"boss_relics":[{"not_picked":["SoulBox","testmod-Fanaticism"],"picked":"Sozu"},{"not_picked":[]},{"not_picked":["xbg","Busted Crown"],"picked":"testmod-BatchProcessingSystem"},{"not_picked":[]}],"items_purged_floors":[14,17,24,34,36,41,53],"is_endless":false,"potions_floor_spawned":[6,10,11,12,19,22,25,31,33,35,42,44,45,48,55],"ascension_level":1}}