{"host":"edndssuekvzbh3is","time":1612156616,"event":{"mods":["BaseMod","Colored Map","Colored Powertips","Minty Spire (QoL Compilation)","SuperFastMode"],"gold_per_floor":[113,128,128,142,142,142,153,184,264,264,81,81,96,112,112,213,213,228,243,243,61,76,76,110,121,176,176,192,202,202,202],"floor_reached":30,"language":"ENG","playtime":747,"items_purged":["Strike_B","Strike_B"],"score":279,"play_id":"52ce9068-9f36-4db2-9ca1-b1241ce65bfd","local_time":"20210201001656","is_ascension_mode":true,"campfire_choices":[{"data":"Doom and Gloom","floor":6,"key":"SMITH"},{"data":"Defragment","floor":10,"key":"SMITH"},{"data":"Loop","floor":12,"key":"SMITH"},{"floor":15,"key":"REST"},{"data":"Go for the Eyes","floor":23,"key":"SMITH"},{"floor":27,"key":"REST"}],"circlet_count":0,"master_deck":["Strike_B","Strike_B","Defend_B","Defend_B","Defend_B","Defend_B","Zap","Dualcast","Cold Snap","Doom and Gloom+1","Seek","Storm","Defragment+1","Loop+1","BootSequence","Go for the Eyes+1","Cold Snap","Steam+1","Fusion","Amplify","Ball Lightning","Turbo","Rebound","Darkness+1","Genetic Algorithm"],"relics":["Cracked Core","Orichalcum","Bottled Lightning","Bird Faced Urn","Blue Candle","Inserter","Vajra","Toy Ornithopter"],"acts_visited":["Exordium","TheCity"],"potions_floor_usage":[8,16,19,24,29],"damage_taken":[{"damage":0,"enemies":"Small Slimes","floor":1,"turns":3},{"damage":2,"enemies":"Jaw Worm","floor":2,"turns":3},{"damage":8,"enemies":"2 Louse","floor":4,"turns":2},{"damage":18,"enemies":"Exordium Thugs","floor":7,"turns":3},{"damage":23,"enemies":"Lagavulin","floor":8,"turns":5},{"damage":7,"enemies":"Red Slaver","floor":13,"turns":3},{"damage":0,"enemies":"Exordium Wildlife","floor":14,"turns":3},{"damage":21,"enemies":"Hexaghost","floor":16,"turns":7},{"damage":0,"enemies":"Shell Parasite","floor":18,"turns":5},{"damage":11,"enemies":"3 Byrds","floor":19,"turns":3},{"damage":15,"enemies":"Snake Plant","floor":22,"turns":4},{"damage":42,"enemies":"Gremlin Leader","floor":24,"turns":5},{"damage":21,"enemies":"3 Cultists","floor":25,"turns":5},{"damage":30,"enemies":"Centurion and Healer","floor":28,"turns":6},{"damage":7,"enemies":"Snecko","floor":29,"turns":5},{"damage":24,"enemies":"Slavers","floor":30,"turns":1}],"seed_played":"7160866978707086964","potions_obtained":[{"floor":2,"key":"SteroidPotion"},{"floor":8,"key":"Ancient Potion"},{"floor":14,"key":"Explosive Potion"},{"floor":16,"key":"Energy Potion"},{"floor":19,"key":"DuplicationPotion"},{"floor":22,"key":"ColorlessPotion"},{"floor":29,"key":"SpeedPotion"}],"is_trial":false,"path_per_floor":["M","M","?","M","T","R","M","E","T","R","$","R","M","M","R","B",null,"M","M","?","$","M","R","E","M","T","R","M","M","E"],"character_chosen":"DEFECT","items_purchased":["Loop","BootSequence","Amplify"],"campfire_rested":2,"item_purchase_floors":[11,11,21],"current_hp_per_floor":[75,73,78,70,70,70,52,29,29,29,29,29,26,30,54,39,80,80,69,69,69,62,62,24,9,9,33,11,17,0,0],"gold":202,"neow_bonus":"RANDOM_COMMON_RELIC","is_daily":false,"chose_seed":false,"campfire_upgraded":4,"win_rate":0.0,"timestamp":1612156616,"path_taken":["M","M","?","M","?","R","M","E","T","R","?","R","M","M","R","BOSS","M","M","?","$","M","R","E","M","T","R","M","M","E"],"items_purchased_type":["Card","Card","Card"],"build_version":"2020-12-22","purchased_purges":2,"victory":false,"max_hp_per_floor":[75,75,80,80,80,80,80,80,80,80,80,80,80,80,80,80,80,80,80,80,80,80,80,80,80,80,80,80,80,80,80],"card_choices":[{"not_picked":["Lockon","Steam"],"picked":"Cold Snap","floor":1},{"not_picked":["Genetic Algorithm","Go for the Eyes"],"picked":"Doom and Gloom","floor":2},{"not_picked":["Tempest","Cold Snap"],"picked":"Seek","floor":4},{"not_picked":["Recycle","Gash"],"picked":"Storm","floor":7},{"not_picked":["Blizzard","All For One"],"picked":"Defragment","floor":8},{"not_picked":["Scrape","Hologram"],"picked":"Go for the Eyes","floor":13},{"not_picked":["Go for the Eyes","Streamline"],"picked":"Cold Snap","floor":14},{"not_picked":["Rebound","Heatsinks"],"picked":"Steam+1","floor":18},{"not_picked":["Barrage","Coolheaded"],"picked":"Fusion","floor":19},{"not_picked":["Reprogram+1","Steam"],"picked":"Ball Lightning","floor":22},{"not_picked":["Barrage","Go for the Eyes+1"],"picked":"Turbo","floor":24},{"not_picked":["Streamline","Redo"],"picked":"Rebound","floor":25},{"not_picked":["Beam Cell","Storm"],"picked":"Darkness+1","floor":28},{"not_picked":["Fusion","Coolheaded"],"picked":"Genetic Algorithm","floor":29}],"player_experience":344256,"relics_obtained":[{"floor":5,"key":"Bottled Lightning"},{"floor":8,"key":"Bird Faced Urn"},{"floor":9,"key":"Blue Candle"},{"floor":24,"key":"Vajra"},{"floor":26,"key":"Toy Ornithopter"}],"event_choices":[{"damage_healed":0,"gold_gain":0,"player_choice":"Donut","damage_taken":0,"max_hp_gain":5,"max_hp_loss":0,"event_name":"Big Fish","floor":3,"gold_loss":0},{"damage_healed":0,"gold_gain":0,"player_choice":"Ignored","damage_taken":0,"max_hp_gain":0,"max_hp_loss":0,"event_name":"Vampires","floor":20,"gold_loss":0}],"is_beta":false,"boss_relics":[{"not_picked":["SacredBark","Calling Bell"],"picked":"Inserter"}],"items_purged_floors":[11,21],"is_endless":false,"potions_floor_spawned":[2,8,14,16,19,22,29],"killed_by":"Slavers","ascension_level":2}}