{"host":"gaqyve1328ta0etl","time":1612170498,"event":{"mods":["BaseMod","Colored Map","Colored Powertips","Googly Eyes","Minty Spire (QoL Compilation)","Shop Mod","StSLib","SuperFastMode","The Hierophant","The Runesmith"],"gold_per_floor":[117,117,131,56,56,56,66,66,136,136,150,150,177,207,219,332,344,376,38,38,54,54,54],"floor_reached":22,"language":"ENG","playtime":687,"items_purged":["Strike_R","Strike_R"],"score":294,"play_id":"444da013-03ea-4650-b7fc-dc441240feae","local_time":"20210201010818","is_ascension_mode":true,"campfire_choices":[{"data":"Twin Strike","floor":6,"key":"SMITH"},{"data":"True Grit","floor":10,"key":"SMITH"},{"data":"Body Slam","floor":12,"key":"SMITH"},{"data":"Offering","floor":15,"key":"SMITH"}],"circlet_count":0,"master_deck":["AscendersBane","Strike_R","Defend_R","Defend_R","Defend_R","Defend_R","Bash+1","Twin Strike+1","True Grit+1","Body Slam+1","Offering+1","Reaper","Shrug It Off"],"relics":["Black Blood","CaptainsWheel","White Beast Statue","MawBank","Membership Card","Eternal Feather"],"acts_visited":["Exordium","TheCity"],"potions_floor_usage":[13,13,16,18,21,22],"damage_taken":[{"damage":15,"enemies":"Small Slimes","floor":1,"turns":4},{"damage":1,"enemies":"Cultist","floor":3,"turns":3},{"damage":7,"enemies":"2 Louse","floor":7,"turns":3},{"damage":0,"enemies":"Large Slime","floor":11,"turns":4},{"damage":16,"enemies":"3 Sentries","floor":13,"turns":8},{"damage":11,"enemies":"Red Slaver","floor":14,"turns":2},{"damage":34,"enemies":"The Guardian","floor":16,"turns":13},{"damage":27,"enemies":"3 Byrds","floor":18,"turns":4},{"damage":6,"enemies":"Shell Parasite","floor":21,"turns":4},{"damage":81,"enemies":"Cultist and Chosen","floor":22,"turns":10}],"seed_played":"-7342357551830514080","potions_obtained":[{"floor":7,"key":"Fire Potion"},{"floor":11,"key":"LiquidBronze"},{"floor":13,"key":"Dexterity Potion"},{"floor":14,"key":"LiquidBronze"},{"floor":16,"key":"Ancient Potion"},{"floor":18,"key":"Fire Potion"},{"floor":21,"key":"AttackPotion"}],"is_trial":false,"path_per_floor":["M","?","M","$","$","R","M","?","T","R","M","R","E","M","R","B",null,"M","$","?","M","M"],"character_chosen":"IRONCLAD","items_purchased":["Membership Card","Shrug It Off","Eternal Feather"],"campfire_rested":0,"item_purchase_floors":[19,19,19],"current_hp_per_floor":[63,63,68,68,68,68,67,67,67,67,72,72,62,57,57,29,61,54,54,54,60,0,0],"gold":54,"neow_bonus":"ONE_RARE_RELIC","is_daily":false,"chose_seed":false,"campfire_upgraded":4,"win_rate":0.0,"timestamp":1612170498,"path_taken":["M","?","M","?","$","R","?","?","T","R","M","R","E","M","R","BOSS","M","$","?","?","M"],"items_purchased_type":["Relic","Card","Relic"],"build_version":"2020-12-22","purchased_purges":2,"victory":false,"max_hp_per_floor":[72,72,72,72,72,72,72,72,72,72,72,72,72,72,72,72,72,72,72,72,72,72,72],"card_choices":[{"not_picked":["Warcry","Carnage","Dark Embrace"],"picked":"SKIP","floor":1},{"not_picked":["True Grit","Anger"],"picked":"Twin Strike","floor":3},{"not_picked":["Second Wind","Combust"],"picked":"True Grit","floor":7},{"not_picked":["Clothesline","Reckless Charge"],"picked":"Body Slam","floor":11},{"not_picked":["Rampage","Clothesline"],"picked":"Offering","floor":13},{"not_picked":["Perfected Strike","Headbutt","Uppercut"],"picked":"SKIP","floor":14},{"not_picked":["Impervious","Berserk"],"picked":"Reaper","floor":16},{"not_picked":["Intimidate","Infernal Blade","Perfected Strike"],"picked":"SKIP","floor":18},{"not_picked":["Sentinel","Pommel Strike","Headbutt"],"picked":"SKIP","floor":21}],"player_experience":2066477,"relics_obtained":[{"floor":9,"key":"White Beast Statue"},{"floor":13,"key":"MawBank"}],"event_choices":[{"damage_healed":0,"gold_gain":0,"player_choice":"Upgraded","damage_taken":0,"max_hp_gain":0,"max_hp_loss":0,"event_name":"Upgrade Shrine","floor":2,"gold_loss":0,"cards_upgraded":["Bash"]},{"cards_removed":["Strike_R"],"damage_healed":0,"gold_gain":0,"player_choice":"Forget","damage_taken":0,"max_hp_gain":0,"max_hp_loss":0,"event_name":"Living Wall","floor":8,"gold_loss":0},{"cards_removed":["Strike_R"],"damage_healed":0,"gold_gain":0,"player_choice":"Offered Basic","damage_taken":0,"max_hp_gain":0,"max_hp_loss":0,"event_name":"Bonfire Elementals","floor":20,"gold_loss":0}],"is_beta":false,"boss_relics":[{"not_picked":["Velvet Choker","Ectoplasm"],"picked":"Black Blood"}],"items_purged_floors":[4,19],"is_endless":false,"potions_floor_spawned":[7,11,13,14,16,18,21],"killed_by":"Cultist and Chosen","ascension_level":12}}