{"host":"u1dfzl6o6mfmauc3","time":1612145840,"event":{"mods":["2.2 Compatiblity","AchievementEnabler","BaseMod","Bestiary","Block Reminder","Challenge The Spire","Colored Map","Dark Map","Hermit","Minty Spire (QoL Compilation)","Random Character Button","Rare Cards Sparkle","Relic Stats","Robot Space Explorer","StSLib","The Disciple"],"gold_per_floor":[119,294,294,76,87,113,113,127,127,161,173,18,44,44,44,148,148,160,8,24,24,41,41,69,69,99,99,134,167,167,167,167,181,181,181,281,281,298,312,94,111,111,131,166,182,208,289,289,322,322,269,288,288,299,299,299,299,299,98,133,133],"floor_reached":62,"language":"ENG","playtime":3600,"items_purged":["Doubt","RobotSpaceExplorer:Strike"],"score":1914,"play_id":"5593d02f-a941-41a9-9223-0700dced22a8","local_time":"20210131211720","is_ascension_mode":true,"campfire_choices":[{"data":"RobotSpaceExplorer:Fix","floor":7,"key":"SMITH"},{"data":"RobotSpaceExplorer:TurboDodge","floor":15,"key":"SMITH"},{"data":"RobotSpaceExplorer:Discharger","floor":23,"key":"SMITH"},{"data":"RobotSpaceExplorer:ChargingLaser","floor":30,"key":"SMITH"},{"data":"RobotSpaceExplorer:HighVoltage","floor":32,"key":"SMITH"},{"data":"RobotSpaceExplorer:Calculate","floor":34,"key":"SMITH"},{"data":"RobotSpaceExplorer:StarLightning","floor":35,"key":"SMITH"},{"data":"RobotSpaceExplorer:TrailblazerForm","floor":50,"key":"SMITH"},{"data":"RobotSpaceExplorer:Electroshield","floor":53,"key":"SMITH"},{"floor":55,"key":"RECALL"},{"data":"RobotSpaceExplorer:Smokescreen","floor":58,"key":"SMITH"}],"circlet_count":0,"master_deck":["RobotSpaceExplorer:Strike","RobotSpaceExplorer:Strike","RobotSpaceExplorer:Strike","RobotSpaceExplorer:Defend","RobotSpaceExplorer:Defend+1","RobotSpaceExplorer:Defend","RobotSpaceExplorer:Defend","RobotSpaceExplorer:Scan+1","RobotSpaceExplorer:MiniLasers","RobotSpaceExplorer:StarLightning+1","RobotSpaceExplorer:Fix+1","RobotSpaceExplorer:Discharger+1","RobotSpaceExplorer:Smokescreen+1","RobotSpaceExplorer:ShockKick+1","RobotSpaceExplorer:ExhaustFan+1","RobotSpaceExplorer:TurboDodge+1","RobotSpaceExplorer:HighVoltage+1","RobotSpaceExplorer:SurgingStrike","RobotSpaceExplorer:SurgingShield+1","RobotSpaceExplorer:Electroshield+1","RobotSpaceExplorer:ChargingLaser+1","RobotSpaceExplorer:Calculate+1","RobotSpaceExplorer:DroneSwarm","RobotSpaceExplorer:TrailblazerForm+1","RobotSpaceExplorer:DoubleBlock+1"],"relics":["Runic Pyramid","PreservedInsect","White Beast Statue","Mercury Hourglass","Pen Nib","War Paint","MealTicket","SacredBark","RobotSpaceExplorer:FoglandsKnife","RobotSpaceExplorer:PlasmaHourglass","Eternal Feather","Orichalcum","Red Mask","FaceOfCleric","Coffee Dripper","Anchor","Ginger","Omamori","Ornamental Fan","Lantern","Mummified Hand","Medical Kit","Bottled Tornado"],"acts_visited":["Exordium","TheCity","TheBeyond","TheEnding"],"potions_floor_usage":[10,13,18,24,26,28,29,29,36,38,41,49,54,56,60,61,61,61],"damage_taken":[{"damage":0,"enemies":"Jaw Worm","floor":1,"turns":3},{"damage":0,"enemies":"Small Slimes","floor":5,"turns":3},{"damage":5,"enemies":"3 Sentries","floor":6,"turns":7},{"damage":1,"enemies":"Cultist","floor":8,"turns":4},{"damage":15,"enemies":"Gremlin Nob","floor":10,"turns":4},{"damage":3,"enemies":"Blue Slaver","floor":11,"turns":4},{"damage":11,"enemies":"Lagavulin","floor":13,"turns":5},{"damage":0,"enemies":"Hexaghost","floor":16,"turns":11},{"damage":6,"enemies":"3 Byrds","floor":18,"turns":4},{"damage":8,"enemies":"Shell Parasite","floor":20,"turns":6},{"damage":7,"enemies":"Cultist and Chosen","floor":22,"turns":5},{"damage":24,"enemies":"Book of Stabbing","floor":24,"turns":5},{"damage":0,"enemies":"Gremlin Leader","floor":26,"turns":3},{"damage":8,"enemies":"Slavers","floor":28,"turns":2},{"damage":0,"enemies":"Masked Bandits","floor":29,"turns":2},{"damage":6,"enemies":"Centurion and Healer","floor":33,"turns":6},{"damage":16,"enemies":"Collector","floor":36,"turns":8},{"damage":8,"enemies":"3 Darklings","floor":38,"turns":4},{"damage":9,"enemies":"3 Shapes","floor":39,"turns":4},{"damage":22,"enemies":"Spire Growth","floor":41,"turns":6},{"damage":11,"enemies":"4 Shapes","floor":43,"turns":5},{"damage":0,"enemies":"Reptomancer","floor":44,"turns":6},{"damage":10,"enemies":"Maw","floor":45,"turns":7},{"damage":9,"enemies":"Giant Head","floor":46,"turns":8},{"damage":0,"enemies":"Reptomancer","floor":49,"turns":5},{"damage":21,"enemies":"3 Darklings","floor":52,"turns":6},{"damage":25,"enemies":"Writhing Mass","floor":54,"turns":5},{"damage":7,"enemies":"Awakened One","floor":56,"turns":11},{"damage":21,"enemies":"Shield and Spear","floor":60,"turns":5},{"damage":2,"enemies":"The Heart","floor":61,"turns":9}],"seed_played":"4865844299231195359","potions_obtained":[{"floor":5,"key":"Swift Potion"},{"floor":8,"key":"Block Potion"},{"floor":10,"key":"Fire Potion"},{"floor":11,"key":"Weak Potion"},{"floor":13,"key":"Block Potion"},{"floor":16,"key":"RobotSpaceExplorer:RecyclePotion"},{"floor":18,"key":"Weak Potion"},{"floor":24,"key":"DistilledChaos"},{"floor":26,"key":"SkillPotion"},{"floor":28,"key":"Energy Potion"},{"floor":29,"key":"DuplicationPotion"},{"floor":33,"key":"Energy Potion"},{"floor":36,"key":"DuplicationPotion"},{"floor":38,"key":"RobotSpaceExplorer:RecyclePotion"},{"floor":41,"key":"Explosive Potion"},{"floor":46,"key":"GamblersBrew"},{"floor":49,"key":"PowerPotion"},{"floor":54,"key":"RobotSpaceExplorer:RecyclePotion"},{"floor":60,"key":"Swift Potion"}],"is_trial":false,"path_per_floor":["M","?","?","$","M","E","R","M","T","E","M","$","E","?","R","B",null,"M","$","M","?","M","R","E","$","E","T","E","?","R","?","R","M","R","R","B",null,"M","M","$","M","$","M","E","M","E","T","T","E","R","?","M","R","M","R","B",null,"R","$","E","B",null],"character_chosen":"RobotSpaceExplorer","items_purchased":["PreservedInsect","War Paint","Block Potion","Anchor","RobotSpaceExplorer:TrailblazerForm","Medical Kit","PowerPotion"],"campfire_rested":0,"item_purchase_floors":[4,12,19,40,40,59,59],"current_hp_per_floor":[68,68,73,73,73,72,72,77,77,62,65,65,60,44,44,50,73,73,80,78,78,73,73,55,70,76,76,68,68,80,80,80,76,81,81,72,80,75,73,84,69,84,80,87,84,80,80,80,81,90,90,76,88,70,82,82,90,93,93,79,84],"gold":133,"neow_bonus":"BOSS_RELIC","is_daily":false,"chose_seed":false,"campfire_upgraded":10,"win_rate":0.0,"timestamp":1612145840,"path_taken":["M","?","?","?","M","E","R","M","T","E","M","$","E","?","R","BOSS","M","$","M","?","?","R","E","$","E","T","E","?","R","?","R","?","R","R","BOSS","M","?","?","M","$","M","E","M","E","T","T","E","R","?","M","R","?","R","BOSS","R","$","E","BOSS"],"items_purchased_type":["Relic","Relic","Potion","Relic","Card","Relic","Potion"],"build_version":"2020-12-22","purchased_purges":2,"victory":true,"max_hp_per_floor":[75,75,80,80,80,80,80,80,80,80,80,80,80,80,80,80,80,80,80,80,80,80,80,80,80,80,80,80,80,80,80,80,81,81,81,82,82,83,84,84,85,85,86,87,88,89,89,89,90,90,90,91,91,92,92,93,93,93,93,94,95],"relic_stats":{"counters":[30,162],"Eternal Feather":53,"PreservedInsect":518,"Pen Nib":[25],"Ginger":[47],"War Paint":["RobotSpaceExplorer:Scan","RobotSpaceExplorer:Defend"],"Orichalcum":[30],"Medical Kit":[8],"Mercury Hourglass":[640],"FaceOfCleric":15,"Ornamental Fan":[56],"Mummified Hand":[20],"MealTicket":48,"obtain_stats":[{"Lantern":49,"SacredBark":17,"RobotSpaceExplorer:PlasmaHourglass":26,"RobotSpaceExplorer:RoboCore":0,"Eternal Feather":27,"PreservedInsect":4,"Pen Nib":10,"Omamori":46,"Ginger":44,"War Paint":12,"Orichalcum":28,"Bottled Tornado":60,"Medical Kit":59,"White Beast Statue":6,"Mercury Hourglass":9,"RobotSpaceExplorer:FoglandsKnife":24,"Anchor":40,"FaceOfCleric":31,"Ornamental Fan":47,"Mummified Hand":51,"MealTicket":13,"Red Mask":29,"Coffee Dripper":37,"Runic Pyramid":0},{"Lantern":25,"SacredBark":8,"RobotSpaceExplorer:PlasmaHourglass":13,"RobotSpaceExplorer:RoboCore":0,"Eternal Feather":13,"PreservedInsect":1,"Pen Nib":5,"Omamori":24,"Ginger":22,"War Paint":6,"Orichalcum":14,"Bottled Tornado":29,"Medical Kit":28,"White Beast Statue":3,"Mercury Hourglass":4,"RobotSpaceExplorer:FoglandsKnife":12,"Anchor":19,"FaceOfCleric":15,"Ornamental Fan":24,"Mummified Hand":25,"MealTicket":7,"Red Mask":15,"Coffee Dripper":17,"Runic Pyramid":0},{"Lantern":126,"SacredBark":41,"RobotSpaceExplorer:PlasmaHourglass":64,"RobotSpaceExplorer:RoboCore":0,"Eternal Feather":64,"PreservedInsect":3,"Pen Nib":21,"Omamori":121,"Ginger":106,"War Paint":25,"Orichalcum":66,"Bottled Tornado":153,"Medical Kit":148,"White Beast Statue":13,"Mercury Hourglass":17,"RobotSpaceExplorer:FoglandsKnife":61,"Anchor":89,"FaceOfCleric":68,"Ornamental Fan":121,"Mummified Hand":126,"MealTicket":30,"Red Mask":68,"Coffee Dripper":81,"Runic Pyramid":0}]},"card_choices":[{"not_picked":["RobotSpaceExplorer:Counterblock","RobotSpaceExplorer:Pulsar"],"picked":"RobotSpaceExplorer:StarLightning","floor":1},{"not_picked":["RobotSpaceExplorer:Reload","RobotSpaceExplorer:ShockKick"],"picked":"RobotSpaceExplorer:Fix","floor":5},{"not_picked":["RobotSpaceExplorer:Ammunition","RobotSpaceExplorer:ShockKick"],"picked":"RobotSpaceExplorer:Discharger","floor":6},{"not_picked":["RobotSpaceExplorer:ToxicBomb","RobotSpaceExplorer:ShovelStrike"],"picked":"RobotSpaceExplorer:Smokescreen","floor":8},{"not_picked":["RobotSpaceExplorer:Exploration","RobotSpaceExplorer:GearShield"],"picked":"RobotSpaceExplorer:ShockKick","floor":10},{"not_picked":["RobotSpaceExplorer:GlueSpray","RobotSpaceExplorer:ShockKick"],"picked":"RobotSpaceExplorer:ExhaustFan","floor":11},{"not_picked":["RobotSpaceExplorer:ImprovisedAttack","RobotSpaceExplorer:SwiftStep"],"picked":"RobotSpaceExplorer:TurboDodge","floor":13},{"not_picked":["RobotSpaceExplorer:Blaster","RobotSpaceExplorer:Autoloader"],"picked":"RobotSpaceExplorer:HighVoltage","floor":16},{"not_picked":["RobotSpaceExplorer:Probe+1","RobotSpaceExplorer:Counterblock","RobotSpaceExplorer:ImprovisedAttack"],"picked":"SKIP","floor":18},{"not_picked":["RobotSpaceExplorer:ImprovisedAttack","RobotSpaceExplorer:SlimeMissile"],"picked":"RobotSpaceExplorer:SurgingStrike","floor":20},{"not_picked":["RobotSpaceExplorer:SurgingStrike","RobotSpaceExplorer:MetalStrike+1","RobotSpaceExplorer:SlimeMissile"],"picked":"SKIP","floor":22},{"not_picked":["RobotSpaceExplorer:ShovelStrike+1","RobotSpaceExplorer:GlueShot"],"picked":"RobotSpaceExplorer:SurgingShield+1","floor":24},{"not_picked":["RobotSpaceExplorer:Blitz+1","RobotSpaceExplorer:DualCore"],"picked":"RobotSpaceExplorer:Electroshield","floor":26},{"not_picked":["RobotSpaceExplorer:Scanner","RobotSpaceExplorer:Blaster"],"picked":"RobotSpaceExplorer:ChargingLaser","floor":28},{"not_picked":["RobotSpaceExplorer:GearShield","RobotSpaceExplorer:Blitz"],"picked":"RobotSpaceExplorer:Calculate","floor":33},{"not_picked":["RobotSpaceExplorer:Accelerator","RobotSpaceExplorer:Multitool"],"picked":"RobotSpaceExplorer:DroneSwarm","floor":36},{"not_picked":["RobotSpaceExplorer:MetalStrike","RobotSpaceExplorer:MiniDrones","RobotSpaceExplorer:GlueShot"],"picked":"SKIP","floor":38},{"not_picked":["RobotSpaceExplorer:ImprovisedAttack+1","RobotSpaceExplorer:LaserBurst+1","RobotSpaceExplorer:SurgingStrike"],"picked":"SKIP","floor":39},{"not_picked":["RobotSpaceExplorer:Counterblock","RobotSpaceExplorer:MetalStrike","RobotSpaceExplorer:GlueShot"],"picked":"SKIP","floor":41},{"not_picked":["RobotSpaceExplorer:Arsenal","RobotSpaceExplorer:MetalStrike","RobotSpaceExplorer:Probe"],"picked":"SKIP","floor":43},{"not_picked":["RobotSpaceExplorer:GearShield","RobotSpaceExplorer:SwiftStep+1","RobotSpaceExplorer:Probe+1"],"picked":"SKIP","floor":44},{"not_picked":["RobotSpaceExplorer:SlimeMissile+1","RobotSpaceExplorer:RigExplosive+1","RobotSpaceExplorer:ScrapToss+1"],"picked":"SKIP","floor":45},{"not_picked":["RobotSpaceExplorer:MiniDrones","RobotSpaceExplorer:ScrapToss","RobotSpaceExplorer:ImprovisedAttack+1"],"picked":"SKIP","floor":46},{"not_picked":["RobotSpaceExplorer:Pulsar+1","RobotSpaceExplorer:SlimeMissile","RobotSpaceExplorer:GlueShot"],"picked":"SKIP","floor":49},{"not_picked":["RobotSpaceExplorer:FreezeRay+1","RobotSpaceExplorer:Pulsar+1","RobotSpaceExplorer:SwiftStep"],"picked":"SKIP","floor":52},{"not_picked":["RobotSpaceExplorer:TurboDodge","RobotSpaceExplorer:Pulsar","RobotSpaceExplorer:Multitool"],"picked":"SKIP","floor":54},{"not_picked":["RobotSpaceExplorer:MetalStrike+1","RobotSpaceExplorer:Pulsar"],"picked":"RobotSpaceExplorer:DoubleBlock+1","floor":60}],"player_experience":211006,"relics_obtained":[{"floor":6,"key":"White Beast Statue"},{"floor":9,"key":"Mercury Hourglass"},{"floor":10,"key":"Pen Nib"},{"floor":13,"key":"MealTicket"},{"floor":24,"key":"RobotSpaceExplorer:FoglandsKnife"},{"floor":26,"key":"RobotSpaceExplorer:PlasmaHourglass"},{"floor":27,"key":"Eternal Feather"},{"floor":28,"key":"Orichalcum"},{"floor":29,"key":"Red Mask"},{"floor":44,"key":"Ginger"},{"floor":46,"key":"Omamori"},{"floor":47,"key":"Ornamental Fan"},{"floor":49,"key":"Lantern"},{"floor":60,"key":"Bottled Tornado"}],"event_choices":[{"damage_healed":0,"gold_gain":175,"player_choice":"AGREE","damage_taken":0,"max_hp_gain":0,"max_hp_loss":0,"event_name":"Liars Game","floor":2,"gold_loss":0,"cards_obtained":["Doubt"]},{"damage_healed":0,"gold_gain":0,"player_choice":"Donut","damage_taken":0,"max_hp_gain":5,"max_hp_loss":0,"event_name":"Big Fish","floor":3,"gold_loss":0},{"damage_healed":0,"gold_gain":0,"player_choice":"Entered Light","damage_taken":16,"max_hp_gain":0,"max_hp_loss":0,"event_name":"Shining Light","floor":14,"gold_loss":0,"cards_upgraded":["RobotSpaceExplorer:ShockKick","RobotSpaceExplorer:ExhaustFan"]},{"damage_healed":0,"gold_gain":0,"player_choice":"Ignored","damage_taken":0,"max_hp_gain":0,"max_hp_loss":0,"event_name":"N\u0027loth","floor":21,"gold_loss":0},{"damage_healed":0,"gold_gain":0,"player_choice":"Fought Bandits","damage_taken":0,"max_hp_gain":0,"max_hp_loss":0,"event_name":"Masked Bandits","floor":29,"gold_loss":0},{"damage_healed":0,"gold_gain":0,"player_choice":"Trade","damage_taken":0,"relics_obtained":["FaceOfCleric"],"max_hp_gain":0,"max_hp_loss":0,"event_name":"FaceTrader","floor":31,"gold_loss":0},{"damage_healed":0,"gold_gain":0,"player_choice":"Paid Gold","damage_taken":0,"relics_obtained":["Mummified Hand"],"max_hp_gain":0,"max_hp_loss":0,"event_name":"WeMeetAgain","floor":51,"gold_loss":53}],"is_beta":false,"boss_relics":[{"not_picked":["Snecko Eye","Fusion Hammer"],"picked":"SacredBark"},{"not_picked":["Calling Bell","RobotSpaceExplorer:SearchSpecs"],"picked":"Coffee Dripper"}],"items_purged_floors":[4,19],"is_endless":false,"potions_floor_spawned":[5,8,10,11,13,16,18,20,22,24,26,28,29,33,36,38,39,41,43,44,45,46,49,52,54,60],"ascension_level":6}}