{"host":"y3h3n3f7seyagppx","time":1612147558,"event":{"mods":["AlwaysNeverKeys","BaseMod","Better Vampires","Colored Powertips","DeckTracker","Emptier Cage","Minty Spire (QoL Compilation)","Permanent Neow","Quick Restart","Rare Cards Sparkle","Relic Sorter","Relic Stats","StSLib","Transform Curses"],"gold_per_floor":[211,221,53,68,87,115,115,115,115,131,161,161,180,180,180,180,180],"floor_reached":16,"language":"ENG","playtime":1177,"items_purged":[],"score":224,"play_id":"512c18b7-2b3c-4699-afd2-0d4b13569ef7","local_time":"20210131214558","is_ascension_mode":true,"campfire_choices":[{"data":"Bash","floor":7,"key":"SMITH"},{"data":"Shrug It Off","floor":12,"key":"SMITH"},{"data":"Iron Wave","floor":15,"key":"SMITH"}],"circlet_count":0,"master_deck":["AscendersBane","Strike_R","Strike_R","Strike_R","Strike_R","Strike_R","Defend_R","Defend_R","Defend_R","Defend_R","Bash+1","Iron Wave+1","Feel No Pain","Sever Soul","Anger","Impervious","Shrug It Off+1","Shrug It Off"],"relics":["Burning Blood","ClockworkSouvenir","Boot","Kunai","Blue Candle","Golden Idol"],"acts_visited":["Exordium"],"potions_floor_usage":[6,11,13,16],"damage_taken":[{"damage":7,"enemies":"Jaw Worm","floor":1,"turns":4},{"damage":2,"enemies":"Cultist","floor":2,"turns":4},{"damage":0,"enemies":"2 Louse","floor":4,"turns":4},{"damage":3,"enemies":"2 Fungi Beasts","floor":5,"turns":4},{"damage":17,"enemies":"Lagavulin","floor":6,"turns":7},{"damage":26,"enemies":"Exordium Wildlife","floor":10,"turns":7},{"damage":21,"enemies":"Gremlin Nob","floor":11,"turns":5},{"damage":4,"enemies":"3 Louse","floor":13,"turns":4},{"damage":34,"enemies":"The Guardian","floor":16,"turns":11}],"seed_played":"8534621545467615308","potions_obtained":[{"floor":2,"key":"HeartOfIron"},{"floor":5,"key":"Fire Potion"},{"floor":6,"key":"LiquidMemories"},{"floor":13,"key":"Weak Potion"}],"is_trial":false,"path_per_floor":["M","M","$","M","M","E","R","?","T","M","E","R","M","?","R","B"],"character_chosen":"IRONCLAD","items_purchased":["ClockworkSouvenir"],"campfire_rested":0,"item_purchase_floors":[3],"current_hp_per_floor":[67,71,71,75,75,64,64,64,64,44,29,29,31,31,31,0,0],"gold":180,"neow_bonus":"HUNDRED_GOLD","is_daily":false,"chose_seed":false,"campfire_upgraded":3,"win_rate":0.0,"timestamp":1612147558,"path_taken":["M","M","$","M","M","E","R","?","T","M","E","R","?","?","R","BOSS"],"items_purchased_type":["Relic"],"build_version":"2020-12-22","purchased_purges":0,"victory":false,"max_hp_per_floor":[75,75,75,75,75,75,75,75,75,75,75,75,75,68,68,68,68],"relic_stats":{"counters":[9,50],"Golden Idol":0,"Blue Candle":[0],"Kunai":[5],"Boot":[4],"obtain_stats":[{"Golden Idol":14,"Blue Candle":11,"Kunai":9,"Boot":6,"Burning Blood":0,"ClockworkSouvenir":3},{"Golden Idol":8,"Blue Candle":7,"Kunai":5,"Boot":5,"Burning Blood":0,"ClockworkSouvenir":2},{"Golden Idol":39,"Blue Candle":35,"Kunai":23,"Boot":23,"Burning Blood":0,"ClockworkSouvenir":8}],"Burning Blood":43},"card_choices":[{"not_picked":["Body Slam","Thunderclap"],"picked":"Iron Wave","floor":1},{"not_picked":["Wild Strike","True Grit"],"picked":"Feel No Pain","floor":2},{"not_picked":["Metallicize","Seeing Red"],"picked":"Sever Soul","floor":4},{"not_picked":["Rage","Second Wind"],"picked":"Anger","floor":5},{"not_picked":["Body Slam","Armaments"],"picked":"Impervious","floor":6},{"not_picked":["Combust","Havoc"],"picked":"Shrug It Off","floor":10},{"not_picked":["Bloodletting","Flame Barrier"],"picked":"Shrug It Off","floor":11},{"not_picked":["Dual Wield","Clash","Sword Boomerang"],"picked":"SKIP","floor":13}],"player_experience":21871181,"relics_obtained":[{"floor":6,"key":"Boot"},{"floor":9,"key":"Kunai"},{"floor":11,"key":"Blue Candle"}],"event_choices":[{"damage_healed":0,"gold_gain":0,"player_choice":"Got Potions","damage_taken":0,"max_hp_gain":0,"max_hp_loss":0,"event_name":"Lab","floor":8,"gold_loss":0},{"damage_healed":0,"gold_gain":0,"player_choice":"Lose Max HP","damage_taken":0,"relics_obtained":["Golden Idol"],"max_hp_gain":0,"max_hp_loss":7,"event_name":"Golden Idol","floor":14,"gold_loss":0}],"is_beta":false,"boss_relics":[],"items_purged_floors":[],"is_endless":false,"potions_floor_spawned":[2,5,6,13],"killed_by":"The Guardian","ascension_level":20}}