{"host":"ijtyqc57s6c9mbij","time":1612147965,"event":{"mods":["BaseMod","Colored Map","Downfall","Minty Spire (QoL Compilation)","StSLib"],"gold_per_floor":[99,110,121,134,134,154,154,154,54,229,239,239,139,167,178,299,299,199,217,217,317,317,317,317,317,317,55,55,67,78,95,106,210,210,210,210,221,221,19,33,33,83,83,96,96,114,114,133,144,144,144,170,29,29,29,29,29],"floor_reached":55,"language":"ENG","playtime":3906,"items_purged":["downfall:Bewildered"],"score":694,"play_id":"cb9057fc-c974-4977-a20d-63a96efe8e17","local_time":"20210131185244","is_ascension_mode":false,"campfire_choices":[{"floor":1.0,"key":"RECALL"},{"data":"Slimebound:CorrosiveSpit","floor":9.0,"key":"SMITH"},{"data":"Slimebound:Repurpose","floor":13.0,"key":"SMITH"},{"data":"Slimebound:MassFeed","floor":18.0,"key":"SMITH"},{"data":"Slimebound:FormOfPuddle","floor":25.0,"key":"SMITH"},{"data":"Slimebound:PrepareCrush","floor":28.0,"key":"SMITH"},{"data":"Slimebound:PressTheAttack","floor":35.0,"key":"SMITH"},{"data":"1","floor":45,"key":"LIFT"},{"data":"2","floor":47,"key":"LIFT"},{"floor":54,"key":"REST"}],"circlet_count":0,"master_deck":["Slimebound:Tackle","Slimebound:Defend_Slimebound","Slimebound:Defend_Slimebound","Slimebound:Defend_Slimebound","Slimebound:Defend_Slimebound","Slimebound:CorrosiveSpit+1","Slimebound:MegaLick","Slimebound:HauntingLick","Slimebound:SplitMire","Slimebound:SplitLeeching","Slimebound:Repurpose+1","Slimebound:PressTheAttack+1","Slimebound:GoopTackle","Slimebound:MassFeed+1","Slimebound:SlimeBrawl","Slimebound:RainOfGoop+1","J.A.X.","Slimebound:FormOfPuddle+1","Slimebound:SamplingLick","Slimebound:PrepareCrush+1","Bite","Bite","Bite","Bite","Bite","Slimebound:Nibble","Slimebound:ViciousTackle","Slimebound:LeechingTouch","Slimebound:HauntingLick","Slimebound:SplitSpecialist","Slimebound:Prepare+1","Slimebound:LivingWall+1","Slimebound:LeechLife","Slimebound:Prepare+1","Slimebound:Prepare+1","Slimebound:Grow","Slimebound:LeechingTouch+1","Slimebound:GrowthPunch+1","Slimebound:ServeAndProtect+1","Slimebound:RejuvenatingLick+1","Slimebound:Recycling","Slimebound:LeechEnergy"],"relics":["Slimebound:AbsorbEndCombat","Bronze Scales","The Courier","downfall:HeartBlessingRed","downfall:HeartBlessingBlue","Happy Flower","bronze:MakeshiftBattery","downfall:HeartBlessingGreen","MutagenicStrength","sneckomod:BabySnecko","Kunai","Strawberry","Slimebound:TarBlob","downfall:ExtraCursedKey","Slimebound:StickyStick","Girya","Bag of Marbles"],"acts_visited":["Exordium","TheCity","TheBeyond","TheEnding"],"potions_floor_usage":[49,50,52,55,55],"damage_taken":[{"damage":4.0,"enemies":"Cultist","floor":2.0,"turns":3.0},{"damage":3.0,"enemies":"2 Louse","floor":3.0,"turns":3.0},{"damage":5.0,"enemies":"Jaw Worm","floor":4.0,"turns":3.0},{"damage":12.0,"enemies":"2 Fungi Beasts","floor":6.0,"turns":3.0},{"damage":11.0,"enemies":"Large Slime","floor":11.0,"turns":5.0},{"damage":5.0,"enemies":"Lagavulin","floor":14.0,"turns":6.0},{"damage":5.0,"enemies":"3 Louse","floor":15.0,"turns":3.0},{"damage":17.0,"enemies":"SI_SHIV_ARCHETYPE","floor":16.0,"turns":5.0},{"damage":6.0,"enemies":"Shell Parasite","floor":19.0,"turns":3.0},{"damage":0.0,"enemies":"Chosen","floor":20.0,"turns":1.0},{"damage":21.0,"enemies":"downfall:Augmenter","floor":21.0,"turns":3.0},{"damage":9.0,"enemies":"downfall:FleeingMerchant","floor":27.0,"turns":4.0},{"damage":3.0,"enemies":"3 Cultists","floor":29.0,"turns":4.0},{"damage":3.0,"enemies":"Shelled Parasite and Fungi","floor":30.0,"turns":3.0},{"damage":22.0,"enemies":"Cultist and Chosen","floor":31.0,"turns":2.0},{"damage":6.0,"enemies":"Centurion and Healer","floor":32.0,"turns":3.0},{"damage":26.0,"enemies":"IC_MUSHROOM_ARCHETYPE","floor":33.0,"turns":4.0},{"damage":9.0,"enemies":"3 Shapes","floor":37.0,"turns":3.0},{"damage":27.0,"enemies":"3 Shapes","floor":38.0,"turns":3.0},{"damage":3.0,"enemies":"downfall:FleeingMerchant","floor":39.0,"turns":4.0},{"damage":21.0,"enemies":"3 Darklings","floor":40.0,"turns":4.0},{"damage":0.0,"enemies":"3 Darklings","floor":42.0,"turns":3.0},{"damage":11,"enemies":"Maw","floor":44,"turns":5},{"damage":0,"enemies":"Sphere and 2 Shapes","floor":46,"turns":3},{"damage":19,"enemies":"Jaw Worm Horde","floor":48,"turns":3},{"damage":16,"enemies":"Spire Growth","floor":49,"turns":2},{"damage":49,"enemies":"DF_ARCHETYPE_ORBS","floor":50,"turns":8},{"damage":78,"enemies":"downfall:CharBossMerchant","floor":52,"turns":8},{"damage":36,"enemies":"downfall:NeowBoss","floor":55,"turns":3}],"seed_played":"-3919535016041049648","potions_obtained":[{"floor":4.0,"key":"Dexterity Potion"},{"floor":6.0,"key":"ColorlessPotion"},{"floor":15.0,"key":"DistilledChaos"},{"floor":16.0,"key":"champ:CounterPotion"},{"floor":30.0,"key":"PowerPotion"},{"floor":31.0,"key":"champ:CounterPotion"},{"floor":32.0,"key":"sneckomod:MuddlingPotion"},{"floor":33.0,"key":"CultistPotion"},{"floor":40.0,"key":"DuplicationPotion"},{"floor":42.0,"key":"Slimebound:SlimedPotion"}],"is_trial":false,"path_per_floor":["R","M","M","M","?","M","T","?","R","?","M","?","R","E","M","B",null,"R","M","M","?","?","?","T","R","?","$","R","M","M","M","M","B",null,"R","?","M","?","$","M","T","?","?","M","R","M","R","M","M","B",null,"E","$","R","B"],"character_chosen":"SLIMEBOUND","items_purchased":["Slimebound:ViciousTackle","Strawberry","Slimebound:LeechingTouch","Slimebound:StickyStick","Slimebound:ProtectTheBoss","Guardian:BlockOnCardUsePotion","hexamod:SoulburnPotion","PowerPotion"],"campfire_rested":1,"item_purchase_floors":[27,27,27,39,39,53,53,53],"current_hp_per_floor":[65,65,65,64,64,57,57,57,57,57,54,54,64,65,66,57,75,75,71,71,58,52,52,52,52,52,59,59,59,58,42,48,47,59,59,59,63,44,55,50,50,60,67,59,59,67,67,55,51,20,71,8,8,29,0,0,0],"gold":29,"neow_bonus":"RANDOM_COMMON_RELIC","is_daily":false,"chose_seed":false,"campfire_upgraded":6,"win_rate":0.0,"timestamp":1612147964,"path_taken":["R","M","?","M","?","M","T","?","R","?","M","?","R","E","M","BOSS","R","M","M","?","?","?","T","R","?","$","R","M","M","?","M","BOSS","R","?","M","?","?","?","T","?","?","M","R","M","R","M","M","BOSS","E","$","R","BOSS"],"items_purchased_type":["Card","Relic","Card","Relic","Card","Potion","Potion","Potion"],"build_version":"2020-12-22","purchased_purges":1,"victory":false,"max_hp_per_floor":[65,65,65,65,65,65,65,65,65,65,65,65,75,75,75,75,75,75,75,75,75,52,52,52,52,52,59,59,59,59,59,59,59,59,59,59,63,63,63,63,63,67,67,67,67,67,67,67,71,71,71,71,71,71,71,71,71],"card_choices":[{"not_picked":["Slimebound:ItLooksTasty","Slimebound:RollThrough"],"picked":"Slimebound:MegaLick","floor":2.0},{"not_picked":["Slimebound:SplitMire","Slimebound:SlimeSpikes"],"picked":"Slimebound:HauntingLick","floor":3.0},{"not_picked":["Slimebound:HauntingLick","Slimebound:SplitAcid"],"picked":"Slimebound:SplitMire","floor":4.0},{"not_picked":["Slimebound:ViciousTackle","Slimebound:Teamwork"],"picked":"Slimebound:SplitLeeching","floor":6.0},{"not_picked":["Slimebound:SplitBruiser","Slimebound:LeadByExample"],"picked":"Slimebound:Repurpose","floor":11.0},{"not_picked":["Slimebound:SplitLeeching","Slimebound:HauntingLick"],"picked":"Slimebound:PressTheAttack","floor":14.0},{"not_picked":["Slimebound:LivingWall","Slimebound:LeechEnergy"],"picked":"Slimebound:GoopTackle","floor":15.0},{"not_picked":["Slimebound:OneTwoCombo","Slimebound:DouseInSlime"],"picked":"Slimebound:MassFeed","floor":16.0},{"not_picked":["Slimebound:RollThrough","Slimebound:Nibble+1"],"picked":"Slimebound:SlimeBrawl","floor":19.0},{"not_picked":["Slimebound:HauntingLick+1","Slimebound:SplitLeeching+1"],"picked":"Slimebound:RainOfGoop+1","floor":20.0},{"not_picked":[],"picked":"J.A.X.","floor":21.0},{"not_picked":["Slimebound:RollThrough","Slimebound:AcidTongue"],"picked":"Slimebound:FormOfPuddle","floor":21.0},{"not_picked":["Slimebound:PressTheAttack","Slimebound:SlimeTap"],"picked":"Slimebound:Nibble","floor":27.0},{"not_picked":["Slimebound:SamplingLick+1","Slimebound:SlimeBrawl"],"picked":"Slimebound:HauntingLick","floor":29.0},{"not_picked":["Slimebound:RollThrough","Slimebound:DuplicatedForm"],"picked":"Slimebound:SplitSpecialist","floor":30.0},{"not_picked":["Slimebound:SplitLeeching","Slimebound:SamplingLick+1"],"picked":"Slimebound:Prepare+1","floor":31.0},{"not_picked":["Slimebound:Chomp","Slimebound:AcidTongue"],"picked":"Slimebound:LivingWall+1","floor":32.0},{"not_picked":["Slimebound:MassRepurpose","Slimebound:RallyTheTroops"],"picked":"Slimebound:LeechLife","floor":33.0},{"not_picked":["Slimebound:Chomp","Slimebound:SplitLeeching"],"picked":"Slimebound:Prepare+1","floor":37.0},{"not_picked":["Slimebound:ItLooksTasty+1","Slimebound:PressTheAttack"],"picked":"Slimebound:Prepare+1","floor":38.0},{"not_picked":["Slimebound:SplitMire","Slimebound:RallyTheTroops"],"picked":"Slimebound:Grow","floor":39.0},{"not_picked":["Slimebound:SlimeSpikes","Slimebound:LeechEnergy"],"picked":"Slimebound:LeechingTouch+1","floor":40.0},{"not_picked":["Slimebound:ProtectTheBoss","Slimebound:MegaLick+1"],"picked":"Slimebound:GrowthPunch+1","floor":42.0},{"not_picked":["Slimebound:ItLooksTasty","Slimebound:RollThrough"],"picked":"Slimebound:ServeAndProtect+1","floor":44},{"not_picked":["Slimebound:LivingWall","Slimebound:Repurpose","Slimebound:SplitBruiser"],"picked":"SKIP","floor":46},{"not_picked":["Slimebound:Gluttony","Slimebound:SlimeTap"],"picked":"Slimebound:RejuvenatingLick+1","floor":48},{"not_picked":["Slimebound:RollThrough+1","Slimebound:SplitBruiser"],"picked":"Slimebound:Recycling","floor":49},{"not_picked":["Slimebound:HauntingLick","Slimebound:SplitBruiser"],"picked":"Slimebound:LeechEnergy","floor":52}],"player_experience":939688,"relics_obtained":[{"floor":14.0,"key":"Happy Flower"},{"floor":21.0,"key":"MutagenicStrength"},{"floor":24.0,"key":"Kunai"},{"floor":42.0,"key":"Girya"},{"floor":52,"key":"Bag of Marbles"}],"event_choices":[{"cards_removed":["Doubt"],"damage_healed":0.0,"max_hp_gain":0.0,"max_hp_loss":0.0,"gold_gain":0.0,"event_name":"Living Wall","player_choice":"Forget","floor":12.0,"gold_loss":0.0,"damage_taken":0.0},{"damage_healed":0.0,"max_hp_gain":0.0,"max_hp_loss":23.0,"gold_gain":0.0,"event_name":"Vampires","player_choice":"Became a vampire","floor":22.0,"gold_loss":0.0,"damage_taken":0.0,"cards_obtained":["Bite","Bite","Bite","Bite","Bite"]},{"cards_removed":["Slimebound:ProtectTheBoss"],"damage_healed":7.0,"max_hp_gain":0.0,"max_hp_loss":0.0,"gold_gain":0.0,"event_name":"Bonfire Elementals","player_choice":"Offered Uncommon","floor":43.0,"gold_loss":0.0,"damage_taken":0.0}],"is_beta":false,"boss_relics":[{"not_picked":["Astrolabe","Empty Cage"],"picked":"bronze:MakeshiftBattery"},{"not_picked":["SlaversCollar","Pandora\u0027s Box"],"picked":"Slimebound:TarBlob"}],"items_purged_floors":[27],"is_endless":false,"potions_floor_spawned":[4,6,15,16,30,31,32,33,40,42,44,48],"killed_by":"downfall:NeowBoss","ascension_level":0}}