{"host":"6gl4z8x6qhx9xtfj","time":1612165571,"event":{"mods":["2.2 Compatiblity","AchievementEnabler","BaseMod","Bestiary","Colored Map","Colored Powertips","Evolution","Minty Spire (QoL Compilation)","Quick Restart","Relic Stats","StSLib","SuperFastMode"],"gold_per_floor":[113,123,139,153,165,165,200,375,429,463,479,491,491,522,522,622,622,641,641,656,676,692,722,722,722,747,765,802,752,769,793,793,899,899,917,541,541,541],"floor_reached":37,"language":"RUS","playtime":3423,"items_purged":["Doubt"],"score":672,"play_id":"6264ddc4-07a1-4bce-8d41-789bfa150568","local_time":"20210201104611","is_ascension_mode":true,"campfire_choices":[{"data":"Eruption","floor":6,"key":"SMITH"},{"data":"Vigilance","floor":13,"key":"SMITH"},{"data":"Protect","floor":15,"key":"SMITH"},{"data":"CutThroughFate","floor":24,"key":"SMITH"},{"data":"ThirdEye","floor":32,"key":"SMITH"}],"circlet_count":0,"master_deck":["CrushJoints","SashWhip","EmptyFist","CutThroughFate+1","Evaluate","ThirdEye+1","EmptyBody","Evaluate","Eruption+1","Vigilance+1","Pray","Tantrum","Prostrate","FollowUp","Protect+1","Scrawl","Weave+1","Weave+1","LikeWater","FearNoEvil","Ragnarok"],"relics":["EVO:Axolotl","Busted Crown","Potion Belt","Pen Nib","Question Card","Oddly Smooth Stone","SlaversCollar","HornCleat","CeramicFish","Damaru","Black Star","Nunchaku","Toolbox"],"acts_visited":["Exordium","TheCity","TheBeyond"],"potions_floor_usage":[7,33],"damage_taken":[{"damage":0,"enemies":"Jaw Worm","floor":1,"turns":3},{"damage":0,"enemies":"2 Louse","floor":2,"turns":2},{"damage":0,"enemies":"Small Slimes","floor":3,"turns":3},{"damage":5,"enemies":"Exordium Thugs","floor":4,"turns":3},{"damage":0,"enemies":"Blue Slaver","floor":5,"turns":2},{"damage":0,"enemies":"3 Sentries","floor":7,"turns":4},{"damage":0,"enemies":"Lagavulin","floor":10,"turns":5},{"damage":0,"enemies":"Red Slaver","floor":11,"turns":3},{"damage":11,"enemies":"3 Louse","floor":12,"turns":3},{"damage":3,"enemies":"3 Sentries","floor":14,"turns":4},{"damage":43,"enemies":"Slime Boss","floor":16,"turns":6},{"damage":0,"enemies":"Chosen","floor":18,"turns":4},{"damage":1,"enemies":"Shell Parasite","floor":20,"turns":3},{"damage":8,"enemies":"Snecko","floor":21,"turns":6},{"damage":11,"enemies":"Snake Plant","floor":22,"turns":4},{"damage":0,"enemies":"Book of Stabbing","floor":23,"turns":5},{"damage":0,"enemies":"Centurion and Healer","floor":27,"turns":3},{"damage":3,"enemies":"Gremlin Leader","floor":28,"turns":4},{"damage":0,"enemies":"Snecko","floor":30,"turns":5},{"damage":5,"enemies":"Shelled Parasite and Fungi","floor":31,"turns":4},{"damage":0,"enemies":"Automaton","floor":33,"turns":6},{"damage":34,"enemies":"3 Darklings","floor":35,"turns":4}],"seed_played":"1995815148541242577","potions_obtained":[{"floor":1,"key":"LiquidMemories"},{"floor":3,"key":"BlessingOfTheForge"},{"floor":5,"key":"SpeedPotion"},{"floor":7,"key":"Weak Potion"},{"floor":11,"key":"BlessingOfTheForge"},{"floor":12,"key":"SpeedPotion"},{"floor":22,"key":"SteroidPotion"},{"floor":30,"key":"SmokeBomb"},{"floor":35,"key":"ColorlessPotion"}],"is_trial":false,"path_per_floor":["M","M","M","M","M","R","E","?","T","E","M","M","R","E","R","B",null,"M","?","M","M","M","E","R","?","T","M","E","?","M","M","R","B",null,"M","$","M"],"character_chosen":"WATCHER","items_purchased":["Nunchaku","Toolbox"],"campfire_rested":0,"item_purchase_floors":[36,36],"current_hp_per_floor":[78,78,78,73,73,73,73,73,73,73,73,62,62,59,59,16,78,78,78,77,69,58,58,58,58,58,58,55,55,55,50,50,50,78,44,44,0,0],"gold":541,"neow_bonus":"BOSS_RELIC","is_daily":false,"chose_seed":false,"campfire_upgraded":5,"win_rate":0.0,"timestamp":1612165571,"path_taken":["M","M","M","M","M","R","E","?","T","E","M","M","R","E","R","BOSS","M","?","M","M","M","E","R","?","T","?","E","?","M","?","R","BOSS","M","$","M"],"items_purchased_type":["Relic","Relic"],"build_version":"2020-12-22","purchased_purges":1,"victory":false,"max_hp_per_floor":[78,78,78,78,78,78,78,78,78,78,78,78,78,78,78,78,78,78,78,78,78,78,78,78,78,78,78,78,78,78,78,78,78,78,78,78,78,78],"relic_stats":{"Nunchaku":[0],"Busted Crown":44,"counters":[23,89],"CeramicFish":27,"Pen Nib":[20],"Black Star":0,"Question Card":15,"obtain_stats":[{"Potion Belt":7,"CeramicFish":26,"Oddly Smooth Stone":14,"Damaru":28,"Pen Nib":9,"EVO:Axolotl":0,"Question Card":10,"SlaversCollar":17,"Nunchaku":36,"Busted Crown":0,"HornCleat":23,"Toolbox":36,"Black Star":34,"PureWater":0},{"Potion Belt":6,"CeramicFish":16,"Oddly Smooth Stone":10,"Damaru":18,"Pen Nib":6,"EVO:Axolotl":0,"Question Card":7,"SlaversCollar":11,"Nunchaku":22,"Busted Crown":0,"HornCleat":16,"Toolbox":22,"Black Star":21,"PureWater":0},{"Potion Belt":17,"CeramicFish":60,"Oddly Smooth Stone":32,"Damaru":67,"Pen Nib":17,"EVO:Axolotl":0,"Question Card":22,"SlaversCollar":38,"Nunchaku":86,"Busted Crown":0,"HornCleat":60,"Toolbox":86,"Black Star":82,"PureWater":0}]},"card_choices":[{"not_picked":[],"picked":"Pray","floor":1},{"not_picked":["CrushJoints"],"picked":"SKIP","floor":2},{"not_picked":["Halt"],"picked":"SKIP","floor":3},{"not_picked":[],"picked":"Tantrum","floor":4},{"not_picked":[],"picked":"Prostrate","floor":5},{"not_picked":["DeceiveReality"],"picked":"SKIP","floor":7},{"not_picked":["Nirvana"],"picked":"SKIP","floor":10},{"not_picked":["ThirdEye"],"picked":"FollowUp","floor":11},{"not_picked":["EmptyBody"],"picked":"Protect","floor":12},{"not_picked":["FollowUp","SashWhip"],"picked":"SKIP","floor":14},{"not_picked":["ConjureBlade"],"picked":"Scrawl","floor":16},{"not_picked":["Crescendo","Pray"],"picked":"SKIP","floor":18},{"not_picked":["Study+1","PathToVictory+1"],"picked":"SKIP","floor":20},{"not_picked":["SignatureMove+1","FlurryOfBlows"],"picked":"SKIP","floor":21},{"not_picked":["CrushJoints"],"picked":"Weave+1","floor":22},{"not_picked":["FlyingSleeves"],"picked":"Weave+1","floor":23},{"not_picked":["BowlingBash","SashWhip"],"picked":"SKIP","floor":27},{"not_picked":["ForeignInfluence"],"picked":"LikeWater","floor":28},{"not_picked":["PathToVictory","Protect+1"],"picked":"SKIP","floor":30},{"not_picked":["WindmillStrike"],"picked":"FearNoEvil","floor":31},{"not_picked":["DeusExMachina"],"picked":"Ragnarok","floor":33},{"not_picked":["Tantrum+1","Swivel+1"],"picked":"SKIP","floor":35}],"player_experience":99775,"relics_obtained":[{"floor":7,"key":"Potion Belt"},{"floor":9,"key":"Pen Nib"},{"floor":10,"key":"Question Card"},{"floor":14,"key":"Oddly Smooth Stone"},{"floor":23,"key":"HornCleat"},{"floor":26,"key":"CeramicFish"},{"floor":28,"key":"Damaru"}],"event_choices":[{"damage_healed":0,"gold_gain":175,"player_choice":"AGREE","damage_taken":0,"max_hp_gain":0,"max_hp_loss":0,"event_name":"Liars Game","floor":8,"gold_loss":0,"cards_obtained":["Doubt"]},{"damage_healed":0,"gold_gain":0,"player_choice":"Ignored","damage_taken":0,"max_hp_gain":0,"max_hp_loss":0,"event_name":"Vampires","floor":19,"gold_loss":0},{"damage_healed":0,"gold_gain":0,"player_choice":"Ignored","damage_taken":0,"max_hp_gain":0,"max_hp_loss":0,"event_name":"Beggar","floor":25,"gold_loss":0},{"damage_healed":0,"gold_gain":0,"player_choice":"Bet on Murderer","damage_taken":0,"max_hp_gain":0,"max_hp_loss":0,"event_name":"The Joust","floor":29,"gold_loss":50}],"is_beta":false,"boss_relics":[{"not_picked":["Snecko Eye","SacredBark"],"picked":"SlaversCollar"},{"not_picked":["Tiny House","Calling Bell"],"picked":"Black Star"}],"items_purged_floors":[36],"is_endless":false,"potions_floor_spawned":[1,3,5,7,11,12,22,27,28,30,31,35],"killed_by":"3 Shapes","ascension_level":4}}