{"host":"1zjc08c6hob33401","time":1612220342,"event":{"mods":["AchievementEnabler","Act Like it!","Aspiration","BaseMod","Downfall","Elementarium","Energized Spire","Evolution","Friendly Minions","Gensokyo","GifTheSpireLib","Hubris","Infinite Spire","Jedi Mod","Menagerie","Minty Spire (QoL Compilation)","Pale of the Ancients","Quick Restart","Reliquary","Replay The Spire","Retaliation","Shop Mod","Spicy Shops","Spire Arcade","StS++","StSLib","Stuff the Spire","The Blue Laboratory","Wandering Minibosses","??????REMEMod"],"gold_per_floor":[109,109,122,122,139,165,165,185,257,257,257,257,268,281,281,355,355,375,375,30,41,41,41,41,41],"floor_reached":24,"language":"RUS","playtime":1540,"items_purged":["Injury","Defend_B"],"score":382,"play_id":"4d63e79a-beee-4161-af16-4da401cd5cb8","local_time":"20210202005902","is_ascension_mode":true,"campfire_choices":[{"floor":7.0,"key":"REST"},{"data":"Biased Cognition","floor":10.0,"key":"SMITH"},{"floor":12.0,"key":"REST"},{"floor":23.0,"key":"REST"}],"circlet_count":0,"master_deck":["AscendersBane","Barrage","Strike_B","Strike_B","Strike_B","Defend_B","Defend_B","Zap","Dualcast","REME_MawOfCthun","Biased Cognition+1","jedi:hex","jedi:BurstDark+1","Storm","jedi:BurstDark+1","Steam+1","Barrage+1","Go for the Eyes+1","Conserve Battery","Echo Form","Rebound+1","Ball Lightning+1","Sweeping Beam+1","infinitespire:Oblivion+1"],"relics":["Cracked Core","REME_ComplimentaryCards","Molten Egg 2","Runic Capacitor","MerchantsRug","Sundial","aspiration:HatOfInfinitePower"],"acts_visited":["Exordium","TheCity"],"potions_floor_usage":[],"damage_taken":[{"damage":1.0,"enemies":"Small Slimes","floor":1.0,"turns":4.0},{"damage":2.0,"enemies":"Jaw Worm","floor":3.0,"turns":3.0},{"damage":6.0,"enemies":"Cultist","floor":5.0,"turns":3.0},{"damage":27.0,"enemies":"3 Sentries","floor":6.0,"turns":6.0},{"damage":16.0,"enemies":"Exordium Wildlife","floor":8.0,"turns":4.0},{"damage":1.0,"enemies":"Blue Slaver","floor":13.0,"turns":3.0},{"damage":0.0,"enemies":"Exordium Thugs","floor":14.0,"turns":5.0},{"damage":31.0,"enemies":"Slime Boss","floor":16.0,"turns":7.0},{"damage":42.0,"enemies":"3 Byrds","floor":18.0,"turns":5.0},{"damage":12.0,"enemies":"Chosen","floor":21.0,"turns":5.0},{"damage":30,"enemies":"Book of Stabbing","floor":24,"turns":3}],"seed_played":"2136087984360254380","potions_obtained":[{"floor":1.0,"key":"blueLaboratory:PhilterOfMotion"},{"floor":13.0,"key":"EntropicBrew"},{"floor":14.0,"key":"blueLaboratory:AbyssPotion"}],"is_trial":false,"path_per_floor":["M","?","M","$","M","E","R","M","T","R","?","R","M","M","R","B",null,"M","?","$","M","AVR","R","E"],"character_chosen":"DEFECT","items_purchased":["DollysMirror","Runic Capacitor","MerchantsRug","Sundial","Ball Lightning+1"],"campfire_rested":3,"item_purchase_floors":[4,20,20,20,20],"current_hp_per_floor":[63,63,61,51,45,18,39,23,23,23,23,44,43,43,64,33,62,20,20,20,8,8,29,0,0],"gold":41,"neow_bonus":"ONE_RANDOM_RARE_CARD","is_daily":false,"chose_seed":false,"campfire_upgraded":1,"win_rate":0.0,"timestamp":1612220342,"path_taken":["M","?","M","?","?","E","R","M","T","R","?","R","M","M","R","BOSS","M","?","?","M","AVR","R","E"],"items_purchased_type":["Relic","Relic","Relic","Relic","Card"],"build_version":"2020-12-22","purchased_purges":2,"victory":false,"max_hp_per_floor":[71,71,71,71,71,71,71,71,71,71,71,71,71,71,71,71,71,71,71,71,71,71,71,71,71],"card_choices":[{"not_picked":["Compile Driver","Sunder"],"picked":"jedi:hex","floor":1.0},{"not_picked":["Go for the Eyes","StSpp:Channeliser"],"picked":"Storm","floor":3.0},{"not_picked":["ReplayTheSpireMod:Repulse","Conserve Battery"],"picked":"Steam","floor":5.0},{"not_picked":["Leap","Reprogram"],"picked":"Barrage+1","floor":6.0},{"not_picked":["Recycle","StuffTheSpire:SnapShoot","Hologram"],"picked":"SKIP","floor":8.0},{"not_picked":["Coolheaded","StuffTheSpire:Plugnplay"],"picked":"Go for the Eyes+1","floor":13.0},{"not_picked":["hubris:SpecializedCircuitry","Panic Button"],"picked":"Conserve Battery","floor":14.0},{"not_picked":["StuffTheSpire:Purify","jedi:darknesscall"],"picked":"Echo Form","floor":16.0},{"not_picked":["jedi:blockon","Redo"],"picked":"Rebound+1","floor":18.0},{"not_picked":["StSpp:Channeliser","StuffTheSpire:Plugnplay"],"picked":"Sweeping Beam+1","floor":21.0}],"player_experience":727047,"relics_obtained":[{"floor":6.0,"key":"Molten Egg 2"},{"floor":9.0,"key":"hubris:Reverence"}],"event_choices":[],"is_beta":false,"boss_relics":[{"not_picked":["reliquary:Ember","Kintsugi"],"picked":"Runic Dome"}],"items_purged_floors":[20,22],"is_endless":false,"potions_floor_spawned":[1,13,14],"killed_by":"Book of Stabbing","ascension_level":19}}