{"host":"oehe2dxjvdgux73m","time":1612187197,"event":{"mods":["AchievementEnabler","BaseMod","Colored Map","Colored Powertips","DeckTracker","Keyboard Shortcuts","Minty Spire (QoL Compilation)","Permanent Neow","Quick Restart","StSLib","SuperFastMode"],"gold_per_floor":[115,115,130,149,149,149,178,198,224,173,173,185,205,220,220,220,220],"floor_reached":16,"language":"KOR","playtime":414,"items_purged":[],"score":187,"play_id":"79d746ea-45eb-4f0d-b267-143d91d4347c","local_time":"20210201224637","is_ascension_mode":true,"campfire_choices":[{"data":"Body Slam","floor":6.0,"key":"SMITH"},{"floor":11.0,"key":"REST"},{"data":"Perfected Strike","floor":15.0,"key":"SMITH"}],"circlet_count":0,"master_deck":["AscendersBane","Strike_R","Strike_R","Strike_R","Strike_R","Strike_R","Defend_R","Defend_R","Defend_R","Defend_R","Bash","Body Slam+1","Entrench","Perfected Strike","Headbutt","Immolate","Perfected Strike+1","Wild Strike","True Grit"],"relics":["Burning Blood","Boot","Lantern","Centennial Puzzle","Nunchaku"],"acts_visited":[],"potions_floor_usage":[],"damage_taken":[{"damage":8.0,"enemies":"Jaw Worm","floor":1.0,"turns":4.0},{"damage":6.0,"enemies":"Cultist","floor":3.0,"turns":4.0},{"damage":9.0,"enemies":"Small Slimes","floor":4.0,"turns":4.0},{"damage":41.0,"enemies":"3 Sentries","floor":7.0,"turns":10.0},{"damage":5.0,"enemies":"2 Fungi Beasts","floor":8.0,"turns":3.0},{"damage":0.0,"enemies":"Large Slime","floor":12.0,"turns":3.0},{"damage":3.0,"enemies":"3 Louse","floor":13.0,"turns":2.0},{"damage":6.0,"enemies":"Looter","floor":14.0,"turns":2.0},{"damage":50,"enemies":"Hexaghost","floor":16,"turns":9}],"seed_played":"-3921369544320976632","potions_obtained":[{"floor":3.0,"key":"Weak Potion"},{"floor":4.0,"key":"SkillPotion"},{"floor":7.0,"key":"SneckoOil"}],"is_trial":false,"path_per_floor":["M","?","M","M","?","R","E","M","T","$","R","M","M","M","R","B"],"character_chosen":"IRONCLAD","items_purchased":["Perfected Strike"],"campfire_rested":1,"item_purchase_floors":[10],"current_hp_per_floor":[66,66,66,63,52,52,17,18,18,18,40,46,49,49,49,0,0],"gold":220,"neow_bonus":"THREE_CARDS","is_daily":false,"chose_seed":false,"campfire_upgraded":2,"win_rate":0.0,"timestamp":1612187197,"path_taken":["M","?","?","M","?","R","E","M","T","$","R","M","M","M","R","BOSS"],"items_purchased_type":["Card"],"build_version":"2020-12-22","purchased_purges":0,"victory":false,"max_hp_per_floor":[75,75,75,75,75,75,75,75,75,75,75,75,75,75,75,75,75],"card_choices":[{"not_picked":["Sword Boomerang","Evolve"],"picked":"Wild Strike","floor":0.0},{"not_picked":["Iron Wave","Wild Strike"],"picked":"Body Slam","floor":1.0},{"not_picked":["Evolve","Second Wind"],"picked":"Entrench","floor":3.0},{"not_picked":["Clash","Iron Wave"],"picked":"Perfected Strike","floor":4.0},{"not_picked":["Cleave","Clash"],"picked":"Headbutt","floor":7.0},{"not_picked":["Anger","Ghostly Armor"],"picked":"Immolate","floor":8.0},{"not_picked":["Shockwave","Spot Weakness"],"picked":"Wild Strike","floor":12.0},{"not_picked":["Heavy Blade","Ghostly Armor"],"picked":"True Grit","floor":13.0},{"not_picked":["Searing Blow","Sword Boomerang","Havoc"],"picked":"SKIP","floor":14.0}],"player_experience":335119,"relics_obtained":[{"floor":7.0,"key":"Centennial Puzzle"},{"floor":9.0,"key":"Nunchaku"}],"event_choices":[{"cards_removed":["Wild Strike"],"damage_healed":0.0,"max_hp_gain":0.0,"max_hp_loss":0.0,"gold_gain":0.0,"event_name":"WeMeetAgain","player_choice":"Gave Card","floor":2.0,"gold_loss":0.0,"damage_taken":0.0,"relics_obtained":["Boot"]},{"damage_healed":0.0,"max_hp_gain":0.0,"max_hp_loss":0.0,"gold_gain":0.0,"event_name":"Scrap Ooze","player_choice":"Success","floor":5.0,"gold_loss":0.0,"damage_taken":11.0,"relics_obtained":["Lantern"]}],"is_beta":false,"boss_relics":[],"items_purged_floors":[],"is_endless":false,"potions_floor_spawned":[3,4,7],"killed_by":"Hexaghost","ascension_level":16}}