{"host":"gj3450u0c4def4mj","time":1612141934,"event":{"mods":["Act Like it!","BaseMod","Gensokyo","Marisa????????","Minty Spire (QoL Compilation)","StSLib"],"gold_per_floor":[109,120,220,98,133,133,173,173,227,227,247,289,320,320,320,434,434,445,15,40,40,71,71,81,81,81,112,88,112,157,157,157],"floor_reached":31,"language":"ENG","playtime":1418,"items_purged":["Strike_MRS"],"score":370,"play_id":"a5822b49-dd4e-431f-8e6a-ad85c825a638","local_time":"20210131201214","is_ascension_mode":true,"campfire_choices":[{"data":"UltimateShortwave","floor":6,"key":"SMITH"},{"data":"PowerUp","floor":8,"key":"SMITH"},{"data":"AbsoluteMagnitude","floor":15,"key":"SMITH"},{"floor":23,"key":"REST"}],"circlet_count":0,"master_deck":["Strike_MRS","Strike_MRS","Strike_MRS","Defend_MRS","Defend_MRS","Defend_MRS","Defend_MRS","MasterSpark","UpSweep","MilkyWay","MilkyWay","MilkyWay+1","UltimateShortwave+1","WitchOfGreed","MilkyWay+1","PowerUp+1","ChargeUpSpray","AbsoluteMagnitude+1","MilkyWay","Gensokyo:CrescentMoonSlash","TreasureHunter","GalacticHalo","MilkyWay+1","OneTimeOff","MilkyWay","GalacticHalo","OortCloud+1"],"relics":["MiniHakkero","Tiny Chest","Dream Catcher","Vajra","Philosopher\u0027s Stone","Calipers","Matryoshka","Meat on the Bone","Potion Belt","War Paint"],"acts_visited":["Gensokyo:Gensokyo","Gensokyo:Gensokyoer"],"potions_floor_usage":[22,24,25,30,31,31],"damage_taken":[{"damage":3,"enemies":"Gensokyo:Gryphon","floor":1,"turns":4},{"damage":0,"enemies":"Gensokyo:2_Kodama","floor":2,"turns":3},{"damage":10,"enemies":"Gensokyo:Python","floor":5,"turns":5},{"damage":11,"enemies":"Gensokyo:Aya","floor":7,"turns":4},{"damage":0,"enemies":"Gensokyo:LivingMonolith","floor":11,"turns":3},{"damage":0,"enemies":"Gensokyo:Mamizou","floor":12,"turns":8},{"damage":2,"enemies":"Gensokyo:CorruptedTreant","floor":13,"turns":4},{"damage":5,"enemies":"Gensokyo:Reimu","floor":16,"turns":6},{"damage":7,"enemies":"Gensokyo:AngelMirror","floor":18,"turns":3},{"damage":0,"enemies":"Gensokyo:2_Gloops","floor":20,"turns":5},{"damage":28,"enemies":"Gensokyo:Monolith_and_Dog","floor":22,"turns":6},{"damage":6,"enemies":"Gensokyo:Wraith","floor":24,"turns":3},{"damage":18,"enemies":"Gensokyo:Chomper_and_Gloop","floor":25,"turns":5},{"damage":19,"enemies":"Gensokyo:Slime_Group","floor":27,"turns":4},{"damage":7,"enemies":"Gensokyo:Koishi","floor":30,"turns":4},{"damage":24,"enemies":"Gensokyo:3_Gloops","floor":31,"turns":4}],"seed_played":"2534828460040879221","potions_obtained":[{"floor":1,"key":"SkillPotion"},{"floor":5,"key":"Strength Potion"},{"floor":7,"key":"SmokeBomb"},{"floor":13,"key":"Energy Potion"},{"floor":22,"key":"Swift Potion"},{"floor":27,"key":"CultistPotion"},{"floor":27,"key":"Block Potion"},{"floor":30,"key":"ShroomBrew"}],"is_trial":false,"path_per_floor":["M","M","?","$","M","R","E","R","T","?","M","E","M","?","R","B",null,"M","$","M","?","M","R","M","M","T","M","$","T","E","M"],"character_chosen":"MARISA","items_purchased":["UltimateShortwave","WitchOfGreed","Calipers","GalacticHalo","GalacticHalo"],"campfire_rested":1,"item_purchase_floors":[4,4,19,19,28],"current_hp_per_floor":[72,72,72,72,62,62,51,51,51,51,51,51,49,38,38,33,75,68,68,68,68,40,62,56,38,38,19,19,19,24,0,0],"gold":157,"neow_bonus":"THREE_CARDS","is_daily":false,"chose_seed":false,"campfire_upgraded":3,"win_rate":0.0,"timestamp":1612141934,"path_taken":["M","M","?","$","M","R","E","R","T","?","M","E","M","?","R","BOSS","M","$","M","?","M","R","M","M","T","M","$","?","E","M"],"items_purchased_type":["Card","Card","Relic","Card","Card"],"build_version":"2020-12-22","purchased_purges":1,"victory":false,"max_hp_per_floor":[75,75,75,75,75,75,75,75,75,75,75,75,75,75,75,75,75,75,75,75,75,75,75,75,75,75,75,75,75,75,75,75],"card_choices":[{"not_picked":["NonDirectionalLaser","GrandCross"],"picked":"MilkyWay","floor":0},{"not_picked":["MachineGunSpark","ShootingEcho"],"picked":"MilkyWay","floor":1},{"not_picked":["Occultation","DarkMatter"],"picked":"MilkyWay","floor":2},{"not_picked":["DoubleSpark","TreasureHunter"],"picked":"MilkyWay","floor":5},{"not_picked":["DarkMatter","NonDirectionalLaser"],"picked":"PowerUp","floor":7},{"not_picked":["EarthLightRay","Occultation"],"picked":"ChargeUpSpray","floor":11},{"not_picked":["BigCrunch","GrandCross"],"picked":"AbsoluteMagnitude","floor":12},{"not_picked":["GrandCross","OrrerysSun"],"picked":"MilkyWay","floor":13},{"not_picked":["SuperNova","AbsoluteMagnitude"],"picked":"TreasureHunter","floor":16},{"not_picked":["EarthLightRay","IllusionStar","OrrerysSun+1"],"picked":"SKIP","floor":18},{"not_picked":["UnstableBomb","Occultation+1"],"picked":"MilkyWay+1","floor":20},{"not_picked":["Occultation","EarthLightRay"],"picked":"OneTimeOff","floor":22},{"not_picked":["SporeBomb","DragonMeteor+1"],"picked":"MilkyWay","floor":23},{"not_picked":["RefractionSpark","6A","LuminesStrike+1"],"picked":"SKIP","floor":24},{"not_picked":["GrandCross","LuminesStrike","BlazingStar"],"picked":"SKIP","floor":27},{"not_picked":["ManaConvection","MilkyWay+1"],"picked":"OortCloud+1","floor":30}],"player_experience":38754,"relics_obtained":[{"floor":7,"key":"Tiny Chest"},{"floor":9,"key":"Dream Catcher"},{"floor":12,"key":"Vajra"},{"floor":26,"key":"Matryoshka"},{"floor":29,"key":"Meat on the Bone"},{"floor":29,"key":"Potion Belt"},{"floor":30,"key":"War Paint"}],"event_choices":[],"is_beta":false,"boss_relics":[{"not_picked":["Coffee Dripper","Cursed Key"],"picked":"Philosopher\u0027s Stone"}],"items_purged_floors":[19],"is_endless":false,"potions_floor_spawned":[1,7,11,18,22,27],"killed_by":"Gensokyo:3_Gloops","ascension_level":2}}