{"host":"vyjryxuuuxkt43k4","time":1612150238,"event":{"mods":["AchievementEnabler","BaseMod","Colored Map","DeckTracker","Keyboard Shortcuts","Minty Spire (QoL Compilation)","Permanent Neow","Quick Restart","Rare Cards Sparkle","StSLib","SuperFastMode","everything is the same but u backflip on backflip"],"gold_per_floor":[361,361,361,375,393,393,115,150,150,24,24,24,24,38,38,113,113,125,125,151,51,51,51,81,81,81,98,98,115,130,159,159,233,233,244,244,244],"floor_reached":36,"language":"KOR","playtime":3840,"items_purged":["Strike_G","Pain"],"score":740,"play_id":"881b9dfa-e802-4589-8fe3-b81f455dcdcf","local_time":"20210201123038","is_ascension_mode":true,"campfire_choices":[{"data":"Neutralize","floor":6.0,"key":"SMITH"},{"data":"Blade Dance","floor":11.0,"key":"SMITH"},{"data":"Cloak And Dagger","floor":13.0,"key":"SMITH"},{"floor":15.0,"key":"REST"},{"data":"Concentrate","floor":23.0,"key":"SMITH"},{"data":"Terror","floor":25.0,"key":"SMITH"},{"data":"Storm of Steel","floor":28.0,"key":"SMITH"},{"data":"Acrobatics","floor":32.0,"key":"SMITH"}],"circlet_count":0,"master_deck":["AscendersBane","Defend_G","Defend_G","Defend_G","Survivor","Neutralize+1","Blade Dance+1","Flying Knee","Leg Sweep","All Out Attack","Backstab","Cloak And Dagger+1","Blade Dance","Storm of Steel+1","Noxious Fumes+1","Phantasmal Killer+1","After Image+1","Acrobatics+1","Concentrate+1","Reflex","After Image+1","Terror+1","Slice+1","Eviscerate","Calculated Gamble+1","Crippling Poison","Envenom","Cloak And Dagger+1"],"relics":["Ring of the Snake","Bag of Preparation","Sundial","Pear","WarpedTongs","Astrolabe","Juzu Bracelet","InkBottle","Prayer Wheel","MealTicket","Black Star"],"acts_visited":["Exordium","TheCity","TheBeyond"],"potions_floor_usage":[],"damage_taken":[{"damage":7.0,"enemies":"2 Louse","floor":1.0,"turns":4.0},{"damage":4.0,"enemies":"Jaw Worm","floor":4.0,"turns":4.0},{"damage":0.0,"enemies":"Cultist","floor":5.0,"turns":4.0},{"damage":11.0,"enemies":"3 Sentries","floor":8.0,"turns":9.0},{"damage":9.0,"enemies":"Exordium Thugs","floor":14.0,"turns":5.0},{"damage":43.0,"enemies":"Slime Boss","floor":16.0,"turns":12.0},{"damage":4.0,"enemies":"Shell Parasite","floor":18.0,"turns":4.0},{"damage":3.0,"enemies":"Book of Stabbing","floor":24.0,"turns":6.0},{"damage":0.0,"enemies":"3 Byrds","floor":27.0,"turns":3.0},{"damage":0.0,"enemies":"Cultist and Chosen","floor":29.0,"turns":4.0},{"damage":0.0,"enemies":"Centurion and Healer","floor":30.0,"turns":2.0},{"damage":0.0,"enemies":"Slavers","floor":31.0,"turns":2.0},{"damage":11.0,"enemies":"Automaton","floor":33.0,"turns":9.0},{"damage":22.0,"enemies":"3 Darklings","floor":35.0,"turns":5.0},{"damage":40,"enemies":"2 Orb Walkers","floor":36,"turns":3}],"seed_played":"-5136640215911922845","potions_obtained":[{"floor":4.0,"key":"Weak Potion"},{"floor":8.0,"key":"ColorlessPotion"},{"floor":16.0,"key":"LiquidBronze"},{"floor":18.0,"key":"SmokeBomb"},{"floor":27.0,"key":"CunningPotion"},{"floor":29.0,"key":"GamblersBrew"},{"floor":31.0,"key":"SkillPotion"}],"is_trial":false,"path_per_floor":["M","?","?","M","M","R","$","E","T","$","R","?","R","M","R","B",null,"M","?","T","$","?","R","E","R","T","M","R","M","M","E","R","B",null,"M","?"],"character_chosen":"THE_SILENT","items_purchased":["Bag of Preparation","Backstab","SteroidPotion","PowerPotion"],"campfire_rested":1,"item_purchase_floors":[7,7,7,10],"current_hp_per_floor":[52,52,52,48,48,48,48,37,47,47,47,47,47,38,59,16,57,53,53,53,53,53,53,50,50,50,50,50,50,50,50,50,39,62,40,0,0],"gold":244,"neow_bonus":"TWO_FIFTY_GOLD","is_daily":false,"chose_seed":false,"campfire_upgraded":7,"win_rate":0.0,"timestamp":1612150238,"path_taken":["M","?","?","M","M","R","?","E","T","$","R","?","R","M","R","BOSS","M","?","?","$","?","R","E","R","T","M","R","M","M","E","R","BOSS","M","?"],"items_purchased_type":["Relic","Card","Potion","Potion"],"build_version":"2020-12-22","purchased_purges":2,"victory":false,"max_hp_per_floor":[60,60,60,60,60,60,60,60,70,70,70,70,70,70,70,70,70,70,70,70,70,70,70,70,70,70,70,70,70,70,70,70,70,70,70,70,70],"card_choices":[{"not_picked":["Backflip","Dagger Throw"],"picked":"Blade Dance","floor":1.0},{"not_picked":["Calculated Gamble","Flying Knee"],"picked":"Leg Sweep","floor":4.0},{"not_picked":["Reflex","Bane"],"picked":"All Out Attack","floor":5.0},{"not_picked":["All Out Attack","PiercingWail"],"picked":"Cloak And Dagger","floor":8.0},{"not_picked":["Slice","Dagger Spray"],"picked":"Blade Dance","floor":14.0},{"not_picked":["Burst","Unload"],"picked":"Storm of Steel","floor":16.0},{"not_picked":["Dagger Spray","Slice"],"picked":"Acrobatics","floor":18.0},{"not_picked":["Unload","Catalyst"],"picked":"Terror","floor":24.0},{"not_picked":["Deflect","Poisoned Stab"],"picked":"Slice+1","floor":27.0},{"not_picked":["Poisoned Stab","Bane","Eviscerate"],"picked":"SKIP","floor":27.0},{"not_picked":["Bane","Doppelganger"],"picked":"Eviscerate","floor":29.0},{"not_picked":["Bouncing Flask","Deflect"],"picked":"Calculated Gamble+1","floor":29.0},{"not_picked":["Cloak And Dagger","Leg Sweep"],"picked":"Crippling Poison","floor":30.0},{"not_picked":["Deflect","Outmaneuver","Setup"],"picked":"SKIP","floor":30.0},{"not_picked":["Deflect","Outmaneuver","Setup"],"picked":"SKIP","floor":30.0},{"not_picked":["Deflect","Outmaneuver","Setup"],"picked":"SKIP","floor":30.0},{"not_picked":["Masterful Stab","Terror","Finisher"],"picked":"SKIP","floor":31.0},{"not_picked":["Die Die Die","Phantasmal Killer"],"picked":"Envenom","floor":33.0},{"not_picked":["Underhanded Strike","Poisoned Stab"],"picked":"Cloak And Dagger+1","floor":35.0},{"not_picked":["Bane+1","Poisoned Stab","Cloak And Dagger"],"picked":"SKIP","floor":35.0}],"player_experience":551360,"relics_obtained":[{"floor":8.0,"key":"Sundial"},{"floor":9.0,"key":"Pear"},{"floor":20.0,"key":"Juzu Bracelet"},{"floor":24.0,"key":"InkBottle"},{"floor":26.0,"key":"Prayer Wheel"},{"floor":31.0,"key":"MealTicket"}],"event_choices":[{"damage_healed":0.0,"max_hp_gain":0.0,"max_hp_loss":0.0,"gold_gain":0.0,"event_name":"Shining Light","player_choice":"Ignored","floor":2.0,"gold_loss":0.0,"damage_taken":0.0},{"damage_healed":0.0,"max_hp_gain":0.0,"max_hp_loss":0.0,"gold_gain":0.0,"cards_transformed":["Strike_G"],"event_name":"Living Wall","player_choice":"Change","floor":3.0,"gold_loss":0.0,"damage_taken":0.0,"cards_obtained":["Flying Knee"]},{"damage_healed":0.0,"max_hp_gain":0.0,"max_hp_loss":0.0,"gold_gain":0.0,"event_name":"Accursed Blacksmith","player_choice":"Rummage","floor":12.0,"gold_loss":0.0,"damage_taken":0.0,"relics_obtained":["WarpedTongs"],"cards_obtained":["Pain"]},{"damage_healed":0.0,"max_hp_gain":0.0,"max_hp_loss":0.0,"gold_gain":0.0,"cards_transformed":["Defend_G","Strike_G"],"event_name":"Drug Dealer","player_choice":"Became Test Subject","floor":19.0,"gold_loss":0.0,"damage_taken":0.0,"cards_obtained":["Concentrate","Reflex"]},{"damage_healed":0.0,"max_hp_gain":0.0,"max_hp_loss":0.0,"gold_gain":0.0,"event_name":"Duplicator","player_choice":"Copied","floor":22.0,"gold_loss":0.0,"damage_taken":0.0,"cards_obtained":["After Image"]},{"damage_healed":0,"gold_gain":0,"player_choice":"Fight","damage_taken":0,"max_hp_gain":0,"max_hp_loss":0,"event_name":"Mysterious Sphere","floor":36,"gold_loss":0}],"is_beta":false,"boss_relics":[{"not_picked":["HoveringKite","Empty Cage"],"picked":"Astrolabe"},{"not_picked":["Velvet Choker","Runic Dome"],"picked":"Black Star"}],"items_purged_floors":[10,21],"is_endless":false,"potions_floor_spawned":[4,8,16,18,27,29,31],"killed_by":"2 Orb Walkers","ascension_level":15}}