{"host":"rolltorest","time":1612141197,"event":{"mods":["BaseMod","Minty Spire (QoL Compilation)","Relic Stats","Slay the Relics Exporter","StSLib"],"gold_per_floor":[109,119,119,119,137,170,170,183,183,183,215,235,258,258,258,337,337,354,364,104,104,104],"floor_reached":21,"language":"ENG","playtime":489,"items_purged":["Pain"],"score":474,"play_id":"d6f789d7-00ce-452b-b030-c20e7688d86f","local_time":"20210131165957","is_ascension_mode":true,"campfire_choices":[{"data":"Meditate","floor":7,"key":"SMITH"},{"floor":10,"key":"REST"},{"floor":15,"key":"REST"}],"circlet_count":0,"master_deck":["AscendersBane","Strike_P","Strike_P","Strike_P","Strike_P","Defend_P","Defend_P","Defend_P","Defend_P","Eruption","Vigilance","Meditate+1","SashWhip","EmptyFist","Adaptation","Wallop","SignatureMove","Tantrum","Decay","DeusExMachina","Vault","BowlingBash","ClearTheMind","Thinking Ahead"],"relics":["SlaversCollar","WarpedTongs","Mercury Hourglass","White Beast Statue","Letter Opener","Odd Mushroom","Pen Nib","VioletLotus"],"acts_visited":["Exordium","TheCity"],"potions_floor_usage":[6,11,19,19],"damage_taken":[{"damage":2,"enemies":"Jaw Worm","floor":1,"turns":5},{"damage":7,"enemies":"Cultist","floor":2,"turns":5},{"damage":12,"enemies":"2 Louse","floor":5,"turns":2},{"damage":13,"enemies":"Lagavulin","floor":6,"turns":4},{"damage":10,"enemies":"Blue Slaver","floor":8,"turns":6},{"damage":10,"enemies":"3 Sentries","floor":11,"turns":3},{"damage":28,"enemies":"The Mushroom Lair","floor":12,"turns":3},{"damage":2,"enemies":"Slime Boss","floor":16,"turns":5},{"damage":33,"enemies":"Shell Parasite","floor":18,"turns":4},{"damage":16,"enemies":"3 Byrds","floor":19,"turns":5},{"damage":2,"enemies":"Snake Plant","floor":21,"turns":2}],"seed_played":"4682087688089664742","potions_obtained":[{"floor":5,"key":"SneckoOil"},{"floor":6,"key":"SkillPotion"},{"floor":8,"key":"GamblersBrew"},{"floor":11,"key":"Swift Potion"},{"floor":19,"key":"Explosive Potion"}],"is_trial":false,"path_per_floor":["M","M","?","?","M","E","R","M","T","R","E","?","T","?","R","B",null,"M","M","$","M"],"character_chosen":"WATCHER","items_purchased":["Thinking Ahead"],"campfire_rested":2,"item_purchase_floors":[20],"current_hp_per_floor":[59,52,57,57,45,32,32,22,22,43,33,5,5,5,26,24,61,28,12,12,10,10],"gold":104,"neow_bonus":"BOSS_RELIC","is_daily":false,"chose_seed":false,"campfire_upgraded":1,"win_rate":0.0,"timestamp":1612141197,"path_taken":["M","M","?","?","?","E","R","M","T","R","E","?","?","?","R","BOSS","M","M","$","M"],"items_purchased_type":["Card"],"build_version":"2020-12-18","purchased_purges":1,"victory":false,"max_hp_per_floor":[68,68,73,73,73,73,73,73,73,73,73,73,73,73,73,73,73,73,73,73,73,73],"relic_stats":{"counters":[11,44],"Pen Nib":[3],"VioletLotus":[3],"Letter Opener":[0],"obtain_stats":[{"SlaversCollar":0,"Pen Nib":13,"VioletLotus":17,"Letter Opener":11,"PureWater":0,"Odd Mushroom":12,"White Beast Statue":9,"WarpedTongs":4,"Mercury Hourglass":6},{"SlaversCollar":0,"Pen Nib":7,"VioletLotus":8,"Letter Opener":6,"PureWater":0,"Odd Mushroom":7,"White Beast Statue":5,"WarpedTongs":2,"Mercury Hourglass":4},{"SlaversCollar":0,"Pen Nib":28,"VioletLotus":33,"Letter Opener":25,"PureWater":0,"Odd Mushroom":28,"White Beast Statue":22,"WarpedTongs":10,"Mercury Hourglass":16}],"WarpedTongs":[34],"Mercury Hourglass":[123]},"card_choices":[{"not_picked":["FollowUp","Halt"],"picked":"Meditate","floor":1},{"not_picked":["Protect","EmptyBody"],"picked":"SashWhip","floor":2},{"not_picked":["CrushJoints","Protect"],"picked":"EmptyFist","floor":5},{"not_picked":["Fasting2","Scrawl"],"picked":"Adaptation","floor":6},{"not_picked":["BowlingBash","Weave"],"picked":"Wallop","floor":8},{"not_picked":["Establishment","PathToVictory"],"picked":"SignatureMove","floor":11},{"not_picked":["CrushJoints","Prostrate"],"picked":"Tantrum","floor":12},{"not_picked":["DevaForm","Brilliance"],"picked":"Vault","floor":16},{"not_picked":["Consecrate","Prostrate"],"picked":"BowlingBash","floor":18},{"not_picked":["Perseverance","PathToVictory"],"picked":"ClearTheMind","floor":19}],"player_experience":1782023,"relics_obtained":[{"floor":6,"key":"Mercury Hourglass"},{"floor":9,"key":"White Beast Statue"},{"floor":11,"key":"Letter Opener"},{"floor":12,"key":"Odd Mushroom"},{"floor":13,"key":"Pen Nib"}],"event_choices":[{"damage_healed":0,"gold_gain":0,"player_choice":"Donut","damage_taken":0,"max_hp_gain":5,"max_hp_loss":0,"event_name":"Big Fish","floor":3,"gold_loss":0},{"damage_healed":0,"gold_gain":0,"player_choice":"Rummage","damage_taken":0,"relics_obtained":["WarpedTongs"],"max_hp_gain":0,"max_hp_loss":0,"event_name":"Accursed Blacksmith","floor":4,"gold_loss":0,"cards_obtained":["Pain"]},{"damage_healed":0,"gold_gain":0,"player_choice":"Fought Mushrooms","damage_taken":0,"max_hp_gain":0,"max_hp_loss":0,"event_name":"Mushrooms","floor":12,"gold_loss":0},{"damage_healed":0,"gold_gain":0,"player_choice":"2 cards matched","damage_taken":0,"max_hp_gain":0,"max_hp_loss":0,"event_name":"Match and Keep!","floor":14,"gold_loss":0,"cards_obtained":["Decay","DeusExMachina"]}],"is_beta":true,"boss_relics":[{"not_picked":["Fusion Hammer","Tiny House"],"picked":"VioletLotus"}],"items_purged_floors":[20],"is_endless":false,"potions_floor_spawned":[5,6,8,11,12,16,18,19],"killed_by":"Snake Plant","ascension_level":20}}