{"host":"rolltorest","time":1612152982,"event":{"mods":["BaseMod","Minty Spire (QoL Compilation)","Relic Stats","Slay the Relics Exporter","StSLib"],"gold_per_floor":[117,192,342,360,360,360,395,395,395,395,395,395],"floor_reached":11,"language":"ENG","playtime":79,"items_purged":[],"score":188,"play_id":"7efb9a72-54d5-4aa4-9581-d3df7d577e49","local_time":"20210131201622","is_ascension_mode":true,"campfire_choices":[{"data":"Reinforced Body","floor":6,"key":"SMITH"},{"data":"Zap","floor":8,"key":"SMITH"},{"data":"White Noise","floor":10,"key":"SMITH"}],"circlet_count":0,"master_deck":["AscendersBane","Strike_B","Strike_B+1","Strike_B","Strike_B","Defend_B","Defend_B","Defend_B","Defend_B","Zap+1","Dualcast","Coolheaded+1","Doubt","Reinforced Body+1","White Noise+1"],"relics":["Cracked Core","NeowsBlessing","Happy Flower","InkBottle"],"acts_visited":["Exordium"],"potions_floor_usage":[],"damage_taken":[{"damage":0,"enemies":"Jaw Worm","floor":1,"turns":1},{"damage":0,"enemies":"Small Slimes","floor":4,"turns":1},{"damage":0,"enemies":"3 Sentries","floor":7,"turns":2},{"damage":0,"enemies":"Gremlin Nob","floor":11,"turns":2}],"seed_played":"-344914813191989207","potions_obtained":[{"floor":7,"key":"Strength Potion"}],"is_trial":false,"path_per_floor":["M","?","?","M","?","R","E","R","T","R","E"],"character_chosen":"DEFECT","items_purchased":[],"campfire_rested":0,"item_purchase_floors":[],"current_hp_per_floor":[64,53,53,53,32,32,32,32,32,32,32,32],"gold":395,"neow_bonus":"THREE_ENEMY_KILL","is_daily":false,"chose_seed":false,"campfire_upgraded":3,"win_rate":0.0,"timestamp":1612152982,"path_taken":["M","?","?","M","?","R","E","R","T","R","E"],"items_purchased_type":[],"build_version":"2020-12-18","purchased_purges":0,"victory":false,"max_hp_per_floor":[71,71,71,71,71,71,71,71,71,71,71,71],"relic_stats":{"Happy Flower":[0],"counters":[4,6],"obtain_stats":[{"NeowsBlessing":0,"Happy Flower":7,"Cracked Core":0,"InkBottle":9},{"NeowsBlessing":0,"Happy Flower":3,"Cracked Core":0,"InkBottle":3},{"NeowsBlessing":0,"Happy Flower":4,"Cracked Core":0,"InkBottle":4}],"InkBottle":[0]},"card_choices":[{"not_picked":["Stack","Turbo"],"picked":"Coolheaded","floor":1},{"not_picked":["Auto Shields","Stack"],"picked":"Reinforced Body","floor":4},{"not_picked":["Gash","Scrape"],"picked":"White Noise","floor":7}],"player_experience":1788492,"relics_obtained":[{"floor":7,"key":"Happy Flower"},{"floor":9,"key":"InkBottle"}],"event_choices":[{"damage_healed":0,"gold_gain":75,"player_choice":"Gather Gold","damage_taken":11,"max_hp_gain":0,"max_hp_loss":0,"event_name":"World of Goop","floor":2,"gold_loss":0},{"damage_healed":0,"gold_gain":150,"player_choice":"AGREE","damage_taken":0,"max_hp_gain":0,"max_hp_loss":0,"event_name":"Liars Game","floor":3,"gold_loss":0,"cards_obtained":["Doubt"]},{"damage_healed":0,"gold_gain":0,"player_choice":"Entered Light","damage_taken":21,"max_hp_gain":0,"max_hp_loss":0,"event_name":"Shining Light","floor":5,"gold_loss":0,"cards_upgraded":["Strike_B","Coolheaded"]}],"is_beta":true,"boss_relics":[],"items_purged_floors":[],"is_endless":false,"potions_floor_spawned":[7],"killed_by":"Gremlin Nob","ascension_level":20}}