{"host":"jpcy2bclvs7juczu","time":1612214539,"event":{"mods":["Alarm Clock","BaseMod","Bestiary","Block Reminder","Colored Map","Colored Powertips","Curses Come First","Dark Map","Filter the Spire","Minty Spire (QoL Compilation)","Quick Restart","RNG Fix","Random Character Button","Relic Stats","Slay the Relics Exporter","Smile Girya","StSLib","everything is the same but u backflip on backflip","ojb\u0027s Better Paths Mod","ojb\u0027s Info Mod","slay the spire mod where everything is the same but ironclad has a cowboy hat"],"gold_per_floor":[114,14,32,107,25,53,53,80,104,104,104,104,114,141,141,212,212,222,58,71,71,88,88,117,117,117,146,146,165,197,212,212,284,284,304,15,32,32,51,86,86,112,112,142,160,160,179,189,189,189,189,189,189,31,56,56],"floor_reached":57,"language":"ENG","playtime":2573,"items_purged":["Shame","Strike_R"],"score":3136,"play_id":"d313708b-e7a5-4416-97e7-375d83f16aef","local_time":"20210201162219","is_ascension_mode":true,"campfire_choices":[{"data":"Perfected Strike","floor":7.0,"key":"SMITH"},{"floor":11.0,"key":"REST"},{"data":"Bash","floor":12.0,"key":"SMITH"},{"data":"Fiend Fire","floor":15.0,"key":"SMITH"},{"data":"Barricade","floor":23.0,"key":"SMITH"},{"data":"Impervious","floor":25.0,"key":"SMITH"},{"data":"Body Slam","floor":28.0,"key":"SMITH"},{"floor":32.0,"key":"REST"},{"data":"Body Slam","floor":41.0,"key":"SMITH"},{"floor":49,"key":"RECALL"},{"data":"Power Through","floor":53,"key":"SMITH"}],"circlet_count":0,"master_deck":["AscendersBane","Strike_R+1","Defend_R","Defend_R+1","Defend_R","Bash+1","Power Through+1","Twin Strike+1","Clothesline+1","Perfected Strike+1","Barricade+1","Impervious+1","Shockwave+1","Fiend Fire+1","Offering","Offering+1","Flex+1","Flex+1","Shrug It Off+1","Body Slam+1","Battle Trance+1","Dark Embrace+1","Battle Trance+1","Feel No Pain+1","Body Slam+1","Exhume+1","Shrug It Off+1","Sentinel+1","Havoc+1","Shrug It Off+1","Dark Embrace+1","True Grit+1"],"relics":["Burning Blood","WingedGreaves","Akabeko","PreservedInsect","Whetstone","Frozen Egg 2","Astrolabe","Toolbox","Pen Nib","Art of War","Toxic Egg 2","Letter Opener","Philosopher\u0027s Stone","War Paint","Molten Egg 2","Kunai","Pocketwatch","Toy Ornithopter"],"acts_visited":["Exordium","TheCity","TheBeyond","TheEnding"],"potions_floor_usage":[45,51,55,56],"damage_taken":[{"damage":6.0,"enemies":"Cultist","floor":1.0,"turns":3.0},{"damage":7.0,"enemies":"2 Louse","floor":3.0,"turns":3.0},{"damage":30.0,"enemies":"Lagavulin","floor":6.0,"turns":6.0},{"damage":30.0,"enemies":"3 Sentries","floor":8.0,"turns":9.0},{"damage":0.0,"enemies":"Small Slimes","floor":13.0,"turns":2.0},{"damage":0.0,"enemies":"Gremlin Nob","floor":14.0,"turns":3.0},{"damage":33.0,"enemies":"Slime Boss","floor":16.0,"turns":16.0},{"damage":8.0,"enemies":"2 Thieves","floor":18.0,"turns":2.0},{"damage":6.0,"enemies":"Chosen","floor":20.0,"turns":3.0},{"damage":10.0,"enemies":"Snecko","floor":22.0,"turns":3.0},{"damage":25.0,"enemies":"Gremlin Leader","floor":24.0,"turns":4.0},{"damage":12.0,"enemies":"Book of Stabbing","floor":27.0,"turns":3.0},{"damage":12.0,"enemies":"3 Cultists","floor":29.0,"turns":3.0},{"damage":2.0,"enemies":"Gremlin Leader","floor":30.0,"turns":6.0},{"damage":6.0,"enemies":"Chosen and Byrds","floor":31.0,"turns":2.0},{"damage":19.0,"enemies":"Champ","floor":33.0,"turns":8.0},{"damage":0.0,"enemies":"3 Shapes","floor":35.0,"turns":6.0},{"damage":0.0,"enemies":"Orb Walker","floor":37.0,"turns":3.0},{"damage":7.0,"enemies":"4 Shapes","floor":39.0,"turns":4.0},{"damage":11.0,"enemies":"Nemesis","floor":40.0,"turns":3.0},{"damage":6.0,"enemies":"Giant Head","floor":42.0,"turns":4.0},{"damage":12,"enemies":"Reptomancer","floor":44,"turns":2},{"damage":6,"enemies":"Spire Growth","floor":45,"turns":4},{"damage":30,"enemies":"Transient","floor":47,"turns":6},{"damage":0,"enemies":"Writhing Mass","floor":48,"turns":4},{"damage":13,"enemies":"Donu and Deca","floor":50,"turns":9},{"damage":12,"enemies":"Awakened One","floor":51,"turns":6},{"damage":29,"enemies":"Shield and Spear","floor":55,"turns":7},{"damage":25,"enemies":"The Heart","floor":56,"turns":8}],"seed_played":"-786787974038813779","potions_obtained":[{"floor":6.0,"key":"FearPotion"},{"floor":14.0,"key":"SpeedPotion"},{"floor":16.0,"key":"SpeedPotion"},{"floor":18.0,"key":"SteroidPotion"},{"floor":30.0,"key":"Explosive Potion"},{"floor":33.0,"key":"PowerPotion"},{"floor":39.0,"key":"Ancient Potion"},{"floor":42.0,"key":"Block Potion"},{"floor":45,"key":"LiquidBronze"}],"is_trial":false,"path_per_floor":["M","$","M","?","$","E","R","E","T","?","R","R","M","E","R","B",null,"M","$","M","$","M","R","E","R","T","E","R","M","E","M","R","B",null,"M","$","M","?","M","E","R","E","T","E","M","?","M","M","R","B","B",null,"R","$","E","B",null],"character_chosen":"IRONCLAD","items_purchased":["Twin Strike","Perfected Strike","Fire Potion","Toolbox","War Paint","Shrug It Off+1","LiquidMemories","Dark Embrace+1"],"campfire_rested":2,"item_purchase_floors":[2,5,5,19,36,36,54,54],"current_hp_per_floor":[68,68,67,56,56,32,32,8,8,8,30,30,36,42,42,15,60,58,58,58,58,54,54,35,35,35,29,29,23,27,27,49,36,65,71,71,75,71,70,65,65,65,65,59,59,59,35,41,41,34,28,60,60,60,37,23],"gold":56,"neow_bonus":"ONE_RARE_RELIC","is_daily":false,"chose_seed":false,"campfire_upgraded":8,"win_rate":0.0,"timestamp":1612214539,"path_taken":["M","$","M","?","$","E","R","E","T","?","R","R","?","E","R","BOSS","M","$","M","?","?","R","E","R","T","E","R","?","E","M","R","BOSS","M","$","M","?","M","E","R","E","T","E","M","?","M","M","R","BOSS","BOSS","R","$","E","BOSS"],"items_purchased_type":["Card","Card","Potion","Relic","Relic","Card","Potion","Card"],"build_version":"2020-12-22","purchased_purges":2,"victory":true,"max_hp_per_floor":[75,75,75,75,75,75,75,75,75,75,75,75,75,75,75,75,75,75,75,75,75,75,75,75,75,75,75,75,75,75,75,75,75,75,75,75,75,71,71,71,71,71,71,71,71,71,71,71,71,71,71,71,71,71,71,71],"relic_stats":{"counters":[29,142],"Astrolabe":["Offering","Flex","Flex"],"PreservedInsect":482,"Pen Nib":[12],"Whetstone":["Strike_R","Twin Strike"],"Letter Opener":[419],"War Paint":["Shockwave","Defend_R"],"Burning Blood":172,"Art of War":[16],"Kunai":[10],"obtain_stats":[{"Astrolabe":17,"PreservedInsect":8,"Pen Nib":24,"Whetstone":9,"Letter Opener":30,"Frozen Egg 2":14,"War Paint":36,"Burning Blood":0,"Akabeko":6,"Toolbox":19,"Philosopher\u0027s Stone":34,"Molten Egg 2":40,"WingedGreaves":0,"Art of War":26,"Kunai":42,"Toxic Egg 2":27,"Toy Ornithopter":55,"Pocketwatch":44},{"Astrolabe":7,"PreservedInsect":4,"Pen Nib":11,"Whetstone":4,"Letter Opener":14,"Frozen Egg 2":6,"War Paint":17,"Burning Blood":0,"Akabeko":3,"Toolbox":8,"Philosopher\u0027s Stone":16,"Molten Egg 2":20,"WingedGreaves":0,"Art of War":11,"Kunai":21,"Toxic Egg 2":12,"Toy Ornithopter":28,"Pocketwatch":22},{"Astrolabe":42,"PreservedInsect":21,"Pen Nib":54,"Whetstone":21,"Letter Opener":66,"Frozen Egg 2":26,"War Paint":82,"Burning Blood":0,"Akabeko":12,"Toolbox":44,"Philosopher\u0027s Stone":76,"Molten Egg 2":92,"WingedGreaves":0,"Art of War":54,"Kunai":96,"Toxic Egg 2":57,"Toy Ornithopter":134,"Pocketwatch":98}],"Toy Ornithopter":5,"Pocketwatch":[18]},"card_choices":[{"not_picked":["Heavy Blade","Body Slam"],"picked":"Power Through","floor":1.0},{"not_picked":["True Grit","Dark Embrace"],"picked":"Clothesline","floor":3.0},{"not_picked":["Havoc","Body Slam"],"picked":"Barricade","floor":6.0},{"not_picked":["Searing Blow","Anger"],"picked":"Impervious","floor":8.0},{"not_picked":["Heavy Blade","Blood for Blood"],"picked":"Shockwave","floor":13.0},{"not_picked":["Pommel Strike","Armaments"],"picked":"Fiend Fire","floor":14.0},{"not_picked":["Fiend Fire","Demon Form+1"],"picked":"Offering","floor":16.0},{"not_picked":["True Grit","Pommel Strike"],"picked":"Shrug It Off+1","floor":18.0},{"not_picked":["True Grit","Sentinel"],"picked":"Body Slam","floor":20.0},{"not_picked":["Dropkick","Dual Wield"],"picked":"Battle Trance+1","floor":22.0},{"not_picked":["Thunderclap","Blood for Blood","Perfected Strike"],"picked":"SKIP","floor":24.0},{"not_picked":["Blood for Blood","Metallicize+1"],"picked":"Dark Embrace+1","floor":27.0},{"not_picked":["Twin Strike","Sword Boomerang"],"picked":"Battle Trance+1","floor":29.0},{"not_picked":["Hemokinesis","Infernal Blade+1"],"picked":"Feel No Pain+1","floor":30.0},{"not_picked":["Limit Break+1","Anger"],"picked":"Body Slam","floor":31.0},{"not_picked":["Double Tap+1","Berserk+1"],"picked":"Exhume+1","floor":33.0},{"not_picked":["Warcry+1","Heavy Blade","Uppercut"],"picked":"SKIP","floor":35.0},{"not_picked":["Shrug It Off+1","Twin Strike"],"picked":"Sentinel+1","floor":37.0},{"not_picked":["Wild Strike","Anger"],"picked":"Havoc+1","floor":39.0},{"not_picked":["Double Tap+1","Carnage+1","Uppercut+1"],"picked":"SKIP","floor":40.0},{"not_picked":["Wild Strike+1","Clothesline+1"],"picked":"Shrug It Off+1","floor":42.0},{"not_picked":["Spot Weakness+1","Berserk+1","Dual Wield+1"],"picked":"SKIP","floor":44},{"not_picked":["Carnage+1","Blood for Blood+1","Sword Boomerang+1"],"picked":"SKIP","floor":45},{"not_picked":["Battle Trance+1","Cleave+1","Pommel Strike+1"],"picked":"SKIP","floor":47},{"not_picked":["Metallicize+1","Warcry+1","Thunderclap+1"],"picked":"SKIP","floor":48},{"not_picked":["Rupture+1","Anger+1"],"picked":"True Grit+1","floor":55}],"player_experience":1544769,"relics_obtained":[{"floor":6.0,"key":"Akabeko"},{"floor":8.0,"key":"PreservedInsect"},{"floor":9.0,"key":"Whetstone"},{"floor":14.0,"key":"Frozen Egg 2"},{"floor":24.0,"key":"Pen Nib"},{"floor":26.0,"key":"Art of War"},{"floor":27.0,"key":"Toxic Egg 2"},{"floor":30.0,"key":"Letter Opener"},{"floor":40.0,"key":"Molten Egg 2"},{"floor":42.0,"key":"Kunai"},{"floor":44,"key":"Pocketwatch"},{"floor":55,"key":"Toy Ornithopter"}],"event_choices":[{"damage_healed":0.0,"max_hp_gain":0.0,"max_hp_loss":0.0,"gold_gain":75.0,"event_name":"World of Goop","player_choice":"Gather Gold","floor":4.0,"gold_loss":0.0,"damage_taken":11.0},{"damage_healed":0.0,"max_hp_gain":0.0,"max_hp_loss":0.0,"gold_gain":0.0,"event_name":"Upgrade Shrine","player_choice":"Upgraded","floor":10.0,"gold_loss":0.0,"damage_taken":0.0,"cards_upgraded":["Clothesline"]},{"damage_healed":0.0,"max_hp_gain":0.0,"max_hp_loss":4.0,"gold_gain":0.0,"event_name":"Winding Halls","player_choice":"Max HP","floor":38.0,"gold_loss":0.0,"damage_taken":0.0},{"cards_removed":["Defend_R"],"damage_healed":0,"gold_gain":0,"player_choice":"Removed Skill","damage_taken":0,"max_hp_gain":0,"max_hp_loss":0,"event_name":"Falling","floor":46,"gold_loss":0}],"is_beta":false,"boss_relics":[{"not_picked":["Calling Bell","Sozu"],"picked":"Astrolabe"},{"not_picked":["Tiny House","Mark of Pain"],"picked":"Philosopher\u0027s Stone"}],"items_purged_floors":[2,36],"is_endless":false,"potions_floor_spawned":[6,14,16,18,22,30,33,39,42,45,48],"ascension_level":20}}