{"host":"Jackie","time":1612216407,"event":{"mods":["BaseMod","Highlight Path","Minty Spire (QoL Compilation)","Relic Stats","Slay the Relics Exporter","StSLib","Twitch Decklist"],"gold_per_floor":[113,132,132,152,152,177,177,207,231,249,266,14,14,26,26,99,99,99,99,99,99,99,99,99,99,99,99,99,99,99,99,99,99,99,99,99,99,60,60,60,60,60,60,60,60,60,60,60,60,60,60,60,60,60,60,60],"floor_reached":57,"language":"ENG","playtime":5096,"items_purged":[],"score":3195,"play_id":"0f99f1b0-1755-4765-91cf-e2217b7b9aca","local_time":"20210201135327","is_ascension_mode":true,"campfire_choices":[{"data":"Eruption","floor":7.0,"key":"SMITH"},{"floor":13.0,"key":"REST"},{"data":"CutThroughFate","floor":15.0,"key":"SMITH"},{"floor":23.0,"key":"REST"},{"data":"CutThroughFate","floor":27.0,"key":"SMITH"},{"floor":32.0,"key":"REST"},{"floor":44,"key":"RECALL"},{"floor":49,"key":"REST"},{"floor":53,"key":"REST"}],"circlet_count":0,"master_deck":["AscendersBane","Strike_P+1","Strike_P+1","Strike_P+1","Strike_P+1","Defend_P+1","Defend_P+1","Defend_P+1","Defend_P+1","Eruption+1","Vigilance","BowlingBash","Wallop","Crescendo","CutThroughFate+1","Protect","CutThroughFate+1","MentalFortress","FlyingSleeves","Ragnarok","EmptyMind","Conclude","Ghostly","Ghostly","Ghostly","FlurryOfBlows","Meditate+1","Tantrum","SpiritShield","FlurryOfBlows","Scrawl","CutThroughFate","Trip","Meditate","Adaptation+1","Wireheading+1","Weave","Fasting2+1","ThirdEye+1","Fasting2+1"],"relics":["Black Star","Akabeko","Happy Flower","Centennial Puzzle","Ginger","Orichalcum","OrangePellets","Ectoplasm","Anchor","Juzu Bracelet","Blood Vial","Frozen Egg 2","Pantograph","Shuriken","White Beast Statue","Fusion Hammer","FossilizedHelix","Singing Bowl","Art of War","CeramicFish","Kunai","MealTicket","HornCleat","Mango","StrikeDummy","Letter Opener"],"acts_visited":["Exordium","TheCity","TheBeyond","TheEnding"],"potions_floor_usage":[37,51,56,56],"damage_taken":[{"damage":19.0,"enemies":"Small Slimes","floor":1.0,"turns":4.0},{"damage":4.0,"enemies":"Jaw Worm","floor":2.0,"turns":4.0},{"damage":0.0,"enemies":"2 Louse","floor":4.0,"turns":2.0},{"damage":10.0,"enemies":"Gremlin Nob","floor":6.0,"turns":3.0},{"damage":14.0,"enemies":"3 Sentries","floor":8.0,"turns":7.0},{"damage":5.0,"enemies":"Looter","floor":10.0,"turns":2.0},{"damage":0.0,"enemies":"Exordium Wildlife","floor":11.0,"turns":2.0},{"damage":1.0,"enemies":"Lots of Slimes","floor":14.0,"turns":4.0},{"damage":17.0,"enemies":"The Guardian","floor":16.0,"turns":13.0},{"damage":14.0,"enemies":"Chosen","floor":18.0,"turns":4.0},{"damage":11.0,"enemies":"3 Byrds","floor":19.0,"turns":6.0},{"damage":15.0,"enemies":"Snake Plant","floor":21.0,"turns":4.0},{"damage":9.0,"enemies":"Book of Stabbing","floor":24.0,"turns":6.0},{"damage":0.0,"enemies":"Sentry and Sphere","floor":25.0,"turns":4.0},{"damage":6.0,"enemies":"Chosen and Byrds","floor":28.0,"turns":4.0},{"damage":0.0,"enemies":"Slavers","floor":29.0,"turns":2.0},{"damage":0.0,"enemies":"3 Cultists","floor":30.0,"turns":2.0},{"damage":6.0,"enemies":"Gremlin Leader","floor":31.0,"turns":5.0},{"damage":0.0,"enemies":"Collector","floor":33.0,"turns":5.0},{"damage":3,"enemies":"3 Shapes","floor":35,"turns":4},{"damage":0,"enemies":"Orb Walker","floor":37,"turns":2},{"damage":2,"enemies":"Mind Bloom Boss Battle","floor":39,"turns":4},{"damage":0,"enemies":"Giant Head","floor":40,"turns":3},{"damage":0,"enemies":"Transient","floor":41,"turns":6},{"damage":0,"enemies":"Reptomancer","floor":42,"turns":3},{"damage":0,"enemies":"Giant Head","floor":45,"turns":4},{"damage":0,"enemies":"2 Orb Walkers","floor":46,"turns":2},{"damage":14,"enemies":"Awakened One","floor":50,"turns":9},{"damage":0,"enemies":"Donu and Deca","floor":51,"turns":5},{"damage":28,"enemies":"Shield and Spear","floor":55,"turns":5},{"damage":19,"enemies":"The Heart","floor":56,"turns":9}],"seed_played":"1014081311444375059","potions_obtained":[{"floor":2.0,"key":"BottledMiracle"},{"floor":6.0,"key":"Swift Potion"},{"floor":10.0,"key":"FearPotion"},{"floor":16.0,"key":"BottledMiracle"},{"floor":18.0,"key":"SkillPotion"},{"floor":24.0,"key":"StancePotion"},{"floor":28.0,"key":"SkillPotion"},{"floor":31.0,"key":"SteroidPotion"},{"floor":33.0,"key":"DuplicationPotion"},{"floor":35,"key":"Fruit Juice"},{"floor":37,"key":"Block Potion"},{"floor":39,"key":"SpeedPotion"},{"floor":55,"key":"Block Potion"}],"is_trial":false,"path_per_floor":["M","M","?","M","?","E","R","E","T","M","M","$","R","M","R","B",null,"M","M","?","M","?","R","E","M","T","R","M","E","M","E","R","B",null,"M","?","M","$","?","E","M","E","T","R","E","?","?","$","R","B","B",null,"R","$","E","B",null],"character_chosen":"WATCHER","items_purchased":["OrangePellets","MentalFortress","Adaptation+1"],"campfire_rested":5,"item_purchase_floors":[12,12,38],"current_hp_per_floor":[42,38,43,43,43,33,33,19,19,14,14,14,35,34,34,17,59,45,34,34,19,19,29,20,20,20,20,16,18,20,16,26,36,36,33,33,40,40,39,41,43,45,45,45,45,59,59,59,59,45,59,59,59,59,31,39],"gold":60,"neow_bonus":"BOSS_RELIC","is_daily":false,"chose_seed":false,"campfire_upgraded":3,"win_rate":0.0,"timestamp":1612216407,"path_taken":["M","M","?","M","?","E","R","E","T","M","M","$","R","M","R","BOSS","M","M","?","M","?","R","E","M","T","R","M","E","M","E","R","BOSS","M","?","M","$","?","E","M","E","T","R","E","?","?","?","R","BOSS","BOSS","R","$","E","BOSS"],"items_purchased_type":["Relic","Card","Card"],"build_version":"2020-12-18","purchased_purges":0,"victory":true,"max_hp_per_floor":[68,68,73,73,73,73,73,73,73,73,73,73,73,73,73,73,73,73,73,73,73,36,36,36,36,36,36,36,36,36,36,36,36,36,36,36,41,41,41,41,43,45,45,45,45,59,59,59,59,59,59,59,59,59,59,59],"relic_stats":{"Happy Flower":[42],"Singing Bowl":4,"counters":[31,139],"CeramicFish":0,"Juzu Bracelet":1,"Ginger":[19],"Letter Opener":[10],"Orichalcum":[84],"Blood Vial":14,"OrangePellets":[10],"Centennial Puzzle":[42],"Shuriken":[60],"Pantograph":50,"MealTicket":0,"Ectoplasm":576,"Black Star":9,"Art of War":[2],"Kunai":[31],"obtain_stats":[{"Singing Bowl":40,"CeramicFish":42,"Mango":46,"Juzu Bracelet":24,"Ginger":8,"Blood Vial":26,"Centennial Puzzle":8,"HornCleat":45,"Pantograph":29,"MealTicket":45,"Fusion Hammer":34,"Kunai":42,"Happy Flower":6,"Letter Opener":55,"Orichalcum":9,"Frozen Egg 2":29,"Akabeko":6,"White Beast Statue":31,"OrangePellets":12,"Anchor":24,"Shuriken":31,"Ectoplasm":17,"Black Star":0,"Art of War":40,"PureWater":0,"StrikeDummy":55,"FossilizedHelix":39},{"Singing Bowl":23,"CeramicFish":25,"Mango":27,"Juzu Bracelet":13,"Ginger":5,"Blood Vial":14,"Centennial Puzzle":5,"HornCleat":26,"Pantograph":16,"MealTicket":26,"Fusion Hammer":19,"Kunai":25,"Happy Flower":4,"Letter Opener":30,"Orichalcum":5,"Frozen Egg 2":16,"Akabeko":4,"White Beast Statue":18,"OrangePellets":7,"Anchor":13,"Shuriken":18,"Ectoplasm":9,"Black Star":0,"Art of War":23,"PureWater":0,"StrikeDummy":30,"FossilizedHelix":22},{"Singing Bowl":96,"CeramicFish":105,"Mango":111,"Juzu Bracelet":61,"Ginger":20,"Blood Vial":65,"Centennial Puzzle":20,"HornCleat":109,"Pantograph":71,"MealTicket":109,"Fusion Hammer":83,"Kunai":105,"Happy Flower":13,"Letter Opener":130,"Orichalcum":20,"Frozen Egg 2":71,"Akabeko":13,"White Beast Statue":78,"OrangePellets":24,"Anchor":61,"Shuriken":78,"Ectoplasm":41,"Black Star":0,"Art of War":96,"PureWater":0,"StrikeDummy":130,"FossilizedHelix":93}]},"card_choices":[{"not_picked":["Evaluate","FollowUp"],"picked":"BowlingBash","floor":1.0},{"not_picked":["FlyingSleeves","Evaluate"],"picked":"Wallop","floor":2.0},{"not_picked":["Prostrate","FollowUp"],"picked":"Crescendo","floor":4.0},{"not_picked":["Evaluate","WheelKick","Prostrate"],"picked":"SKIP","floor":6.0},{"not_picked":["LikeWater","Fasting2"],"picked":"CutThroughFate","floor":8.0},{"not_picked":["Consecrate","FollowUp"],"picked":"Protect","floor":10.0},{"not_picked":["Omniscience","ForeignInfluence"],"picked":"CutThroughFate","floor":11.0},{"not_picked":["Evaluate","FollowUp"],"picked":"FlyingSleeves","floor":14.0},{"not_picked":["Omniscience","MasterReality"],"picked":"Ragnarok","floor":16.0},{"not_picked":["Wallop","PathToVictory"],"picked":"EmptyMind","floor":18.0},{"not_picked":["JustLucky","Protect"],"picked":"Conclude","floor":19.0},{"not_picked":["FlyingSleeves","CrushJoints","CarveReality+1"],"picked":"SKIP","floor":21.0},{"not_picked":["SignatureMove","FlyingSleeves"],"picked":"FlurryOfBlows","floor":24.0},{"not_picked":["ReachHeaven","WindmillStrike"],"picked":"Meditate+1","floor":25.0},{"not_picked":["LikeWater","FollowUp"],"picked":"Tantrum","floor":28.0},{"not_picked":["Brilliance","FlyingSleeves"],"picked":"SpiritShield","floor":29.0},{"not_picked":["Crescendo","ThirdEye","FlurryOfBlows"],"picked":"SKIP","floor":30.0},{"not_picked":["Meditate","Protect"],"picked":"FlurryOfBlows","floor":31.0},{"not_picked":["Wish","SpiritShield"],"picked":"Scrawl","floor":33.0},{"not_picked":["BowlingBash","CrushJoints"],"picked":"CutThroughFate","floor":35},{"not_picked":["Dramatic Entrance","Mind Blast"],"picked":"Trip","floor":36},{"not_picked":["FlyingSleeves","ThirdEye"],"picked":"Meditate","floor":37},{"not_picked":["SashWhip","WaveOfTheHand"],"picked":"Wireheading+1","floor":39},{"not_picked":["LikeWater+1","Consecrate"],"picked":"Weave","floor":40},{"not_picked":["ClearTheMind+1","WindmillStrike","Vengeance+1"],"picked":"Singing Bowl","floor":41},{"not_picked":["Swivel+1","CrushJoints","FollowUp"],"picked":"Singing Bowl","floor":42},{"not_picked":["Alpha","ClearTheMind"],"picked":"Fasting2+1","floor":45},{"not_picked":["Evaluate","CutThroughFate"],"picked":"ThirdEye+1","floor":46},{"not_picked":["JustLucky+1","Meditate+1"],"picked":"Fasting2+1","floor":55}],"player_experience":2183962,"relics_obtained":[{"floor":6.0,"key":"Akabeko"},{"floor":6.0,"key":"Happy Flower"},{"floor":8.0,"key":"Centennial Puzzle"},{"floor":8.0,"key":"Ginger"},{"floor":9.0,"key":"Orichalcum"},{"floor":24.0,"key":"Anchor"},{"floor":24.0,"key":"Juzu Bracelet"},{"floor":26.0,"key":"Blood Vial"},{"floor":29.0,"key":"Frozen Egg 2"},{"floor":29.0,"key":"Pantograph"},{"floor":31.0,"key":"Shuriken"},{"floor":31.0,"key":"White Beast Statue"},{"floor":39,"key":"FossilizedHelix"},{"floor":40,"key":"Singing Bowl"},{"floor":40,"key":"Art of War"},{"floor":42,"key":"CeramicFish"},{"floor":42,"key":"Kunai"},{"floor":45,"key":"MealTicket"},{"floor":45,"key":"HornCleat"},{"floor":46,"key":"Mango"},{"floor":55,"key":"StrikeDummy"},{"floor":55,"key":"Letter Opener"}],"event_choices":[{"damage_healed":0.0,"max_hp_gain":5.0,"max_hp_loss":0.0,"gold_gain":0.0,"event_name":"Big Fish","player_choice":"Donut","floor":3.0,"gold_loss":0.0,"damage_taken":0.0},{"damage_healed":0.0,"max_hp_gain":0.0,"max_hp_loss":0.0,"gold_gain":0.0,"event_name":"Liars Game","player_choice":"Ignored","floor":5.0,"gold_loss":0.0,"damage_taken":0.0},{"damage_healed":0.0,"max_hp_gain":0.0,"max_hp_loss":0.0,"gold_gain":0.0,"event_name":"Back to Basics","player_choice":"Simplicity","floor":20.0,"gold_loss":0.0,"damage_taken":0.0,"cards_upgraded":["Strike_P","Strike_P","Strike_P","Strike_P","Defend_P","Defend_P","Defend_P","Defend_P"]},{"damage_healed":0.0,"max_hp_gain":0.0,"max_hp_loss":37.0,"gold_gain":0.0,"event_name":"Ghosts","player_choice":"Became a Ghost","floor":22.0,"gold_loss":0.0,"damage_taken":0.0,"cards_obtained":["Ghostly","Ghostly","Ghostly"]},{"damage_healed":0,"gold_gain":0,"player_choice":"Memory 1","damage_taken":0,"max_hp_gain":0,"max_hp_loss":0,"event_name":"SensoryStone","floor":36,"gold_loss":0},{"damage_healed":0,"gold_gain":0,"player_choice":"Fight","damage_taken":0,"max_hp_gain":0,"max_hp_loss":0,"event_name":"MindBloom","floor":39,"gold_loss":0},{"damage_healed":0,"gold_gain":0,"player_choice":"Fight","damage_taken":0,"max_hp_gain":0,"max_hp_loss":0,"event_name":"Mysterious Sphere","floor":46,"gold_loss":0},{"damage_healed":0,"gold_gain":0,"player_choice":"Got Potions","damage_taken":0,"max_hp_gain":0,"max_hp_loss":0,"event_name":"Lab","floor":47,"gold_loss":0}],"is_beta":true,"boss_relics":[{"not_picked":["Tiny House","Velvet Choker"],"picked":"Ectoplasm"},{"not_picked":["VioletLotus","Sozu"],"picked":"Fusion Hammer"}],"items_purged_floors":[],"is_endless":false,"potions_floor_spawned":[2,6,10,16,18,24,28,31,33,35,37,39,40,41,42,45,46,55],"ascension_level":20}}