{"host":"c3lc60y5x60jlt1y","time":1612213136,"event":{"mods":["AchievementEnabler","BaseMod","Bestiary","Colored Map","Minty Spire (QoL Compilation)","Quick Restart","StSLib","ojb\u0027s Info Mod"],"gold_per_floor":[119,44,44,44,119,144,144,144,170,170,180,215,215,231,231,310,310,329,119,136,136,136,136,167,182,182,192,407,434,453,25,25,97,97,110,164,179,204,216,248,248,281,331,354,368,378,420,332,332,332,332,332],"floor_reached":51,"language":"ENG","playtime":10925,"items_purged":["Strike_P","Strike_P"],"score":1587,"play_id":"bfef0117-34e4-400b-894d-00d5f263a3ee","local_time":"20210201225856","is_ascension_mode":true,"campfire_choices":[{"data":"Eruption","floor":7.0,"key":"SMITH"},{"data":"Vigilance","floor":10.0,"key":"SMITH"},{"data":"Wireheading","floor":13.0,"key":"SMITH"},{"floor":15.0,"key":"REST"},{"data":"WaveOfTheHand","floor":23.0,"key":"SMITH"},{"floor":32.0,"key":"REST"},{"floor":41.0,"key":"REST"},{"floor":49.0,"key":"RECALL"}],"circlet_count":0,"master_deck":["AscendersBane","Defend_P+1","Defend_P+1","Eruption+1","Vigilance+1","Wireheading+1","InnerPeace","Nirvana","Tantrum+1","EmptyFist+1","Blasphemy","WaveOfTheHand+1","CutThroughFate+1","Purity","FlurryOfBlows+1","MentalFortress","Tantrum+1","Vengeance+1","Devotion+1","FlurryOfBlows+1","JustLucky+1","Indignation","EmptyMind+1","Halt","WreathOfFlame+1","FlurryOfBlows+1","Scrawl"],"relics":["Runic Pyramid","Molten Egg 2","Thread and Needle","War Paint","Torii","Philosopher\u0027s Stone","Pen Nib","Lantern","Singing Bowl","Old Coin","MealTicket","Juzu Bracelet","ClockworkSouvenir","Astrolabe","Lizard Tail","CloakClasp","Eternal Feather","Bottled Lightning","Bag of Marbles","CeramicFish","Happy Flower"],"acts_visited":["Exordium","TheCity","TheBeyond"],"potions_floor_usage":[],"damage_taken":[{"damage":0.0,"enemies":"Jaw Worm","floor":1.0,"turns":2.0},{"damage":36.0,"enemies":"3 Sentries","floor":6.0,"turns":11.0},{"damage":0.0,"enemies":"Small Slimes","floor":11.0,"turns":3.0},{"damage":0.0,"enemies":"Lagavulin","floor":12.0,"turns":7.0},{"damage":0.0,"enemies":"2 Louse","floor":14.0,"turns":3.0},{"damage":1.0,"enemies":"The Guardian","floor":16.0,"turns":11.0},{"damage":0.0,"enemies":"Chosen","floor":18.0,"turns":3.0},{"damage":0.0,"enemies":"3 Byrds","floor":20.0,"turns":4.0},{"damage":3.0,"enemies":"Book of Stabbing","floor":24.0,"turns":5.0},{"damage":12.0,"enemies":"Centurion and Healer","floor":25.0,"turns":5.0},{"damage":1.0,"enemies":"3 Cultists","floor":27.0,"turns":5.0},{"damage":18.0,"enemies":"Gremlin Leader","floor":29.0,"turns":5.0},{"damage":7.0,"enemies":"Chosen and Byrds","floor":30.0,"turns":5.0},{"damage":17.0,"enemies":"Collector","floor":33.0,"turns":9.0},{"damage":18.0,"enemies":"3 Darklings","floor":35.0,"turns":5.0},{"damage":30.0,"enemies":"2 Orb Walkers","floor":36.0,"turns":4.0},{"damage":0.0,"enemies":"Orb Walker","floor":37.0,"turns":2.0},{"damage":2.0,"enemies":"Mind Bloom Boss Battle","floor":38.0,"turns":7.0},{"damage":10.0,"enemies":"4 Shapes","floor":39.0,"turns":4.0},{"damage":0.0,"enemies":"Nemesis","floor":40.0,"turns":5.0},{"damage":1.0,"enemies":"Giant Head","floor":42.0,"turns":7.0},{"damage":1.0,"enemies":"Sphere and 2 Shapes","floor":45.0,"turns":4.0},{"damage":0.0,"enemies":"Spire Growth","floor":46.0,"turns":2.0},{"damage":7.0,"enemies":"Nemesis","floor":47.0,"turns":5.0},{"damage":20.0,"enemies":"Time Eater","floor":50.0,"turns":6.0},{"damage":125,"enemies":"Awakened One","floor":51,"turns":3}],"seed_played":"-5990995058710653899","potions_obtained":[{"floor":1.0,"key":"LiquidMemories"},{"floor":11.0,"key":"GamblersBrew"},{"floor":24.0,"key":"FearPotion"},{"floor":37.0,"key":"GamblersBrew"},{"floor":45.0,"key":"LiquidMemories"},{"floor":46.0,"key":"Weak Potion"}],"is_trial":false,"path_per_floor":["M","?","$","?","?","E","R","?","T","R","M","E","R","M","R","B",null,"M","$","M","?","T","R","E","M","T","M","?","E","M","$","R","B",null,"M","?","M","?","M","E","R","E","T","T","M","M","E","?","R","B","B"],"character_chosen":"WATCHER","items_purchased":["CutThroughFate+1","Purity","Juzu Bracelet","ClockworkSouvenir"],"campfire_rested":3,"item_purchase_floors":[19,19,31,31],"current_hp_per_floor":[61,61,61,66,55,19,19,19,19,19,19,19,19,19,40,39,65,65,65,65,65,65,65,62,50,50,51,51,33,28,43,66,51,72,56,28,30,28,18,18,55,54,54,54,53,53,46,46,61,41,0,0],"gold":332,"neow_bonus":"BOSS_RELIC","is_daily":false,"chose_seed":false,"campfire_upgraded":4,"win_rate":0.0,"timestamp":1612213136,"path_taken":["M","?","$","?","?","E","R","?","T","R","M","E","R","M","R","BOSS","M","$","M","?","?","R","E","M","T","?","?","E","M","$","R","BOSS","M","?","M","?","M","E","R","E","T","?","M","M","E","?","R","BOSS","BOSS"],"items_purchased_type":["Card","Card","Relic","Relic"],"build_version":"2020-12-22","purchased_purges":2,"victory":false,"max_hp_per_floor":[68,68,68,73,73,73,73,73,73,73,73,73,73,73,73,73,73,73,73,73,73,73,73,73,73,73,75,75,75,77,77,77,79,79,81,83,85,85,85,85,85,85,85,85,85,85,85,85,85,85,85,85],"card_choices":[{"not_picked":["BattleHymn","FlyingSleeves"],"picked":"Wireheading","floor":1.0},{"not_picked":["EmptyBody","BattleHymn"],"picked":"InnerPeace","floor":6.0},{"not_picked":["SandsOfTime+1","Protect"],"picked":"Nirvana","floor":11.0},{"not_picked":["EmptyBody","FlurryOfBlows+1"],"picked":"Tantrum+1","floor":12.0},{"not_picked":["Pray","FollowUp+1"],"picked":"EmptyFist+1","floor":14.0},{"not_picked":["Judgement","Omniscience"],"picked":"Blasphemy","floor":16.0},{"not_picked":["Sanctity+1","Adaptation"],"picked":"WaveOfTheHand","floor":18.0},{"not_picked":["ClearTheMind","Sanctity","Prostrate"],"picked":"SKIP","floor":20.0},{"not_picked":["SashWhip+1","Crescendo"],"picked":"FlurryOfBlows+1","floor":24.0},{"not_picked":["FollowUp+1","EmptyBody"],"picked":"MentalFortress","floor":25.0},{"not_picked":["EmptyFist+1","FollowUp+1","CarveReality+1"],"picked":"Singing Bowl","floor":27.0},{"not_picked":["EmptyFist+1","WindmillStrike+1"],"picked":"Tantrum+1","floor":29.0},{"not_picked":["DeceiveReality","Study","Crescendo"],"picked":"Singing Bowl","floor":30.0},{"not_picked":["Establishment","MasterReality","Alpha"],"picked":"Singing Bowl","floor":33.0},{"not_picked":["Prostrate","BowlingBash+1","SashWhip+1"],"picked":"Singing Bowl","floor":35.0},{"not_picked":["ThirdEye","Wireheading","Crescendo"],"picked":"Singing Bowl","floor":36.0},{"not_picked":["ThirdEye","Crescendo","Fasting2"],"picked":"Singing Bowl","floor":37.0},{"not_picked":["FlurryOfBlows+1","EmptyBody"],"picked":"JustLucky+1","floor":38.0},{"not_picked":["DeceiveReality","Prostrate"],"picked":"Indignation","floor":39.0},{"not_picked":["CarveReality+1","InnerPeace"],"picked":"EmptyMind+1","floor":40.0},{"not_picked":["Judgement","EmptyFist+1"],"picked":"Halt","floor":42.0},{"not_picked":["Consecrate+1","ClearTheMind"],"picked":"WreathOfFlame+1","floor":45.0},{"not_picked":["Halt+1","FollowUp+1"],"picked":"FlurryOfBlows+1","floor":46.0},{"not_picked":["DeceiveReality","Crescendo"],"picked":"Scrawl","floor":47.0}],"player_experience":8898227,"relics_obtained":[{"floor":6.0,"key":"Molten Egg 2"},{"floor":9.0,"key":"War Paint"},{"floor":12.0,"key":"Torii"},{"floor":22.0,"key":"Pen Nib"},{"floor":24.0,"key":"Lantern"},{"floor":26.0,"key":"Singing Bowl"},{"floor":29.0,"key":"MealTicket"},{"floor":36.0,"key":"Lizard Tail"},{"floor":38.0,"key":"CloakClasp"},{"floor":40.0,"key":"Eternal Feather"},{"floor":42.0,"key":"Bottled Lightning"},{"floor":44.0,"key":"Bag of Marbles"},{"floor":47.0,"key":"CeramicFish"}],"event_choices":[{"cards_removed":["Defend_P"],"damage_healed":0.0,"max_hp_gain":0.0,"max_hp_loss":0.0,"gold_gain":0.0,"event_name":"The Cleric","player_choice":"Card Removal","floor":2.0,"gold_loss":75.0,"damage_taken":0.0},{"damage_healed":0.0,"max_hp_gain":5.0,"max_hp_loss":0.0,"gold_gain":0.0,"event_name":"Big Fish","player_choice":"Donut","floor":4.0,"gold_loss":0.0,"damage_taken":0.0},{"damage_healed":0.0,"max_hp_gain":0.0,"max_hp_loss":0.0,"gold_gain":75.0,"event_name":"World of Goop","player_choice":"Gather Gold","floor":5.0,"gold_loss":0.0,"damage_taken":11.0},{"damage_healed":0.0,"max_hp_gain":0.0,"max_hp_loss":0.0,"gold_gain":0.0,"event_name":"Dead Adventurer","player_choice":"Searched \u00271\u0027 times","floor":8.0,"gold_loss":0.0,"damage_taken":0.0,"relics_obtained":["Thread and Needle"]},{"damage_healed":0.0,"max_hp_gain":0.0,"max_hp_loss":0.0,"gold_gain":0.0,"event_name":"Vampires","player_choice":"Ignored","floor":21.0,"gold_loss":0.0,"damage_taken":0.0},{"damage_healed":0.0,"max_hp_gain":0.0,"max_hp_loss":0.0,"gold_gain":0.0,"event_name":"Addict","player_choice":"Obtained Relic","floor":28.0,"gold_loss":85.0,"damage_taken":0.0,"relics_obtained":["Old Coin"]},{"damage_healed":0.0,"max_hp_gain":0.0,"max_hp_loss":0.0,"gold_gain":0.0,"event_name":"Mysterious Sphere","player_choice":"Fight","floor":36.0,"gold_loss":0.0,"damage_taken":0.0},{"damage_healed":0.0,"max_hp_gain":0.0,"max_hp_loss":0.0,"gold_gain":0.0,"event_name":"MindBloom","player_choice":"Fight","floor":38.0,"gold_loss":0.0,"damage_taken":0.0},{"damage_healed":0.0,"max_hp_gain":0.0,"max_hp_loss":0.0,"gold_gain":0.0,"event_name":"WeMeetAgain","player_choice":"Paid Gold","floor":48.0,"gold_loss":88.0,"damage_taken":0.0,"relics_obtained":["Happy Flower"]}],"is_beta":false,"boss_relics":[{"not_picked":["Snecko Eye","Calling Bell"],"picked":"Philosopher\u0027s Stone"},{"not_picked":["Pandora\u0027s Box","Empty Cage"],"picked":"Astrolabe"}],"items_purged_floors":[19,31],"is_endless":false,"potions_floor_spawned":[1,11,18,24,25,33,35,37,40,45,46],"killed_by":"Awakened One","ascension_level":20}}