{"host":"xc18ixkpjvqrt8st","time":1612218548,"event":{"mods":["Act Like it!","BaseMod","Better Match","Better Third Choice","Conspire","Downfall","Hallownest","Hermit","Hubris","Infinite Spire","JesterMod","Minty Spire (QoL Compilation)","Reliquary","Replay The Spire","Robot Space Explorer","Shop Mod","Spicy Shops","Spire Arcade","StSLib","The Animator","The Edgeheg","The Jungle","The Marked","The Sage"],"gold_per_floor":[126,222,239,265,282,323,323,358,358,358,374,408,408,427,427,534,634,648,679,733,733,733],"floor_reached":21,"language":"ENG","playtime":1520,"items_purged":[],"score":237,"play_id":"9d3056d4-2380-4eb5-8551-d6cd0828c72a","local_time":"20210201162908","is_ascension_mode":true,"campfire_choices":[{"floor":7,"key":"REST"},{"floor":10,"key":"REST"},{"floor":15,"key":"REST"}],"circlet_count":0,"master_deck":["animator:Strike_HitsugiNoChaika","animator:Defend_HitsugiNoChaika","animator:Strike","animator:Strike","animator:Strike","animator:Defend","animator:Defend","animator:Defend","animator:AcuraAkari+1","animator:Gillette","animator:Demiurge","animator:Chris","animator:Pride","animator:Shuna","animator:YunYun","animator:Entoma+3","animator:IrohaTamaki","animator:DolaRiku","animator:KyokoSakura","animator:AcuraTooru","animator:MaesHughes","animator:Hans","animator:YunYun+1","animator:NarberalGamma"],"relics":["animator:LivingPicture","animator:TheMissingPiece","animator:WornHelmet","Toy Ornithopter","MealTicket","infinitespire:Bottled Soul","Replay:Grab Bag","Philosopher\u0027s Stone","Replay:Wanted Poster","animator:HolyGrailRelic"],"acts_visited":["Exordium","TheCity"],"potions_floor_usage":[6],"damage_taken":[{"damage":4,"enemies":"2 Louse","floor":1,"turns":3},{"damage":8,"enemies":"Jaw Worm","floor":3,"turns":3},{"damage":0,"enemies":"Cultist","floor":4,"turns":4},{"damage":0,"enemies":"2 Fungi Beasts","floor":5,"turns":4},{"damage":22,"enemies":"Gremlin Nob","floor":6,"turns":5},{"damage":13,"enemies":"Lagavulin","floor":8,"turns":5},{"damage":0,"enemies":"Gremlin Gang","floor":11,"turns":4},{"damage":3,"enemies":"Exordium Thugs","floor":12,"turns":4},{"damage":13,"enemies":"2 Fungi Beasts","floor":14,"turns":4},{"damage":40,"enemies":"Fading Forest","floor":16,"turns":11},{"damage":2,"enemies":"Chosen","floor":18,"turns":4},{"damage":20,"enemies":"Spheric Guardian","floor":19,"turns":5},{"damage":34,"enemies":"Shelled Parasite and Fungi","floor":21,"turns":3}],"seed_played":"-999754765326958390","potions_obtained":[{"floor":1,"key":"animator:FalseLifePotion"},{"floor":8,"key":"Elixir"},{"floor":11,"key":"SpeedPotion"}],"is_trial":false,"path_per_floor":["M","?","M","M","M","E","R","E","T","R","M","M","?","M","R","B",null,"M","M","T","M"],"character_chosen":"THE_ANIMATOR","items_purchased":[],"campfire_rested":3,"item_purchase_floors":[],"current_hp_per_floor":[62,62,54,54,55,33,53,40,40,60,62,61,54,44,66,36,82,82,62,62,28,28],"gold":733,"neow_bonus":"RANDOM_EVENT","is_daily":false,"chose_seed":false,"campfire_upgraded":0,"win_rate":0.0,"timestamp":1612218548,"path_taken":["M","?","?","M","M","E","R","E","T","R","M","M","?","M","R","BOSS","M","?","?","M"],"items_purchased_type":[],"build_version":"2020-12-22","purchased_purges":0,"victory":false,"max_hp_per_floor":[66,66,66,66,67,67,67,67,67,67,69,71,71,74,74,74,82,84,84,84,84,84],"card_choices":[{"not_picked":["animator:DolaCouronne","animator:Mitsurugi"],"picked":"animator:Demiurge","floor":1},{"not_picked":["animator:IrohaTamaki","animator:YachiyoNanami"],"picked":"animator:Chris","floor":2},{"not_picked":["animator:Verdia","animator:Jibril"],"picked":"animator:Pride","floor":2},{"not_picked":["animator:Fredrika","animator:DolaCouronne"],"picked":"animator:Shuna","floor":3},{"not_picked":["animator:Hakurou","animator:Viivi"],"picked":"animator:YunYun","floor":4},{"not_picked":["animator:NarberalGamma","animator:Shalltear"],"picked":"animator:Entoma","floor":5},{"not_picked":["animator:Shiro","animator:SuzuneAmano"],"picked":"animator:IrohaTamaki","floor":6},{"not_picked":["animator:Evileye","animator:DolaStephanie"],"picked":"animator:DolaRiku","floor":8},{"not_picked":["animator:ChlammyZell","animator:Shuna"],"picked":"animator:KyokoSakura","floor":11},{"not_picked":["animator:Viivi","animator:AcuraAkari"],"picked":"animator:AcuraTooru","floor":12},{"not_picked":["animator:OrikoMikuni","animator:FielNirvalen"],"picked":"animator:MaesHughes","floor":14},{"not_picked":["animator:Shiro","animator:Kyubey"],"picked":"animator:Hans","floor":16},{"not_picked":["animator:YuiTsuruno+1","animator:SayakaMiki"],"picked":"animator:YunYun+1","floor":18},{"not_picked":["animator:ChlammyZell","animator:Sebas+1"],"picked":"animator:NarberalGamma","floor":19}],"player_experience":691389,"relics_obtained":[{"floor":2,"key":"animator:WornHelmet"},{"floor":6,"key":"Toy Ornithopter"},{"floor":8,"key":"MealTicket"},{"floor":9,"key":"infinitespire:Bottled Soul"}],"event_choices":[{"damage_healed":0,"gold_gain":0,"player_choice":"Grow","damage_taken":0,"max_hp_gain":0,"max_hp_loss":0,"event_name":"Living Wall","floor":0,"gold_loss":0,"cards_upgraded":["animator:AcuraAkari"]},{"damage_healed":0,"gold_gain":0,"player_choice":"Damaged","damage_taken":7,"max_hp_gain":0,"max_hp_loss":0,"event_name":"Wheel of Change","floor":13,"gold_loss":0}],"is_beta":false,"boss_relics":[{"not_picked":["hubris:TerracottaHorce","Empty Cage"],"picked":"Replay:Grab Bag"},{"not_picked":["reliquary:KinkedSpring","reliquary:RedCape"],"picked":"Philosopher\u0027s Stone"},{"not_picked":["ReplayTheSpireMod:DimensionalGlitch","ChewingGum"],"picked":"Replay:Wanted Poster"},{"not_picked":["conspire:RunicOctahedron","hubris:BlackHole"],"picked":"animator:HolyGrailRelic"}],"items_purged_floors":[],"is_endless":false,"potions_floor_spawned":[1,8,11],"killed_by":"Shelled Parasite and Fungi","ascension_level":2}}