{"host":"1vzdexsn8vtq5lt7","time":1612168982,"event":{"mods":["Act Like it!","BaseMod","Colored Map","Colored Powertips","Conspire","Downfall","Easy Mod","Energized Spire","Minty Spire (QoL Compilation)","Quick Restart","Relic Stats","Replay The Spire","StSLib","SuperFastMode","TestMod","【功能Mod】Neow奖励","【功能Mod】混沌之环修复补丁","【功能Mod】精心准备","【遗物卡牌】REMEMod","没有小屋子和绿帽子啦"],"gold_per_floor":[127,127,147,177,201,251,263,150,150,190,221,64,104,104,104,239,239,267,192,216,216,248,301,301,345,345,395,395,439,472,499,499,634,634,656,684,702,755,793,857,947,1009,1036,1099,1099,1099,1123,70,70,122],"floor_reached":51,"language":"ZHS","playtime":1554,"items_purged":["Defend_G","Defend_G","Defend_G"],"score":2017,"play_id":"e0bd4e22-cf90-4d6b-9161-f1ec2d90a7dc","local_time":"20210201164302","is_ascension_mode":true,"campfire_choices":[{"data":"Replay:Bag of Tricks","floor":7,"key":"SMITH"},{"data":"Cloak And Dagger","floor":15,"key":"SMITH"},{"data":"Choke","floor":24,"key":"SMITH"},{"data":"Calculated Gamble","floor":28,"key":"SMITH"},{"data":"Doppelganger","floor":32,"key":"SMITH"},{"data":"REME_MawOfCthun","floor":49,"key":"SMITH"}],"circlet_count":0,"master_deck":["EasyMod:card_1","AscendersBane","Strike_G+1","Strike_G","Strike_G","Strike_G","Defend_G+1","Survivor","Neutralize","MasterReality","Quick Slash","Calculated Gamble+1","Dagger Spray","Replay:Bag of Tricks+1","Blade Dance","Cloak And Dagger+1","ReplayTheSpireMod:The Works+1","Accuracy+1","Skewer","Choke+1","Crippling Poison","Poison Darts","Masterful Stab","Doppelganger+1","Infinite Blades+1","Eviscerate+1","Prepared","PiercingWail+1","Unload","Venomology","Prepared+1","REME_MawOfCthun+1","Accuracy"],"relics":["REME_ComplimentaryCards","testmod-DeterminationOfClimber","downfall:ShatteredFragment","Snecko Eye","MawBank","Vampiric Spirits","testmod-IncinerationGenerator","EasyMod:Easy_7","Ancient Tea Set","testmod-Justice","Strawberry","Akabeko","testmod-Prudence","ReplayTheSpireMod:Lightbulb","Snake Skull","Simple Rune","Potion Belt","testmod-EqualTreatment","TheAbacus","Frozen Egg 2"],"acts_visited":["Exordium","TheCity","TheBeyond"],"potions_floor_usage":[35,50,50],"damage_taken":[{"damage":0,"enemies":"2 Louse","floor":1,"turns":1},{"damage":0,"enemies":"Small Slimes","floor":3,"turns":1},{"damage":0,"enemies":"Cultist","floor":4,"turns":1},{"damage":0,"enemies":"2 Fungi Beasts","floor":5,"turns":1},{"damage":5,"enemies":"Lagavulin","floor":6,"turns":2},{"damage":0,"enemies":"Gremlin Nob","floor":10,"turns":1},{"damage":0,"enemies":"Large Slime","floor":11,"turns":1},{"damage":2,"enemies":"3 Sentries","floor":13,"turns":2},{"damage":0,"enemies":"Hexaghost","floor":16,"turns":1},{"damage":0,"enemies":"3 Byrds","floor":18,"turns":1},{"damage":0,"enemies":"2 Thieves","floor":20,"turns":1},{"damage":0,"enemies":"Sentry and Sphere","floor":22,"turns":1},{"damage":0,"enemies":"Gremlin Leader","floor":23,"turns":1},{"damage":0,"enemies":"conspire:Head Lice","floor":25,"turns":1},{"damage":0,"enemies":"Slavers","floor":27,"turns":1},{"damage":0,"enemies":"REME_1_Revenger","floor":29,"turns":1},{"damage":0,"enemies":"Shelled Parasite and Fungi","floor":30,"turns":1},{"damage":0,"enemies":"3 Cultists","floor":31,"turns":1},{"damage":0,"enemies":"Automaton","floor":33,"turns":1},{"damage":0,"enemies":"Orb Walker","floor":35,"turns":1},{"damage":0,"enemies":"3 Darklings","floor":36,"turns":1},{"damage":4,"enemies":"Sphere and 2 Shapes","floor":37,"turns":1},{"damage":0,"enemies":"Writhing Mass","floor":38,"turns":1},{"damage":0,"enemies":"Spire Growth","floor":39,"turns":2},{"damage":0,"enemies":"R_Hoarder","floor":40,"turns":2},{"damage":0,"enemies":"Transient","floor":41,"turns":5},{"damage":0,"enemies":"Nemesis","floor":42,"turns":1},{"damage":0,"enemies":"Reptomancer","floor":44,"turns":1},{"damage":0,"enemies":"Jaw Worm Horde","floor":47,"turns":1},{"damage":0,"enemies":"conspire:OrnateMirror","floor":50,"turns":1}],"seed_played":"8591975860760095086","potions_obtained":[{"floor":3,"key":"Languid Potion"},{"floor":4,"key":"AttackPotion"},{"floor":23,"key":"Energy Potion"},{"floor":35,"key":"REME_GoldPotion"},{"floor":41,"key":"Swift Potion"},{"floor":44,"key":"Strength Potion"},{"floor":47,"key":"ColorlessPotion"}],"is_trial":false,"path_per_floor":["M","?","M","M","M","E","R","$","T","E","M","$","E","?","R","B",null,"M","?","M","?","M","E","R","E","T","E","R","E","M","M","R","B",null,"M","M","M","M","M","E","M","E","T","E","?","?","M","$","R","B",null],"character_chosen":"THE_SILENT","items_purchased":["Blade Dance","Accuracy+1","REME_MawOfCthun","testmod-EqualTreatment","Accuracy","TheAbacus","Frozen Egg 2"],"campfire_rested":0,"item_purchase_floors":[8,12,48,48,48,48,48],"current_hp_per_floor":[70,70,70,70,70,65,65,65,65,70,70,70,70,70,70,70,70,70,70,70,70,70,70,70,70,70,77,77,77,77,77,77,77,77,77,77,77,77,77,77,77,77,77,77,77,77,77,77,77,77],"gold":122,"neow_bonus":"BOSS_RELIC","is_daily":false,"chose_seed":false,"campfire_upgraded":6,"win_rate":0.0,"timestamp":1612168982,"path_taken":["M","?","M","M","M","E","R","$","T","E","M","$","E","?","R","BOSS","M","?","M","?","M","E","R","E","T","E","R","E","M","?","R","BOSS","M","M","M","M","M","E","M","E","T","E","?","?","M","$","R","BOSS"],"items_purchased_type":["Card","Card","Card","Relic","Card","Relic","Relic"],"build_version":"2020-12-22","purchased_purges":3,"victory":true,"max_hp_per_floor":[70,70,70,70,70,70,70,70,70,70,70,70,70,70,70,70,70,70,70,70,70,70,70,70,70,70,77,77,77,77,77,77,77,77,77,77,77,77,77,77,77,77,77,77,77,77,77,77,77,77],"relic_stats":{"TheAbacus":[6],"counters":[30,38],"Snecko Eye":[189,172,164,171],"Snake Skull":[9],"MawBank":24,"obtain_stats":[{"Potion Belt":44,"testmod-TestBox":0,"downfall:ShatteredFragment":0,"Vampiric Spirits":13,"testmod-EqualTreatment":48,"testmod-IncinerationGenerator":17,"Snake Skull":42,"testmod-Justice":26,"Frozen Egg 2":48,"MawBank":6,"Ancient Tea Set":25,"Akabeko":29,"testmod-Prudence":34,"TheAbacus":48,"EasyMod:Easy_7":23,"Strawberry":27,"Snecko Eye":0,"Simple Rune":43,"testmod-DeterminationOfClimber":0,"ReplayTheSpireMod:Lightbulb":40,"Ring of the Snake":0,"REME_ComplimentaryCards":0},{"Potion Belt":28,"testmod-TestBox":0,"downfall:ShatteredFragment":0,"Vampiric Spirits":8,"testmod-EqualTreatment":29,"testmod-IncinerationGenerator":9,"Snake Skull":27,"testmod-Justice":14,"Frozen Egg 2":29,"MawBank":5,"Ancient Tea Set":14,"Akabeko":16,"testmod-Prudence":19,"TheAbacus":29,"EasyMod:Easy_7":13,"Strawberry":15,"Snecko Eye":0,"Simple Rune":27,"testmod-DeterminationOfClimber":0,"ReplayTheSpireMod:Lightbulb":25,"Ring of the Snake":0,"REME_ComplimentaryCards":0},{"Potion Belt":36,"testmod-TestBox":0,"downfall:ShatteredFragment":0,"Vampiric Spirits":10,"testmod-EqualTreatment":37,"testmod-IncinerationGenerator":11,"Snake Skull":35,"testmod-Justice":16,"Frozen Egg 2":37,"MawBank":6,"Ancient Tea Set":16,"Akabeko":18,"testmod-Prudence":21,"TheAbacus":37,"EasyMod:Easy_7":15,"Strawberry":17,"Snecko Eye":0,"Simple Rune":35,"testmod-DeterminationOfClimber":0,"ReplayTheSpireMod:Lightbulb":29,"Ring of the Snake":0,"REME_ComplimentaryCards":0}]},"card_choices":[{"not_picked":["Accuracy","Deadly Poison"],"picked":"Quick Slash","floor":1},{"not_picked":["Acrobatics","Backflip"],"picked":"Calculated Gamble","floor":3},{"not_picked":["Sucker Punch","Masterful Stab","Heel Hook"],"picked":"SKIP","floor":4},{"not_picked":["Flying Knee","Quick Slash"],"picked":"Dagger Spray","floor":5},{"not_picked":["Distraction","Bane"],"picked":"Replay:Bag of Tricks","floor":6},{"not_picked":["Deadly Poison","Footwork"],"picked":"Cloak And Dagger","floor":10},{"not_picked":["Deadly Poison","REME_ShadowStrike"],"picked":"ReplayTheSpireMod:The Works","floor":11},{"not_picked":["Tactician","Venomology"],"picked":"Skewer","floor":13},{"not_picked":["Dodge and Roll","Hidden Blade"],"picked":"Choke","floor":18},{"not_picked":["Deflect","Leg Sweep"],"picked":"Crippling Poison","floor":20},{"not_picked":["ReplayTheSpireMod:The Works","Riddle With Holes","Poisoned Stab"],"picked":"SKIP","floor":22},{"not_picked":["Deadly Poison","PiercingWail"],"picked":"Poison Darts","floor":23},{"not_picked":["Crippling Poison","Backflip"],"picked":"Masterful Stab","floor":25},{"not_picked":["Dagger Spray","Cloak And Dagger","Dagger Throw+1"],"picked":"SKIP","floor":27},{"not_picked":["Backflip","All Out Attack"],"picked":"Doppelganger","floor":29},{"not_picked":["Quick Slash","Slice+1","Caltrops"],"picked":"SKIP","floor":30},{"not_picked":["Quick Slash","PiercingWail"],"picked":"Infinite Blades+1","floor":31},{"not_picked":["Slice","Dagger Throw","Crippling Poison"],"picked":"SKIP","floor":35},{"not_picked":["Dagger Throw","Outmaneuver"],"picked":"Eviscerate","floor":36},{"not_picked":["Slice","Dodge and Roll"],"picked":"Prepared","floor":37},{"not_picked":["Riddle With Holes","Sucker Punch","Flying Knee"],"picked":"SKIP","floor":38},{"not_picked":["ReplayTheSpireMod:Scrap Shanks","PiercingWail","Dagger Throw+1"],"picked":"SKIP","floor":39},{"not_picked":["Sucker Punch","Backflip+1"],"picked":"PiercingWail+1","floor":40},{"not_picked":["Hidden Blade","ReplayTheSpireMod:Shiv Toss"],"picked":"Unload","floor":41},{"not_picked":["Hidden Blade","Sucker Punch","Poisoned Stab"],"picked":"SKIP","floor":42},{"not_picked":["Distraction","Dash"],"picked":"Venomology","floor":44},{"not_picked":["Outmaneuver","Distraction"],"picked":"Prepared+1","floor":47}],"player_experience":252268,"relics_obtained":[{"floor":6,"key":"MawBank"},{"floor":13,"key":"Vampiric Spirits"},{"floor":23,"key":"EasyMod:Easy_7"},{"floor":25,"key":"Ancient Tea Set"},{"floor":26,"key":"testmod-Justice"},{"floor":27,"key":"Strawberry"},{"floor":29,"key":"Akabeko"},{"floor":40,"key":"ReplayTheSpireMod:Lightbulb"},{"floor":42,"key":"Snake Skull"},{"floor":43,"key":"Simple Rune"},{"floor":44,"key":"Potion Belt"}],"event_choices":[{"damage_healed":0,"gold_gain":0,"player_choice":"Ignored","damage_taken":0,"max_hp_gain":0,"max_hp_loss":0,"event_name":"Liars Game","floor":2,"gold_loss":0},{"cards_removed":["Defend_G"],"damage_healed":0,"gold_gain":0,"player_choice":"Gave Gold","damage_taken":0,"max_hp_gain":0,"max_hp_loss":0,"event_name":"Beggar","floor":19,"gold_loss":75},{"cards_removed":["Strike_G"],"damage_healed":0,"gold_gain":0,"player_choice":"Offered Basic","damage_taken":0,"max_hp_gain":0,"max_hp_loss":0,"event_name":"Bonfire Elementals","floor":21,"gold_loss":0},{"damage_healed":0,"gold_gain":0,"player_choice":"Ignored","damage_taken":0,"max_hp_gain":0,"max_hp_loss":0,"event_name":"给自己的盒子","floor":45,"gold_loss":0},{"damage_healed":0,"gold_gain":0,"player_choice":"Upgraded","damage_taken":0,"max_hp_gain":0,"max_hp_loss":0,"event_name":"Upgrade Shrine","floor":46,"gold_loss":0,"cards_upgraded":["Eviscerate"]}],"is_beta":false,"boss_relics":[{"not_picked":["energizedSpire:SpiderWeb","REME_DemonsWealth"],"picked":"testmod-IncinerationGenerator"},{"not_picked":["energizedSpire:DeadBattery","testmod-KeyOfTheVoid"],"picked":"testmod-Prudence"}],"items_purged_floors":[8,12,48],"is_endless":false,"potions_floor_spawned":[3,4,5,13,20,22,23,29,31,35,36,41,44,47],"ascension_level":12}}