{"host":"h77azxdx0evtsxw5","time":1612203107,"event":{"mods":["AchievementEnabler","BaseMod","Better Vampires","Minty Spire (QoL Compilation)","Quick Restart","Rare Cards Sparkle","Relic Stats"],"gold_per_floor":[119,119,129,142,196,196,196],"floor_reached":6,"language":"ENG","playtime":328,"items_purged":[],"score":47,"play_id":"11aa28a6-96be-4c29-8821-d9c77a7cb07d","local_time":"20210201131147","is_ascension_mode":true,"campfire_choices":[],"circlet_count":0,"master_deck":["Strike_R","Strike_R","Strike_R","Strike_R","Defend_R","Defend_R","Defend_R","Defend_R","Bash","Reaper","Berserk"],"relics":["Burning Blood","Centennial Puzzle"],"acts_visited":["Exordium"],"potions_floor_usage":[],"damage_taken":[{"damage":20,"enemies":"2 Louse","floor":1,"turns":3},{"damage":15,"enemies":"Cultist","floor":3,"turns":4},{"damage":12,"enemies":"Jaw Worm","floor":4,"turns":3},{"damage":88,"enemies":"Gremlin Nob","floor":6,"turns":6}],"seed_played":"-3204808938507159518","potions_obtained":[{"floor":3,"key":"Strength Potion"}],"is_trial":false,"path_per_floor":["M","?","M","M","T","E"],"character_chosen":"IRONCLAD","items_purchased":[],"campfire_rested":0,"item_purchase_floors":[],"current_hp_per_floor":[63,63,60,60,60,0,0],"gold":196,"neow_bonus":"ONE_RANDOM_RARE_CARD","is_daily":false,"chose_seed":false,"campfire_upgraded":0,"win_rate":0.0,"timestamp":1612203107,"path_taken":["M","?","?","M","?","E"],"items_purchased_type":[],"build_version":"2020-12-22","purchased_purges":0,"victory":false,"max_hp_per_floor":[80,80,80,80,80,80,80],"relic_stats":{"Centennial Puzzle":[3],"counters":[4,16],"obtain_stats":[{"Centennial Puzzle":5,"Burning Blood":0},{"Centennial Puzzle":3,"Burning Blood":0},{"Centennial Puzzle":10,"Burning Blood":0}],"Burning Blood":18},"card_choices":[{"not_picked":["Wild Strike","Iron Wave","Sever Soul"],"picked":"SKIP","floor":1},{"not_picked":["Iron Wave","Havoc","Body Slam"],"picked":"SKIP","floor":3},{"not_picked":["Headbutt","Clothesline","Feel No Pain"],"picked":"SKIP","floor":4}],"player_experience":283986,"relics_obtained":[{"floor":5,"key":"Centennial Puzzle"}],"event_choices":[{"damage_healed":0,"gold_gain":0,"cards_transformed":["Strike_R"],"player_choice":"Transformed","damage_taken":0,"max_hp_gain":0,"max_hp_loss":0,"event_name":"Transmorgrifier","floor":2,"gold_loss":0,"cards_obtained":["Berserk"]}],"is_beta":false,"boss_relics":[],"items_purged_floors":[],"is_endless":false,"potions_floor_spawned":[3],"killed_by":"Gremlin Nob","ascension_level":6}}