{"host":"ibckqdmmf9y74ymf","time":1612142893,"event":{"mods":["2.2 Compatiblity","BaseMod","Colored Map","Curses Come First","Highlight Path","Minty Spire (QoL Compilation)","Quick Restart","Rare Cards Sparkle","Relic Stats","StSLib"],"gold_per_floor":[117,117,117,117,32,32,76,91,137,157,196,196,212,245,245,338,338,357,35,53,53,74,93,129,129,129,145,145,159,193,212,212,212,212],"floor_reached":33,"language":"ENG","playtime":1188,"items_purged":["Strike_G"],"score":714,"play_id":"327b31b9-b8c7-40a3-9c09-23a6ecfd81c4","local_time":"20210201022813","is_ascension_mode":true,"campfire_choices":[{"data":"Poisoned Stab","floor":6.0,"key":"SMITH"},{"data":"Cloak And Dagger","floor":12.0,"key":"SMITH"},{"data":"Cloak And Dagger","floor":15.0,"key":"SMITH"},{"data":"Leg Sweep","floor":25.0,"key":"SMITH"},{"data":"Poisoned Stab","floor":28.0,"key":"SMITH"},{"data":"Corpse Explosion","floor":32.0,"key":"SMITH"}],"circlet_count":0,"master_deck":["AscendersBane","Strike_G","Strike_G","Strike_G","Defend_G","Defend_G","Defend_G","Defend_G","Defend_G","Survivor","Neutralize","Poisoned Stab+1","Poisoned Stab+1","Cloak And Dagger+1","Cloak And Dagger+1","Blade Dance","Dagger Spray+1","Dodge and Roll","Caltrops","Corpse Explosion+1","Leg Sweep+1","Acrobatics","Catalyst","Blur+1"],"relics":["Ring of the Snake","NeowsBlessing","Golden Idol","Akabeko","Regal Pillow","Oddly Smooth Stone","MealTicket","Sozu","TwistedFunnel","Eternal Feather","The Specimen","White Beast Statue"],"acts_visited":["Exordium","TheCity"],"potions_floor_usage":[33],"damage_taken":[{"damage":0.0,"enemies":"Cultist","floor":1.0,"turns":1.0},{"damage":0.0,"enemies":"3 Sentries","floor":7.0,"turns":1.0},{"damage":0.0,"enemies":"2 Louse","floor":8.0,"turns":1.0},{"damage":0.0,"enemies":"Small Slimes","floor":10.0,"turns":3.0},{"damage":7.0,"enemies":"Gremlin Nob","floor":11.0,"turns":4.0},{"damage":0.0,"enemies":"Exordium Wildlife","floor":13.0,"turns":3.0},{"damage":11.0,"enemies":"3 Sentries","floor":14.0,"turns":8.0},{"damage":18.0,"enemies":"Slime Boss","floor":16.0,"turns":8.0},{"damage":6.0,"enemies":"2 Thieves","floor":18.0,"turns":2.0},{"damage":16.0,"enemies":"Chosen","floor":20.0,"turns":5.0},{"damage":1.0,"enemies":"Centurion and Healer","floor":22.0,"turns":5.0},{"damage":0.0,"enemies":"Cultist and Chosen","floor":23.0,"turns":2.0},{"damage":12.0,"enemies":"Slavers","floor":24.0,"turns":3.0},{"damage":0.0,"enemies":"3 Cultists","floor":27.0,"turns":2.0},{"damage":5.0,"enemies":"Sentry and Sphere","floor":29.0,"turns":6.0},{"damage":4.0,"enemies":"Gremlin Leader","floor":30.0,"turns":5.0},{"damage":13.0,"enemies":"Centurion and Healer","floor":31.0,"turns":5.0},{"damage":60,"enemies":"Collector","floor":33,"turns":8}],"seed_played":"-3064532310634452300","potions_obtained":[{"floor":1.0,"key":"GhostInAJar"},{"floor":11.0,"key":"DistilledChaos"},{"floor":14.0,"key":"Explosive Potion"},{"floor":16.0,"key":"DuplicationPotion"}],"is_trial":false,"path_per_floor":["M","?","?","?","$","R","E","M","T","M","E","R","M","E","R","B",null,"M","$","M","?","M","M","E","R","T","M","R","M","E","M","R","B"],"character_chosen":"THE_SILENT","items_purchased":["Poisoned Stab","Cloak And Dagger","TwistedFunnel","Leg Sweep"],"campfire_rested":0,"item_purchase_floors":[5,5,19,19],"current_hp_per_floor":[59,59,64,64,64,64,64,64,64,64,57,57,57,46,46,28,56,50,65,49,49,48,48,36,48,48,48,60,55,51,38,50,0,0],"gold":212,"neow_bonus":"THREE_ENEMY_KILL","is_daily":false,"chose_seed":false,"campfire_upgraded":6,"win_rate":0.0,"timestamp":1612142893,"path_taken":["M","?","?","?","$","R","E","M","T","M","E","R","M","E","R","BOSS","M","$","?","?","?","M","E","R","T","M","R","M","E","M","R","BOSS"],"items_purchased_type":["Card","Card","Relic","Card"],"build_version":"2020-12-22","purchased_purges":1,"victory":false,"max_hp_per_floor":[66,60,65,65,65,65,65,65,65,65,65,65,65,65,65,65,65,65,65,65,65,65,65,65,65,65,65,65,65,65,65,65,65,65],"relic_stats":{"Sozu":6,"Regal Pillow":0,"counters":[18,72],"Golden Idol":93,"MealTicket":15,"Eternal Feather":36,"obtain_stats":[{"Sozu":17,"TwistedFunnel":19,"Regal Pillow":9,"NeowsBlessing":0,"The Specimen":26,"Golden Idol":2,"Oddly Smooth Stone":11,"MealTicket":14,"Eternal Feather":24,"Akabeko":7,"White Beast Statue":30,"Ring of the Snake":0},{"Sozu":8,"TwistedFunnel":9,"Regal Pillow":3,"NeowsBlessing":0,"The Specimen":13,"Golden Idol":1,"Oddly Smooth Stone":5,"MealTicket":7,"Eternal Feather":13,"Akabeko":2,"White Beast Statue":16,"Ring of the Snake":0},{"Sozu":29,"TwistedFunnel":31,"Regal Pillow":3,"NeowsBlessing":0,"The Specimen":46,"Golden Idol":1,"Oddly Smooth Stone":10,"MealTicket":21,"Eternal Feather":46,"Akabeko":2,"White Beast Statue":59,"Ring of the Snake":0}],"Ring of the Snake":[36]},"card_choices":[{"not_picked":["Quick Slash","Distraction"],"picked":"Poisoned Stab","floor":1.0},{"not_picked":["All Out Attack","A Thousand Cuts"],"picked":"Cloak And Dagger","floor":7.0},{"not_picked":["Dagger Throw","Deflect"],"picked":"Blade Dance","floor":8.0},{"not_picked":["Acrobatics","Infinite Blades"],"picked":"Dagger Spray","floor":10.0},{"not_picked":["Poisoned Stab","Flying Knee","Cloak And Dagger"],"picked":"SKIP","floor":11.0},{"not_picked":["Bane","Sucker Punch"],"picked":"Dodge and Roll","floor":13.0},{"not_picked":["Setup","Dash"],"picked":"Caltrops","floor":14.0},{"not_picked":["Wraith Form v2","Adrenaline"],"picked":"Corpse Explosion","floor":16.0},{"not_picked":["Deflect","Riddle With Holes","Noxious Fumes"],"picked":"SKIP","floor":18.0},{"not_picked":["Calculated Gamble","Deadly Poison","Noxious Fumes"],"picked":"SKIP","floor":20.0},{"not_picked":["Underhanded Strike","Dagger Throw","Flying Knee"],"picked":"SKIP","floor":22.0},{"not_picked":["Quick Slash","Sucker Punch"],"picked":"Acrobatics","floor":23.0},{"not_picked":["Dagger Throw","Flechettes","Bouncing Flask"],"picked":"SKIP","floor":24.0},{"not_picked":["Cloak And Dagger","Dagger Spray","Masterful Stab"],"picked":"SKIP","floor":27.0},{"not_picked":["Expertise","Flechettes"],"picked":"Catalyst","floor":29.0},{"not_picked":["Corpse Explosion","Distraction","Eviscerate"],"picked":"SKIP","floor":30.0},{"not_picked":["Dagger Throw","Flechettes"],"picked":"Blur+1","floor":31.0}],"player_experience":673644,"relics_obtained":[{"floor":7.0,"key":"Akabeko"},{"floor":9.0,"key":"Regal Pillow"},{"floor":11.0,"key":"Oddly Smooth Stone"},{"floor":14.0,"key":"MealTicket"},{"floor":24.0,"key":"Eternal Feather"},{"floor":26.0,"key":"The Specimen"},{"floor":30.0,"key":"White Beast Statue"}],"event_choices":[{"damage_healed":0.0,"max_hp_gain":0.0,"max_hp_loss":6.0,"gold_gain":0.0,"event_name":"Golden Idol","player_choice":"Lose Max HP","floor":2.0,"gold_loss":0.0,"damage_taken":0.0,"relics_obtained":["Golden Idol"]},{"damage_healed":0.0,"max_hp_gain":5.0,"max_hp_loss":0.0,"gold_gain":0.0,"event_name":"Big Fish","player_choice":"Donut","floor":3.0,"gold_loss":0.0,"damage_taken":0.0},{"cards_removed":["Strike_G"],"damage_healed":0.0,"max_hp_gain":0.0,"max_hp_loss":0.0,"gold_gain":0.0,"event_name":"Bonfire Elementals","player_choice":"Offered Basic","floor":4.0,"gold_loss":0.0,"damage_taken":0.0},{"damage_healed":0.0,"max_hp_gain":0.0,"max_hp_loss":0.0,"gold_gain":0.0,"event_name":"Accursed Blacksmith","player_choice":"Forge","floor":21.0,"gold_loss":0.0,"damage_taken":0.0,"cards_upgraded":["Dagger Spray"]}],"is_beta":false,"boss_relics":[{"not_picked":["Velvet Choker","Tiny House"],"picked":"Sozu"}],"items_purged_floors":[19],"is_endless":false,"potions_floor_spawned":[1,11,14,16,18,20,23,27,30,31],"killed_by":"Collector","ascension_level":20}}