{"host":"takgv9cv6xf64vhq","time":1612159097,"event":{"mods":["BaseMod","Colored Powertips","Conspire","Decade(王小明)","Downfall","Energized Spire","Hermit","Hubris","LagranYue(拉格朗・月)","Marisa（F雨　魔理沙）","Minty Spire (QoL Compilation)","Replay The Spire","StSLib","The Cursed","The Hierophant","The Jungle","The Servant 0.9.4","TheHeartMod"],"gold_per_floor":[116,116,127,145,38,38,38,38,38,55,155,173,204,247,247,349,349,362,462,474,484,496,496,526,536,536,536,536,179,208,221,320,320,320],"floor_reached":33,"language":"ZHS","playtime":2280,"items_purged":["downfall:Bewildered"],"score":468,"play_id":"83e0f0db-12b0-4298-8950-29161d622aa3","local_time":"20210201135817","is_ascension_mode":true,"campfire_choices":[{"data":"Backflip","floor":6.0,"key":"SMITH"},{"data":"Blade Dance","floor":8.0,"key":"SMITH"},{"data":"Finisher","floor":15.0,"key":"SMITH"},{"data":"Cloak And Dagger","floor":23.0,"key":"SMITH"},{"floor":28.0,"key":"REST"}],"circlet_count":0,"master_deck":["AscendersBane","Strike_G","Strike_G","Strike_G","Strike_G","Defend_G","Defend_G","Defend_G","Defend_G","Defend_G","Survivor","Neutralize","Blade Dance+1","Backflip+1","Finisher+1","Infinite Blades","Escape Plan","Concentrate","Unload","Setup","Prepared","Glass Knife","Blade Dance+1","All Out Attack+1","Acrobatics+1","Cloak And Dagger+1","Blur","Footwork","Finisher+1","ReplayTheSpireMod:Speed Training","Unload+1","Leg Sweep+1"],"relics":["ReplayTheSpireMod:DimensionalGlitch","hubris:CrystalStatue","Ornamental Fan","Question Card","HoveringKite","LagranYue:WskJewelryRelic","Molten Egg 2","sneckomod:BabySnecko","Dream Catcher","Gremlin Horn"],"acts_visited":["Exordium","TheCity"],"potions_floor_usage":[33],"damage_taken":[{"damage":0.0,"enemies":"2 Louse","floor":1.0,"turns":3.0},{"damage":0.0,"enemies":"Cultist","floor":3.0,"turns":4.0},{"damage":4.0,"enemies":"Jaw Worm","floor":4.0,"turns":4.0},{"damage":12.0,"enemies":"Exordium Wildlife","floor":10.0,"turns":5.0},{"damage":3.0,"enemies":"Gremlin Gang","floor":12.0,"turns":5.0},{"damage":7.0,"enemies":"3 Sentries","floor":13.0,"turns":7.0},{"damage":20.0,"enemies":"conspire:MimicChest","floor":14.0,"turns":9.0},{"damage":10.0,"enemies":"Slime Boss","floor":16.0,"turns":14.0},{"damage":2.0,"enemies":"Shell Parasite","floor":18.0,"turns":5.0},{"damage":5.0,"enemies":"Chosen","floor":20.0,"turns":4.0},{"damage":17.0,"enemies":"conspire:HollyBat","floor":21.0,"turns":8.0},{"damage":0.0,"enemies":"3 Cultists","floor":22.0,"turns":4.0},{"damage":36.0,"enemies":"Replay:Snechameleon","floor":24.0,"turns":9.0},{"damage":0.0,"enemies":"Snake Plant","floor":25.0,"turns":1.0},{"damage":0.0,"enemies":"Gremlin Leader","floor":30.0,"turns":3.0},{"damage":5.0,"enemies":"Centurion and Healer","floor":31.0,"turns":5.0},{"damage":22,"enemies":"hubris:MusketHawk","floor":33,"turns":4}],"seed_played":"4171278247524992102","potions_obtained":[{"floor":1.0,"key":"SpeedPotion"},{"floor":12.0,"key":"Flashbang"},{"floor":14.0,"key":"PowerPotion"},{"floor":18.0,"key":"Swift Potion"},{"floor":20.0,"key":"ColorlessPotion"},{"floor":22.0,"key":"Regen Potion"},{"floor":31.0,"key":"GhostInAJar"}],"is_trial":false,"path_per_floor":["M","?","M","M","$","R","?","R","T","M","?","M","E","?","R","B",null,"M","?","M","M","M","R","E","M","T","?","R","$","E","M","R","B"],"character_chosen":"THE_SILENT","items_purchased":["Infinite Blades","Escape Plan","Finisher+1","ReplayTheSpireMod:Speed Training","Dream Catcher"],"campfire_rested":1,"item_purchase_floors":[5,5,29,29,29],"current_hp_per_floor":[63,63,63,59,59,59,70,70,70,58,58,55,48,28,28,18,57,55,55,50,33,33,33,6,6,6,6,27,27,27,22,22,0,0],"gold":320,"neow_bonus":"BOSS_RELIC","is_daily":false,"chose_seed":false,"campfire_upgraded":4,"win_rate":0.0,"timestamp":1612159097,"path_taken":["M","?","M","?","?","R","?","R","T","?","?","?","E","?","R","BOSS","M","?","M","?","?","R","E","M","T","?","R","$","E","M","R","BOSS"],"items_purchased_type":["Card","Card","Card","Card","Relic"],"build_version":"2020-12-22","purchased_purges":1,"victory":false,"max_hp_per_floor":[70,70,70,70,70,70,70,70,70,70,70,70,70,70,70,70,70,70,70,70,70,70,70,70,70,70,70,70,70,70,70,70,70,70],"card_choices":[{"not_picked":["Skewer","Distraction"],"picked":"Blade Dance","floor":1.0},{"not_picked":["Bane","Cloak And Dagger"],"picked":"Backflip","floor":3.0},{"not_picked":["Crippling Poison","Dodge and Roll"],"picked":"Finisher","floor":4.0},{"not_picked":["Backflip","Sucker Punch"],"picked":"Concentrate","floor":10.0},{"not_picked":["Bane","Infinite Blades"],"picked":"Unload","floor":12.0},{"not_picked":["Poisoned Stab","Dagger Spray"],"picked":"Setup","floor":13.0},{"not_picked":["Underhanded Strike","Flying Knee"],"picked":"Prepared","floor":14.0},{"not_picked":["Replay:Bag of Tricks","Venomology","A Thousand Cuts"],"picked":"Glass Knife","floor":16.0},{"not_picked":["conspire:PoisonWeapons","Quick Slash","Bane+1"],"picked":"Blade Dance+1","floor":18.0},{"not_picked":["Slice","Backflip","Skewer"],"picked":"All Out Attack+1","floor":20.0},{"not_picked":["Quick Slash","Deflect","Backflip+1"],"picked":"Acrobatics+1","floor":21.0},{"not_picked":["Blade Dance","Quick Slash","Replay:Poison Smokescreen"],"picked":"Cloak And Dagger","floor":22.0},{"not_picked":["Underhanded Strike","Eviscerate","Bane+1"],"picked":"Blur","floor":24.0},{"not_picked":["Blade Dance","Slice","hubris:SlightOfHand"],"picked":"Footwork","floor":25.0},{"not_picked":["Flying Knee+1","Underhanded Strike+1","Dagger Spray+1"],"picked":"Unload+1","floor":30.0},{"not_picked":["Sucker Punch+1","conspire:PoisonWeapons","Quick Slash+1"],"picked":"Leg Sweep+1","floor":31.0}],"player_experience":300803,"relics_obtained":[{"floor":9.0,"key":"hubris:CrystalStatue"},{"floor":13.0,"key":"Ornamental Fan"},{"floor":14.0,"key":"Question Card"},{"floor":24.0,"key":"LagranYue:WskJewelryRelic"},{"floor":26.0,"key":"Molten Egg 2"},{"floor":30.0,"key":"Gremlin Horn"}],"event_choices":[{"cards_removed":["Strike_G"],"damage_healed":0.0,"max_hp_gain":0.0,"max_hp_loss":0.0,"gold_gain":0.0,"event_name":"Bonfire Elementals","player_choice":"Offered Basic","floor":2.0,"gold_loss":0.0,"damage_taken":0.0},{"damage_healed":11.0,"max_hp_gain":0.0,"max_hp_loss":0.0,"gold_gain":0.0,"event_name":"Wheel of Change","player_choice":"Full Heal","floor":7.0,"gold_loss":0.0,"damage_taken":0.0},{"damage_healed":0.0,"max_hp_gain":0.0,"max_hp_loss":0.0,"gold_gain":100.0,"event_name":"Golden Shrine","player_choice":"Pray","floor":11.0,"gold_loss":0.0,"damage_taken":0.0},{"damage_healed":0.0,"max_hp_gain":0.0,"max_hp_loss":0.0,"gold_gain":100.0,"event_name":"Golden Shrine","player_choice":"Pray","floor":19.0,"gold_loss":0.0,"damage_taken":0.0}],"is_beta":false,"boss_relics":[{"not_picked":["energizedSpire:PogoStick","energizedSpire:OgreHead"],"picked":"HoveringKite"}],"items_purged_floors":[29],"is_endless":false,"potions_floor_spawned":[1,12,14,18,20,22,31],"killed_by":"hubris:MusketHawk","ascension_level":10}}