{"host":"1q02rw1wpi0nrsss","time":1612209713,"event":{"mods":["AchievementEnabler","BaseMod","Better Note","Custom Start","Dark Map","DeckTracker","Disable Question Mark Monsters","Hermit","Minty Spire (QoL Compilation)","Permanent Neow","Quick Restart","Rare Cards Sparkle","Relic Stats","StSLib"],"gold_per_floor":[116,126,51,51,66,66,91,91,91,91,126,126,126,139,139,260,260,281,41,56,80,80,80,119,119,119,134,134,134,134,147,147,147,147],"floor_reached":33,"language":"ENG","playtime":2451,"items_purged":["hermit:Defend_Hermit","hermit:Strike_Hermit"],"score":255,"play_id":"240d5c25-5549-4601-a117-9a133de24249","local_time":"20210201120153","is_ascension_mode":false,"campfire_choices":[{"data":"hermit:Midnight","floor":6,"key":"SMITH"},{"data":"hermit:Deadeye","floor":8,"key":"SMITH"},{"data":"hermit:GhostlyPresence","floor":10,"key":"SMITH"},{"floor":13,"key":"REST"},{"floor":15,"key":"REST"},{"data":"hermit:DeadOrAlive","floor":23,"key":"SMITH"},{"floor":25,"key":"REST"},{"data":"hermit:Magnum","floor":30,"key":"SMITH"},{"floor":32,"key":"REST"}],"circlet_count":0,"master_deck":["hermit:Strike_Hermit","hermit:Strike_Hermit","hermit:Strike_Hermit","hermit:Defend_Hermit","hermit:Defend_Hermit","hermit:Defend_Hermit","hermit:Snapshot","hermit:Covet","hermit:GhostlyPresence+1","hermit:Midnight+1","hermit:Deadeye+1","hermit:Quickdraw","hermit:Magnum+1","hermit:DeadOrAlive+1","hermit:GhostlyPresence+1","hermit:GoldenBullet"],"relics":["hermit:Momento","Shuriken","Omamori","Matryoshka","Pear","Golden Idol","Runic Pyramid","Mummified Hand","MutagenicStrength"],"acts_visited":["Exordium","TheCity"],"potions_floor_usage":[11,11,16,21,21,33,33],"damage_taken":[{"damage":0,"enemies":"Small Slimes","floor":1,"turns":4},{"damage":6,"enemies":"Cultist","floor":2,"turns":4},{"damage":0,"enemies":"2 Louse","floor":5,"turns":2},{"damage":21,"enemies":"3 Sentries","floor":7,"turns":8},{"damage":25,"enemies":"Gremlin Nob","floor":11,"turns":5},{"damage":0,"enemies":"Looter","floor":14,"turns":2},{"damage":25,"enemies":"The Guardian","floor":16,"turns":9},{"damage":11,"enemies":"Chosen","floor":18,"turns":4},{"damage":4,"enemies":"3 Byrds","floor":20,"turns":6},{"damage":17,"enemies":"Centurion and Healer","floor":21,"turns":4},{"damage":21,"enemies":"Snake Plant","floor":24,"turns":5},{"damage":9,"enemies":"Snecko","floor":27,"turns":4},{"damage":3,"enemies":"Chosen and Byrds","floor":31,"turns":6},{"damage":93,"enemies":"Champ","floor":33,"turns":11}],"seed_played":"3141438267846451930","potions_obtained":[{"floor":1,"key":"Block Potion"},{"floor":5,"key":"DistilledChaos"},{"floor":11,"key":"SkillPotion"},{"floor":16,"key":"Swift Potion"},{"floor":18,"key":"Weak Potion"},{"floor":21,"key":"SneckoOil"},{"floor":31,"key":"Regen Potion"}],"is_trial":false,"path_per_floor":["M","M","$","?","M","R","E","R","T","R","E","?","R","M","R","B",null,"M","$","M","M","?","R","M","R","T","M","?","?","R","M","R","B"],"character_chosen":"HERMIT","items_purchased":["hermit:DeadOrAlive"],"campfire_rested":4,"item_purchase_floors":[19],"current_hp_per_floor":[75,69,69,69,69,69,48,48,48,48,33,12,37,37,62,37,85,74,74,70,53,53,53,32,57,57,48,48,48,48,45,70,0,0],"gold":147,"neow_bonus":"THREE_CARDS","is_daily":false,"chose_seed":false,"campfire_upgraded":5,"win_rate":0.0,"timestamp":1612209713,"path_taken":["M","M","$","?","?","R","E","R","T","R","E","?","R","M","R","BOSS","M","$","M","M","?","R","?","R","T","M","?","?","R","M","R","BOSS"],"items_purchased_type":["Card"],"build_version":"2020-12-22","purchased_purges":2,"victory":false,"max_hp_per_floor":[75,75,75,75,75,75,75,75,75,75,85,85,85,85,85,85,85,85,85,85,85,85,85,85,85,85,85,85,85,85,85,85,85,85],"relic_stats":{"counters":[14,74],"Shuriken":[21],"Golden Idol":50,"Mummified Hand":[0],"obtain_stats":[{"Matryoshka":9,"Pear":11,"Shuriken":4,"Golden Idol":12,"Mummified Hand":26,"MutagenicStrength":29,"Omamori":7,"hermit:Momento":0,"Runic Pyramid":17},{"Matryoshka":4,"Pear":5,"Shuriken":2,"Golden Idol":5,"Mummified Hand":11,"MutagenicStrength":12,"Omamori":4,"hermit:Momento":0,"Runic Pyramid":7},{"Matryoshka":18,"Pear":23,"Shuriken":8,"Golden Idol":23,"Mummified Hand":53,"MutagenicStrength":57,"Omamori":18,"hermit:Momento":0,"Runic Pyramid":34}]},"card_choices":[{"not_picked":["hermit:DeadMansHand","hermit:ItchyTrigger"],"picked":"hermit:GhostlyPresence","floor":0},{"not_picked":["hermit:EyeOfTheStorm","hermit:TrackingShot"],"picked":"hermit:Midnight","floor":1},{"not_picked":["hermit:ItchyTrigger","hermit:Desperado","hermit:Vantage"],"picked":"SKIP","floor":2},{"not_picked":["hermit:Roughhouse","hermit:Desperado","hermit:PistolWhip"],"picked":"SKIP","floor":5},{"not_picked":["hermit:Spite","hermit:LowProfile"],"picked":"hermit:Deadeye","floor":7},{"not_picked":["hermit:SprayPray","hermit:Horror"],"picked":"hermit:Quickdraw","floor":11},{"not_picked":["hermit:NoHoldsBarred","hermit:Misfire","hermit:BodyArmor"],"picked":"SKIP","floor":14},{"not_picked":["hermit:Purgatory","hermit:Adapt"],"picked":"hermit:Magnum","floor":16},{"not_picked":["hermit:Ricochet+1","hermit:LowProfile","hermit:CalledShot+1"],"picked":"SKIP","floor":18},{"not_picked":["hermit:HoleUp","hermit:BigShot","hermit:ShadowCloak"],"picked":"SKIP","floor":20},{"not_picked":["hermit:Feint","hermit:TakeAim","hermit:TrackingShot"],"picked":"SKIP","floor":21},{"not_picked":["hermit:Coalescence","hermit:Brawl+1","hermit:Enervate+1"],"picked":"SKIP","floor":24},{"not_picked":["hermit:Glare+1","hermit:Dive","hermit:ItchyTrigger"],"picked":"SKIP","floor":27},{"not_picked":["hermit:HighCaliber","hermit:OverwhelmingPower"],"picked":"hermit:GoldenBullet","floor":31}],"player_experience":427007,"relics_obtained":[{"floor":4,"key":"Shuriken"},{"floor":7,"key":"Omamori"},{"floor":9,"key":"Matryoshka"},{"floor":11,"key":"Pear"},{"floor":26,"key":"Mummified Hand"}],"event_choices":[{"damage_healed":0,"gold_gain":0,"player_choice":"Relic","damage_taken":0,"max_hp_gain":0,"max_hp_loss":0,"event_name":"Wheel of Change","floor":4,"gold_loss":0},{"damage_healed":0,"gold_gain":0,"player_choice":"Take Damage","damage_taken":21,"relics_obtained":["Golden Idol"],"max_hp_gain":0,"max_hp_loss":0,"event_name":"Golden Idol","floor":12,"gold_loss":0},{"damage_healed":0,"gold_gain":0,"player_choice":"Copied","damage_taken":0,"max_hp_gain":0,"max_hp_loss":0,"event_name":"Duplicator","floor":22,"gold_loss":0,"cards_obtained":["hermit:GhostlyPresence"]},{"cards_removed":["hermit:Magnum"],"damage_healed":0,"gold_gain":0,"player_choice":"Give","damage_taken":0,"max_hp_gain":0,"max_hp_loss":0,"event_name":"betterNote:BetterNote","floor":28,"gold_loss":0,"cards_obtained":["Scrawl"]},{"damage_healed":0,"gold_gain":0,"player_choice":"Inject Mutagens","damage_taken":0,"relics_obtained":["MutagenicStrength"],"max_hp_gain":0,"max_hp_loss":0,"event_name":"Drug Dealer","floor":29,"gold_loss":0}],"is_beta":false,"boss_relics":[{"not_picked":["Pandora\u0027s Box","Busted Crown"],"picked":"Runic Pyramid"}],"items_purged_floors":[3,19],"is_endless":false,"potions_floor_spawned":[1,5,11,16,18,21,31],"killed_by":"Champ","ascension_level":0}}