{"host":"czyddnh1ekzxzhp2","time":1612160600,"event":{"mods":["BaseMod","Better Third Choice","BetterRewards","Hermit","Minty Spire (QoL Compilation)","StSLib"],"gold_per_floor":[111,129,149,149,159,159,159,197,197,222,222,241,241,272,272,272,272],"floor_reached":16,"language":"ENG","playtime":996,"items_purged":["hermit:Strike_Hermit"],"score":206,"play_id":"c5e0b434-ccc4-42d6-bca4-49ff367a4d53","local_time":"20210201012320","is_ascension_mode":true,"campfire_choices":[{"data":"hermit:Shortfuse","floor":6,"key":"SMITH"},{"floor":11,"key":"REST"},{"floor":15,"key":"REST"}],"circlet_count":0,"master_deck":["hermit:Strike_Hermit","hermit:Strike_Hermit","hermit:Strike_Hermit","hermit:Defend_Hermit","hermit:Defend_Hermit","hermit:Defend_Hermit","hermit:Snapshot","hermit:Covet","hermit:FlashPowder+1","hermit:Shortfuse+1","hermit:TakeAim","Injury","hermit:FinalCanter","hermit:LoneWolf","hermit:Enervate"],"relics":["hermit:Momento","Letter Opener","Golden Idol","Art of War","Pear","CaptainsWheel"],"acts_visited":["Exordium"],"potions_floor_usage":[14,14],"damage_taken":[{"damage":1,"enemies":"Cultist","floor":1,"turns":3},{"damage":5,"enemies":"Jaw Worm","floor":2,"turns":5},{"damage":0,"enemies":"2 Louse","floor":3,"turns":2},{"damage":0,"enemies":"2 Fungi Beasts","floor":5,"turns":3},{"damage":41,"enemies":"3 Sentries","floor":8,"turns":9},{"damage":11,"enemies":"Exordium Wildlife","floor":10,"turns":4},{"damage":16,"enemies":"Exordium Thugs","floor":12,"turns":6},{"damage":0,"enemies":"Gremlin Nob","floor":14,"turns":3},{"damage":44,"enemies":"The Guardian","floor":16,"turns":6}],"seed_played":"-4723321855354044237","potions_obtained":[{"floor":2,"key":"Weak Potion"},{"floor":3,"key":"SteroidPotion"},{"floor":8,"key":"Swift Potion"}],"is_trial":false,"path_per_floor":["M","M","M","?","M","R","?","E","T","M","R","M","?","E","R","B"],"character_chosen":"HERMIT","items_purchased":["Letter Opener"],"campfire_rested":2,"item_purchase_floors":[0],"current_hp_per_floor":[64,59,59,59,59,59,59,18,28,17,42,26,19,19,44,0,0],"gold":272,"neow_bonus":"","is_daily":false,"chose_seed":false,"campfire_upgraded":1,"win_rate":0.0,"timestamp":1612160600,"path_taken":["M","M","?","?","M","R","?","E","T","M","R","M","?","E","R","BOSS"],"items_purchased_type":["Relic"],"build_version":"2020-12-22","purchased_purges":1,"victory":false,"max_hp_per_floor":[75,75,75,75,75,75,75,75,85,85,85,85,85,85,85,85,85],"card_choices":[{"not_picked":["hermit:Enervate","hermit:Desperado"],"picked":"hermit:FlashPowder","floor":1},{"not_picked":["hermit:CalledShot","hermit:Dive"],"picked":"hermit:Shortfuse","floor":2},{"not_picked":["hermit:Gestalt","hermit:Manifest"],"picked":"hermit:TakeAim","floor":3},{"not_picked":["hermit:Snipe","hermit:Cheat","hermit:Misfire"],"picked":"SKIP","floor":5},{"not_picked":["hermit:Headshot","hermit:TakeAim"],"picked":"hermit:FinalCanter","floor":8},{"not_picked":["hermit:Gestalt","hermit:TakeCover"],"picked":"hermit:LoneWolf","floor":10},{"not_picked":["hermit:Glare","hermit:Virtue"],"picked":"hermit:Enervate","floor":12},{"not_picked":["hermit:LuckOfTheDraw","hermit:Reprieve","hermit:Coalescence"],"picked":"SKIP","floor":14}],"player_experience":889198,"relics_obtained":[{"floor":8,"key":"Art of War"},{"floor":9,"key":"Pear"},{"floor":14,"key":"CaptainsWheel"}],"event_choices":[{"damage_healed":0,"gold_gain":0,"player_choice":"Grow","damage_taken":0,"max_hp_gain":0,"max_hp_loss":0,"event_name":"Living Wall","floor":4,"gold_loss":0,"cards_upgraded":["hermit:FlashPowder"]},{"damage_healed":0,"gold_gain":0,"player_choice":"Take Wound","damage_taken":0,"relics_obtained":["Golden Idol"],"max_hp_gain":0,"max_hp_loss":0,"event_name":"Golden Idol","floor":7,"gold_loss":0,"cards_obtained":["Injury"]},{"cards_removed":["hermit:Defend_Hermit"],"damage_healed":0,"gold_gain":0,"player_choice":"Card Removal","damage_taken":7,"max_hp_gain":0,"max_hp_loss":0,"event_name":"Golden Wing","floor":13,"gold_loss":0}],"is_beta":false,"boss_relics":[],"items_purged_floors":[0],"is_endless":false,"potions_floor_spawned":[2,3,8],"killed_by":"The Guardian","ascension_level":2}}