{"host":"ooetke516h53yqww","time":1612200764,"event":{"mods":["100% Spire Juice","2.2 Compatiblity","Abigail Mod","Act Like it!","Astrologer","Bartender","BaseMod","Beaked The Cultist","Better Match","Better Third Choice","Conspire","Elementarium","Friendly Minions","Hallownest","Hermit","HololiveMod","Hubris","Infinite Spire","Kiyohime????","Lobotomy","LobotomyExtend","Mari Mod (Legacy)","Mari\u0027s V1 Patch","Menagerie","Minty Spire (QoL Compilation)","Morshu Shopkeeper","Prisma Mod","Random Character Button","Reliquary","Replay The Spire","Robot Space Explorer","Spicy Shops","StSLib","Td1madao Mod","The Alterego","The Bug Knight","The Marked","The Poker Player","The Senshi","TheSwordswoman","Uncapped","WarShipGirlsR/????R mod","Yakumo Yukari mod","Yohane!"],"gold_per_floor":[118,118,10,26,46,81,99,125,125,125,140,196,216,216,216],"floor_reached":14,"language":"ENG","playtime":731,"items_purged":[],"score":117,"play_id":"a175665e-d0b4-4576-9ae9-b06e7afe062d","local_time":"20210201123244","is_ascension_mode":true,"campfire_choices":[{"data":"astrologer:TheChariot","floor":10,"key":"SMITH"}],"circlet_count":0,"master_deck":["astrologer:Strike","astrologer:Strike","astrologer:Strike","astrologer:Strike","astrologer:Defend","astrologer:Defend","astrologer:Defend","astrologer:Defend","astrologer:NorthStar","astrologer:TheFool","astrologer:MeteorShower","Regret","astrologer:Opposition","astrologer:SpaceDust","astrologer:Conjunction","astrologer:FrozenStar","astrologer:Quincunx","astrologer:TheChariot+1","astrologer:SolarFlare","astrologer:Glimpse","astrologer:SpaceDust"],"relics":["astrologer:SkyMirror","LetterFromLob","reliquary:Bookmark","hubris:GlazedTorus","HollowMod:PaleOreRelic","Toy Ornithopter","CaptainsWheel"],"acts_visited":["Exordium"],"potions_floor_usage":[6,11,14],"damage_taken":[{"damage":2,"enemies":"conspire:RoseBush","floor":1,"turns":3},{"damage":2,"enemies":"Cultist","floor":4,"turns":3},{"damage":1,"enemies":"Jaw Worm","floor":5,"turns":3},{"damage":25,"enemies":"HollowMod:MossKnight","floor":6,"turns":16},{"damage":11,"enemies":"2 Fungi Beasts","floor":7,"turns":3},{"damage":23,"enemies":"Replay:BlueRogue","floor":8,"turns":7},{"damage":1,"enemies":"Gremlin Gang","floor":11,"turns":5},{"damage":12,"enemies":"3 Sentries","floor":12,"turns":10},{"damage":3,"enemies":"Red Slaver","floor":13,"turns":3},{"damage":18,"enemies":"Lagavulin","floor":14,"turns":7}],"seed_played":"-5795576282714551394","potions_obtained":[{"floor":5,"key":"ColorlessPotion"},{"floor":8,"key":"Fire Potion"},{"floor":12,"key":"Death Potion"}],"is_trial":false,"path_per_floor":["M","?","$","M","M","E","M","E","T","R","M","?","M","E"],"character_chosen":"ASTROLOGER","items_purchased":["reliquary:Bookmark","astrologer:Opposition"],"campfire_rested":0,"item_purchase_floors":[3,3],"current_hp_per_floor":[68,80,80,78,77,52,41,18,18,18,22,10,7,0,0],"gold":216,"neow_bonus":"ONE_RANDOM_RARE_CARD","is_daily":false,"chose_seed":false,"campfire_upgraded":1,"win_rate":0.0,"timestamp":1612200764,"path_taken":["M","?","$","M","M","E","M","E","T","R","?","?","M","E"],"items_purchased_type":["Relic","Card"],"build_version":"2020-12-22","purchased_purges":0,"victory":false,"max_hp_per_floor":[70,80,80,80,80,80,80,80,80,80,80,80,80,80,80],"card_choices":[{"not_picked":["astrologer:CometStrike","astrologer:Still"],"picked":"astrologer:MeteorShower","floor":1},{"not_picked":["astrologer:Conjunction","astrologer:Observe"],"picked":"astrologer:SpaceDust","floor":4},{"not_picked":["astrologer:TheLovers","astrologer:ReadTheStars"],"picked":"astrologer:Conjunction","floor":5},{"not_picked":["astrologer:SolarFlare","astrologer:Fate"],"picked":"astrologer:FrozenStar","floor":6},{"not_picked":["astrologer:Temperance","astrologer:Justice"],"picked":"astrologer:Quincunx","floor":7},{"not_picked":["astrologer:ReadTheStars","astrologer:Stardust"],"picked":"astrologer:TheChariot","floor":8},{"not_picked":["astrologer:TheHighPriestess","astrologer:Stardust"],"picked":"astrologer:SolarFlare","floor":11},{"not_picked":["astrologer:ShiningStar","astrologer:Moonlight"],"picked":"astrologer:Glimpse","floor":12},{"not_picked":["astrologer:StarOfCourage","astrologer:SolarFlare"],"picked":"astrologer:SpaceDust","floor":13}],"player_experience":1533978,"relics_obtained":[{"floor":1,"key":"LetterFromLob"},{"floor":6,"key":"hubris:GlazedTorus"},{"floor":8,"key":"HollowMod:PaleOreRelic"},{"floor":9,"key":"Toy Ornithopter"},{"floor":12,"key":"CaptainsWheel"}],"event_choices":[{"cards_removed":["astrologer:HeatDeath"],"damage_healed":2,"gold_gain":0,"player_choice":"Offered Rare","damage_taken":0,"max_hp_gain":10,"max_hp_loss":0,"event_name":"Bonfire Elementals","floor":2,"gold_loss":0},{"damage_healed":0,"gold_gain":30,"player_choice":"Searched \u00273\u0027 times","damage_taken":0,"max_hp_gain":0,"max_hp_loss":0,"event_name":"Dead Adventurer","floor":12,"gold_loss":0}],"is_beta":false,"boss_relics":[],"items_purged_floors":[],"is_endless":false,"potions_floor_spawned":[5,8,12],"killed_by":"Lagavulin","ascension_level":3}}