{"host":"aaqofma31c3gm2hj","time":1612171280,"event":{"mods":["BaseMod","GungeonMod","Minty Spire (QoL Compilation)","Replay The Spire","Spicy Shops","StSLib"],"gold_per_floor":[115,316,333,408,408,133,133,158,169,182,182,182,56,86,86,86,86,86,103,103,103,103],"floor_reached":21,"language":"ZHS","playtime":558,"items_purged":["DemoMod:Strike_Huntress"],"score":167,"play_id":"6318e5e0-754c-4b98-a1f8-3bfdee383556","local_time":"20210201172120","is_ascension_mode":true,"campfire_choices":[{"data":"DemoMod:BlankBullets","floor":7.0,"key":"SMITH"},{"floor":20,"key":"RECALL"}],"circlet_count":0,"master_deck":["DemoMod:Strike_Huntress","DemoMod:Strike_Huntress","DemoMod:Defend_Huntress","DemoMod:Defend_Huntress","DemoMod:Defend_Huntress","DemoMod:Roll","DemoMod:ManualReload","DemoMod:RustySidearm","DemoMod:CrossBow","DemoMod:DirectionalPad","DemoMod:ShadowBullets","DemoMod:TableSutra+1","DemoMod:BlankBullets+1","Deep Breath+1","DemoMod:Unity","DemoMod:PotionOfGunFriendShip","DemoMod:GunslingerForm","DemoMod:DirectionalPad+1"],"relics":["SlaversCollar","BargainBundle","DemoMod:MonsterBlood","Pear","Molten Egg 2","ReplayFunnel"],"acts_visited":["Exordium"],"potions_floor_usage":[],"damage_taken":[{"damage":0.0,"enemies":"2 Louse","floor":1.0,"turns":2.0},{"damage":6.0,"enemies":"Jaw Worm","floor":3.0,"turns":4.0},{"damage":4.0,"enemies":"3 Sentries","floor":8.0,"turns":4.0},{"damage":5.0,"enemies":"Small Slimes","floor":9.0,"turns":4.0},{"damage":9.0,"enemies":"3 Louse","floor":10.0,"turns":3.0},{"damage":19,"enemies":"Gremlin Nob","floor":14,"turns":5},{"damage":6,"enemies":"Large Slime","floor":19,"turns":6},{"damage":0,"enemies":"Slime Boss","floor":21,"turns":1}],"seed_played":"7983689784834411548","potions_obtained":[{"floor":3.0,"key":"Weak Potion"},{"floor":8.0,"key":"Weak Potion"},{"floor":10.0,"key":"ColorlessPotion"}],"is_trial":false,"path_per_floor":["M","?","M","?","?","$","R","E","M","M","T","T","$","E","?","$","PTL","PTL","M","R","B"],"character_chosen":"HUNTRESS","items_purchased":["BargainBundle","DemoMod:BlankBullets","ColorlessPotion","Fire Potion","ColorlessPotion","Deep Breath","DemoMod:Unity","Molten Egg 2"],"campfire_rested":0,"item_purchase_floors":[6,6,6,6,6,6,6,13],"current_hp_per_floor":[70,53,47,36,36,36,36,39,34,25,35,35,35,16,16,16,16,16,10,10,10,10],"gold":103,"neow_bonus":"BOSS_RELIC","is_daily":false,"chose_seed":false,"campfire_upgraded":1,"win_rate":0.0,"timestamp":1612171280,"path_taken":["M","?","M","?","?","$","R","E","M","M","T","T","$","E","?","?","PTL","PTL","M","R","BOSS"],"items_purchased_type":["Relic","Card","Potion","Potion","Potion","Card","Card","Relic"],"build_version":"2020-12-22","purchased_purges":1,"victory":false,"max_hp_per_floor":[70,70,70,70,70,70,70,77,77,77,87,87,87,87,87,87,87,87,87,87,87,87],"card_choices":[{"not_picked":["DemoMod:SniperShot","DemoMod:HardPowerCard"],"picked":"DemoMod:DirectionalPad","floor":1.0},{"not_picked":["DemoMod:StickyCrossBow","DemoMod:DoubleSwitch"],"picked":"DemoMod:ShadowBullets","floor":2.0},{"not_picked":["DemoMod:HighKaliber","DemoMod:StickyCrossBow","DemoMod:AC15"],"picked":"SKIP","floor":3.0},{"not_picked":["DemoMod:SniperShot","DemoMod:SpreadAmmo","DemoMod:BattleInHaste"],"picked":"SKIP","floor":8.0},{"not_picked":["DemoMod:GunstockTap","DemoMod:Unity"],"picked":"DemoMod:PotionOfGunFriendShip","floor":9.0},{"not_picked":["DemoMod:AbyssalTentacle","DemoMod:FastSwitch"],"picked":"DemoMod:GunslingerForm","floor":10.0},{"not_picked":["DemoMod:CombinedRifle+1","DemoMod:ZorGun+1"],"picked":"DemoMod:DirectionalPad+1","floor":14},{"not_picked":["DemoMod:LifeOrb+1","DemoMod:TableSutra","DemoMod:TripleGun+1"],"picked":"SKIP","floor":19}],"player_experience":624879,"relics_obtained":[{"floor":8.0,"key":"DemoMod:MonsterBlood"},{"floor":11.0,"key":"Pear"},{"floor":14,"key":"ReplayFunnel"}],"event_choices":[{"damage_healed":0.0,"max_hp_gain":0.0,"max_hp_loss":0.0,"gold_gain":75.0,"event_name":"World of Goop","player_choice":"Gather Gold","floor":4.0,"gold_loss":0.0,"damage_taken":11.0}],"is_beta":false,"boss_relics":[],"items_purged_floors":[6],"is_endless":false,"potions_floor_spawned":[3,8,10],"killed_by":"Slime Boss","ascension_level":1}}