{"host":"4e3fxqp5hzyqu39k","time":1612148603,"event":{"mods":["BaseMod","Minty Spire (QoL Compilation)"],"gold_per_floor":[110,60,76,76,94,94,112,127,172,172,189,289,289,289,289,289,289],"floor_reached":16,"language":"ENG","playtime":577,"items_purged":[],"score":92,"play_id":"bd222a3b-d782-4ac1-9aac-d69777570316","local_time":"20210131220323","is_ascension_mode":false,"campfire_choices":[{"data":"Armaments","floor":6,"key":"SMITH"},{"data":"Shrug It Off","floor":10,"key":"SMITH"},{"data":"Inflame","floor":15,"key":"SMITH"}],"circlet_count":0,"master_deck":["Strike_R","Strike_R","Strike_R","Defend_R","Defend_R","Defend_R","Defend_R","Bash","True Grit","Pommel Strike","Iron Wave","Armaments+1","Wild Strike","Shrug It Off+1","Inflame+1"],"relics":["Burning Blood","Orichalcum","Juzu Bracelet","Golden Idol","Pear"],"acts_visited":["Exordium"],"potions_floor_usage":[8],"damage_taken":[{"damage":0,"enemies":"Small Slimes","floor":1,"turns":3},{"damage":8,"enemies":"Jaw Worm","floor":3,"turns":4},{"damage":0,"enemies":"Cultist","floor":5,"turns":3},{"damage":8,"enemies":"3 Louse","floor":7,"turns":4},{"damage":7,"enemies":"Lots of Slimes","floor":8,"turns":6},{"damage":12,"enemies":"2 Fungi Beasts","floor":11,"turns":4},{"damage":71,"enemies":"Slime Boss","floor":16,"turns":17}],"seed_played":"-8349913809510569429","potions_obtained":[{"floor":5,"key":"Energy Potion"},{"floor":8,"key":"Fruit Juice"}],"is_trial":false,"path_per_floor":["M","?","M","?","M","R","M","M","T","R","M","?","?","?","R","B"],"character_chosen":"IRONCLAD","items_purchased":[],"campfire_rested":0,"item_purchase_floors":[],"current_hp_per_floor":[80,80,78,78,80,80,78,82,82,82,76,76,76,68,68,0,0],"gold":289,"neow_bonus":"RANDOM_COMMON_RELIC","is_daily":false,"chose_seed":false,"campfire_upgraded":3,"win_rate":0.0,"timestamp":1612148603,"path_taken":["M","?","M","?","M","R","?","M","T","R","M","?","?","?","R","BOSS"],"items_purchased_type":[],"build_version":"2020-12-22","purchased_purges":0,"victory":false,"max_hp_per_floor":[80,80,80,80,80,80,80,85,85,85,85,85,79,89,89,89,89],"card_choices":[{"not_picked":["Cleave","Battle Trance"],"picked":"True Grit","floor":1},{"not_picked":["Feel No Pain","Perfected Strike"],"picked":"Pommel Strike","floor":3},{"not_picked":["Combust","Clash"],"picked":"Armaments","floor":5},{"not_picked":["True Grit","Reaper"],"picked":"Wild Strike","floor":7},{"not_picked":["Burning Pact","Cleave"],"picked":"Shrug It Off","floor":8},{"not_picked":["Entrench","Hemokinesis"],"picked":"Inflame","floor":11}],"player_experience":257094,"relics_obtained":[{"floor":9,"key":"Juzu Bracelet"}],"event_choices":[{"cards_removed":["Strike_R"],"damage_healed":0,"gold_gain":0,"player_choice":"Card Removal","damage_taken":0,"max_hp_gain":0,"max_hp_loss":0,"event_name":"The Cleric","floor":2,"gold_loss":50},{"damage_healed":0,"gold_gain":0,"cards_transformed":["Strike_R"],"player_choice":"Transformed","damage_taken":0,"max_hp_gain":0,"max_hp_loss":0,"event_name":"Transmorgrifier","floor":4,"gold_loss":0,"cards_obtained":["Iron Wave"]},{"damage_healed":0,"gold_gain":100,"player_choice":"Pray","damage_taken":0,"max_hp_gain":0,"max_hp_loss":0,"event_name":"Golden Shrine","floor":12,"gold_loss":0},{"damage_healed":0,"gold_gain":0,"player_choice":"Lose Max HP","damage_taken":0,"relics_obtained":["Golden Idol"],"max_hp_gain":0,"max_hp_loss":6,"event_name":"Golden Idol","floor":13,"gold_loss":0},{"damage_healed":0,"gold_gain":0,"player_choice":"Success","damage_taken":18,"relics_obtained":["Pear"],"max_hp_gain":0,"max_hp_loss":0,"event_name":"Scrap Ooze","floor":14,"gold_loss":0}],"is_beta":false,"boss_relics":[],"items_purged_floors":[],"is_endless":false,"potions_floor_spawned":[5,8],"killed_by":"Slime Boss","ascension_level":0}}