{"host":"z42sc0n2dozsmk72","time":1612148060,"event":{"mods":["AchievementEnabler","BaseMod","Better Third Choice","Colored Map","Curses Come First","Highlight Path","Minty Spire (QoL Compilation)","Permanent Neow","Quick Restart","Relic Stats","Shop Mod","StSLib","egg","slay the spire mod where everything is the same but ironclad has a cowboy hat"],"gold_per_floor":[117,117,134,153,7,7,32,52,100,135,135,135,135,163,163,163,163],"floor_reached":16,"language":"ENG","playtime":773,"items_purged":["Strike_B"],"score":189,"play_id":"79b17dc0-a089-4756-ab7a-38c861e864a9","local_time":"20210201155420","is_ascension_mode":true,"campfire_choices":[{"data":"Dualcast","floor":6.0,"key":"SMITH"},{"data":"Buffer","floor":11.0,"key":"SMITH"},{"data":"Conserve Battery","floor":15,"key":"SMITH"}],"circlet_count":0,"master_deck":["Strike_B+1","Defend_B","Defend_B","Defend_B","Defend_B","Zap+1","Dualcast+1","Ball Lightning","Self Repair","Buffer+1","Glacier","Conserve Battery+1"],"relics":["Cracked Core","Mango","Singing Bowl","Smiling Mask","Blood Vial","Meat on the Bone"],"acts_visited":["Exordium"],"potions_floor_usage":[],"damage_taken":[{"damage":4.0,"enemies":"2 Louse","floor":1.0,"turns":2.0},{"damage":1.0,"enemies":"Cultist","floor":3.0,"turns":3.0},{"damage":2.0,"enemies":"Jaw Worm","floor":4.0,"turns":3.0},{"damage":25.0,"enemies":"Lagavulin","floor":7.0,"turns":5.0},{"damage":22.0,"enemies":"Exordium Thugs","floor":8.0,"turns":4.0},{"damage":29.0,"enemies":"Gremlin Nob","floor":10.0,"turns":5.0},{"damage":0,"enemies":"3 Sentries","floor":14,"turns":8},{"damage":29,"enemies":"Slime Boss","floor":16,"turns":11}],"seed_played":"2623716905793792632","potions_obtained":[{"floor":3.0,"key":"Swift Potion"},{"floor":8.0,"key":"FairyPotion"},{"floor":10.0,"key":"PotionOfCapacity"},{"floor":14,"key":"LiquidBronze"}],"is_trial":false,"path_per_floor":["M","?","M","M","$","R","E","M","T","E","R","?","?","E","R","B"],"character_chosen":"DEFECT","items_purchased":["Self Repair"],"campfire_rested":0,"item_purchase_floors":[5],"current_hp_per_floor":[64,64,63,61,61,61,43,28,28,35,35,17,17,26,26,0,0],"gold":163,"neow_bonus":"ONE_RARE_RELIC","is_daily":false,"chose_seed":false,"campfire_upgraded":3,"win_rate":0.0,"timestamp":1612148060,"path_taken":["M","?","M","?","$","R","E","M","T","E","R","?","?","E","R","BOSS"],"items_purchased_type":["Card"],"build_version":"2020-12-22","purchased_purges":1,"victory":false,"max_hp_per_floor":[89,89,89,89,89,89,89,89,89,91,91,91,91,91,91,91,91],"relic_stats":{"Blood Vial":4,"Singing Bowl":2,"counters":[8,41],"Smiling Mask":0,"obtain_stats":[{"Blood Vial":10,"Singing Bowl":7,"Mango":0,"Cracked Core":0,"Smiling Mask":9,"Meat on the Bone":14},{"Blood Vial":6,"Singing Bowl":4,"Mango":0,"Cracked Core":0,"Smiling Mask":5,"Meat on the Bone":7},{"Blood Vial":22,"Singing Bowl":13,"Mango":0,"Cracked Core":0,"Smiling Mask":17,"Meat on the Bone":30}],"Meat on the Bone":0},"card_choices":[{"not_picked":["Loop","Skim"],"picked":"Ball Lightning","floor":1.0},{"not_picked":["Redo","Go for the Eyes","Heatsinks"],"picked":"SKIP","floor":3.0},{"not_picked":["Aggregate","Auto Shields","Cold Snap"],"picked":"SKIP","floor":4.0},{"not_picked":["Sunder","Multi-Cast"],"picked":"Buffer","floor":7.0},{"not_picked":["Reinforced Body","Blizzard"],"picked":"Glacier","floor":8.0},{"not_picked":["Static Discharge","Loop","Force Field"],"picked":"Singing Bowl","floor":10.0},{"not_picked":["Self Repair","Aggregate"],"picked":"Conserve Battery","floor":14}],"player_experience":893446,"relics_obtained":[{"floor":7.0,"key":"Singing Bowl"},{"floor":9.0,"key":"Smiling Mask"},{"floor":10.0,"key":"Blood Vial"},{"floor":14,"key":"Meat on the Bone"}],"event_choices":[{"cards_removed":["Strike_B"],"damage_healed":0.0,"max_hp_gain":0.0,"max_hp_loss":0.0,"gold_gain":0.0,"event_name":"Purifier","player_choice":"Purged","floor":2.0,"gold_loss":0.0,"damage_taken":0.0},{"damage_healed":35.0,"max_hp_gain":0.0,"max_hp_loss":91.0,"gold_gain":0.0,"event_name":"betterThird:BetterShining","player_choice":"Upgrade","floor":12.0,"gold_loss":0.0,"damage_taken":18.0,"cards_upgraded":["Strike_B","Zap"]},{"cards_removed":["Strike_B"],"damage_healed":0,"gold_gain":0,"player_choice":"Offered Basic","damage_taken":0,"max_hp_gain":0,"max_hp_loss":0,"event_name":"Bonfire Elementals","floor":13,"gold_loss":0}],"is_beta":false,"boss_relics":[],"items_purged_floors":[5],"is_endless":false,"potions_floor_spawned":[3,8,10,14],"killed_by":"Slime Boss","ascension_level":3}}