{"host":"oehe2dxjvdgux73m","time":1612204706,"event":{"mods":["AchievementEnabler","BaseMod","Colored Map","Colored Powertips","DeckTracker","Keyboard Shortcuts","Minty Spire (QoL Compilation)","Permanent Neow","Quick Restart","StSLib","SuperFastMode"],"gold_per_floor":[114,130,140,100,100,100,111,111,180,192,192,222,222,256,256,350,350,374,212,228,67,67,67,90,125,148,162,162,212,212,245,245,245,245],"floor_reached":33,"language":"KOR","playtime":875,"items_purged":["Strike_G"],"score":586,"play_id":"c2a0d0db-ca00-4254-89bb-3de78c376c97","local_time":"20210202033826","is_ascension_mode":true,"campfire_choices":[{"data":"Crippling Poison","floor":6.0,"key":"SMITH"},{"data":"Deadly Poison","floor":8.0,"key":"SMITH"},{"data":"Neutralize","floor":11.0,"key":"SMITH"},{"data":"Poisoned Stab","floor":15.0,"key":"SMITH"},{"floor":23.0,"key":"REST"},{"data":"Calculated Gamble","floor":28.0,"key":"SMITH"},{"data":"Bane","floor":30.0,"key":"SMITH"},{"data":"Backflip","floor":32.0,"key":"SMITH"}],"circlet_count":0,"master_deck":["AscendersBane","Strike_G","Strike_G","Strike_G","Defend_G","Defend_G","Defend_G","Defend_G","Defend_G","Survivor","Neutralize+1","Crippling Poison+1","Dagger Spray","Dagger Throw","Blur","Deadly Poison+1","Poisoned Stab+1","PiercingWail","Calculated Gamble+1","Bane+1","PiercingWail","Backflip+1"],"relics":["Ring of the Snake","White Beast Statue","Shuriken","Meat on the Bone","Golden Idol","Ginger","SacredBark","Potion Belt","Enchiridion","Omamori","Strawberry","Bottled Lightning"],"acts_visited":["Exordium","TheCity"],"potions_floor_usage":[33],"damage_taken":[{"damage":10.0,"enemies":"Cultist","floor":1.0,"turns":5.0},{"damage":5.0,"enemies":"Small Slimes","floor":2.0,"turns":4.0},{"damage":3.0,"enemies":"2 Louse","floor":3.0,"turns":3.0},{"damage":0.0,"enemies":"Looter","floor":4.0,"turns":4.0},{"damage":5.0,"enemies":"Lots of Slimes","floor":7.0,"turns":3.0},{"damage":1.0,"enemies":"3 Louse","floor":10.0,"turns":2.0},{"damage":3.0,"enemies":"Gremlin Nob","floor":12.0,"turns":3.0},{"damage":24.0,"enemies":"Lagavulin","floor":14.0,"turns":6.0},{"damage":7.0,"enemies":"Slime Boss","floor":16.0,"turns":9.0},{"damage":18.0,"enemies":"Shell Parasite","floor":18.0,"turns":6.0},{"damage":0.0,"enemies":"Chosen","floor":20.0,"turns":3.0},{"damage":9.0,"enemies":"Snake Plant","floor":24.0,"turns":5.0},{"damage":28.0,"enemies":"Book of Stabbing","floor":25.0,"turns":6.0},{"damage":0.0,"enemies":"Snecko","floor":27.0,"turns":5.0},{"damage":40.0,"enemies":"Gremlin Leader","floor":31.0,"turns":6.0},{"damage":15,"enemies":"Collector","floor":33,"turns":5}],"seed_played":"-5497901183588154251","potions_obtained":[{"floor":1.0,"key":"FearPotion"},{"floor":2.0,"key":"EssenceOfSteel"},{"floor":7.0,"key":"SteroidPotion"},{"floor":10.0,"key":"Strength Potion"},{"floor":12.0,"key":"Weak Potion"},{"floor":14.0,"key":"ColorlessPotion"},{"floor":16.0,"key":"SpeedPotion"},{"floor":18.0,"key":"CunningPotion"},{"floor":20.0,"key":"Explosive Potion"},{"floor":24.0,"key":"Block Potion"},{"floor":25.0,"key":"Regen Potion"},{"floor":27.0,"key":"Energy Potion"},{"floor":31.0,"key":"GamblersBrew"}],"is_trial":false,"path_per_floor":["M","M","M","M","T","R","M","R","T","M","R","E","?","E","R","B",null,"M","$","M","$","?","R","M","E","T","M","R","?","R","E","R","B"],"character_chosen":"THE_SILENT","items_purchased":["Calculated Gamble","Potion Belt"],"campfire_rested":1,"item_purchase_floors":[19,21],"current_hp_per_floor":[49,44,41,41,41,41,36,36,36,35,35,32,32,20,20,25,51,33,33,33,33,12,30,33,17,24,64,64,64,64,36,36,21,21],"gold":245,"neow_bonus":"TRANSFORM_CARD","is_daily":false,"chose_seed":false,"campfire_upgraded":7,"win_rate":0.0,"timestamp":1612204706,"path_taken":["M","M","M","M","?","R","M","R","T","M","R","E","?","E","R","BOSS","M","$","M","$","?","R","M","E","T","M","R","?","R","E","R","BOSS"],"items_purchased_type":["Card","Relic"],"build_version":"2020-12-22","purchased_purges":1,"victory":false,"max_hp_per_floor":[66,66,66,66,66,66,66,66,66,66,66,66,60,60,60,60,60,60,60,60,60,60,60,60,60,67,67,67,67,67,67,67,67,67],"card_choices":[{"not_picked":["Caltrops","Concentrate","Acrobatics"],"picked":"SKIP","floor":1.0},{"not_picked":["Prepared","Dodge and Roll"],"picked":"Dagger Spray","floor":2.0},{"not_picked":["Bane","Outmaneuver"],"picked":"Dagger Throw","floor":3.0},{"not_picked":["Heel Hook","Choke"],"picked":"Blur","floor":4.0},{"not_picked":["Outmaneuver","Envenom"],"picked":"Deadly Poison","floor":7.0},{"not_picked":["Acrobatics","Slice","Skewer"],"picked":"SKIP","floor":10.0},{"not_picked":["Acrobatics","Slice","Skewer"],"picked":"SKIP","floor":10.0},{"not_picked":["Flechettes","Sucker Punch","Underhanded Strike"],"picked":"SKIP","floor":12.0},{"not_picked":["Quick Slash","Dagger Spray"],"picked":"Poisoned Stab","floor":14.0},{"not_picked":["Sucker Punch","Dagger Throw"],"picked":"PiercingWail","floor":18.0},{"not_picked":["Terror","Accuracy","Expertise"],"picked":"SKIP","floor":20.0},{"not_picked":["Slice","Deadly Poison","Deflect"],"picked":"SKIP","floor":24.0},{"not_picked":["Slice","Tactician"],"picked":"Bane","floor":25.0},{"not_picked":["Accuracy","Prepared"],"picked":"PiercingWail","floor":27.0},{"not_picked":["Well Laid Plans","All Out Attack"],"picked":"Backflip","floor":31.0}],"player_experience":346694,"relics_obtained":[{"floor":5.0,"key":"White Beast Statue"},{"floor":9.0,"key":"Shuriken"},{"floor":12.0,"key":"Meat on the Bone"},{"floor":14.0,"key":"Ginger"},{"floor":22.0,"key":"Enchiridion"},{"floor":25.0,"key":"Omamori"},{"floor":26.0,"key":"Strawberry"},{"floor":31.0,"key":"Bottled Lightning"}],"event_choices":[{"damage_healed":0.0,"max_hp_gain":0.0,"max_hp_loss":6.0,"gold_gain":0.0,"event_name":"Golden Idol","player_choice":"Lose Max HP","floor":13.0,"gold_loss":0.0,"damage_taken":0.0,"relics_obtained":["Golden Idol"]},{"damage_healed":0.0,"max_hp_gain":0.0,"max_hp_loss":0.0,"gold_gain":0.0,"event_name":"Cursed Tome","player_choice":"Obtained Book","floor":22.0,"gold_loss":0.0,"damage_taken":21.0},{"damage_healed":0.0,"max_hp_gain":0.0,"max_hp_loss":0.0,"gold_gain":50.0,"event_name":"Nest","player_choice":"Stole From Cult","floor":29.0,"gold_loss":0.0,"damage_taken":0.0}],"is_beta":false,"boss_relics":[{"not_picked":["Snecko Eye","Ectoplasm"],"picked":"SacredBark"}],"items_purged_floors":[19],"is_endless":false,"potions_floor_spawned":[1,2,7,10,12,14,16,18,20,24,25,27,31],"killed_by":"Collector","ascension_level":20}}