{"host":"nwd160me4iqdtr8u","time":1612194658,"event":{"mods":["AchievementEnabler","Act Like it!","BaseMod","Colored Map","DeckTracker","Keyboard Shortcuts","Minty Spire (QoL Compilation)","Quick Restart","Rare Cards Sparkle","StSLib","SuperFastMode","everything is the same but u backflip on backflip"],"gold_per_floor":[112,187,187,207,207,242,262,278,329,343,343,66,66,97,97,187,250,264,289,289,30,53,53,53,53,53,68,68,68,89,89,89,89,89],"floor_reached":33,"language":"KOR","playtime":955,"items_purged":[],"score":560,"play_id":"b3a56c84-4c57-40f6-bb35-99b6b9d7d876","local_time":"20210202005058","is_ascension_mode":true,"campfire_choices":[{"data":"Backstab","floor":11.0,"key":"SMITH"},{"data":"Bouncing Flask","floor":13.0,"key":"SMITH"},{"data":"Deadly Poison","floor":15.0,"key":"SMITH"},{"floor":23.0,"key":"REST"},{"data":"Crippling Poison","floor":25.0,"key":"SMITH"},{"floor":32,"key":"REST"}],"circlet_count":0,"master_deck":["AscendersBane","Strike_G","Strike_G","Strike_G","Strike_G","Defend_G","Defend_G","Defend_G","Defend_G","Defend_G","Survivor","Neutralize","Dagger Throw","Underhanded Strike","Deadly Poison+1","Backstab+1","Bouncing Flask+1","Poisoned Stab","PiercingWail","Corpse Explosion+1","Backflip","Leg Sweep","PiercingWail","Crippling Poison+1","Finesse","Well Laid Plans+1","Bane+1","Escape Plan"],"relics":["Ring of the Snake","NeowsBlessing","Golden Idol","Question Card","Boot","Pantograph","Potion Belt","Tiny House","Molten Egg 2"],"acts_visited":["Exordium","TheCity"],"potions_floor_usage":[33,33],"damage_taken":[{"damage":0.0,"enemies":"2 Louse","floor":1.0,"turns":1.0},{"damage":0.0,"enemies":"Jaw Worm","floor":4.0,"turns":1.0},{"damage":0.0,"enemies":"Lagavulin","floor":6.0,"turns":1.0},{"damage":6.0,"enemies":"Small Slimes","floor":7.0,"turns":4.0},{"damage":0.0,"enemies":"Exordium Wildlife","floor":8.0,"turns":4.0},{"damage":0.0,"enemies":"3 Louse","floor":10.0,"turns":2.0},{"damage":6.0,"enemies":"Gremlin Nob","floor":14.0,"turns":3.0},{"damage":12.0,"enemies":"Hexaghost","floor":16.0,"turns":8.0},{"damage":13.0,"enemies":"Spheric Guardian","floor":18.0,"turns":4.0},{"damage":14.0,"enemies":"2 Thieves","floor":19.0,"turns":2.0},{"damage":13.0,"enemies":"Snake Plant","floor":22.0,"turns":6.0},{"damage":27.0,"enemies":"Shelled Parasite and Fungi","floor":27.0,"turns":8.0},{"damage":16,"enemies":"Centurion and Healer","floor":30,"turns":5},{"damage":76,"enemies":"Automaton","floor":33,"turns":12}],"seed_played":"4761535179200264007","potions_obtained":[{"floor":4.0,"key":"DistilledChaos"},{"floor":7.0,"key":"CunningPotion"},{"floor":16.0,"key":"GhostInAJar"},{"floor":17.0,"key":"Fruit Juice"},{"floor":18.0,"key":"Explosive Potion"},{"floor":30,"key":"SkillPotion"}],"is_trial":false,"path_per_floor":["M","?","?","M","?","E","M","M","T","M","R","$","R","E","R","B",null,"M","M","?","$","M","R","$","R","T","M","?","?","M","?","R","B"],"character_chosen":"THE_SILENT","items_purchased":["Pantograph","Crippling Poison","Finesse","DistilledChaos"],"campfire_rested":2,"item_purchase_floors":[12,21,21,21],"current_hp_per_floor":[59,48,48,48,48,48,42,42,42,42,42,42,42,36,36,48,67,54,40,40,40,27,48,48,48,48,21,21,21,5,5,26,0,0],"gold":89,"neow_bonus":"THREE_ENEMY_KILL","is_daily":false,"chose_seed":false,"campfire_upgraded":4,"win_rate":0.0,"timestamp":1612194658,"path_taken":["M","?","?","M","?","E","M","M","T","?","R","$","R","E","R","BOSS","M","M","?","$","M","R","$","R","T","M","?","?","M","?","R","BOSS"],"items_purchased_type":["Relic","Card","Card","Potion"],"build_version":"2020-12-22","purchased_purges":0,"victory":false,"max_hp_per_floor":[66,66,60,60,60,60,60,60,60,60,60,60,60,60,60,60,70,70,70,70,70,70,70,70,70,70,70,70,70,70,70,70,70,70],"card_choices":[{"not_picked":["Slice","Bane"],"picked":"Dagger Throw","floor":1.0},{"not_picked":["Deflect","Flying Knee"],"picked":"Underhanded Strike","floor":4.0},{"not_picked":["Sucker Punch","Catalyst"],"picked":"Deadly Poison","floor":6.0},{"not_picked":["Choke","Cloak And Dagger","Slice"],"picked":"Backstab","floor":7.0},{"not_picked":["Dodge and Roll","Blade Dance","Outmaneuver"],"picked":"Bouncing Flask","floor":8.0},{"not_picked":["A Thousand Cuts","Underhanded Strike","Dodge and Roll"],"picked":"Poisoned Stab","floor":10.0},{"not_picked":["Eviscerate","Dagger Spray","Accuracy"],"picked":"PiercingWail","floor":14.0},{"not_picked":["Doppelganger","Burst","A Thousand Cuts"],"picked":"Corpse Explosion","floor":16.0},{"not_picked":["Choke","Slice","Sucker Punch"],"picked":"Backflip","floor":17.0},{"not_picked":["Riddle With Holes","Endless Agony","Caltrops+1"],"picked":"Leg Sweep","floor":18.0},{"not_picked":["Storm of Steel","Dagger Spray","Slice"],"picked":"PiercingWail","floor":19.0},{"not_picked":["Dagger Spray","Slice","Finisher"],"picked":"Well Laid Plans","floor":22.0},{"not_picked":["Concentrate","Glass Knife+1","Predator+1"],"picked":"Bane+1","floor":27.0},{"not_picked":["Deflect","Slice+1","Setup"],"picked":"Escape Plan","floor":30}],"player_experience":367106,"relics_obtained":[{"floor":6.0,"key":"Question Card"},{"floor":9.0,"key":"Boot"},{"floor":14.0,"key":"Potion Belt"},{"floor":26.0,"key":"Molten Egg 2"}],"event_choices":[{"damage_healed":0.0,"max_hp_gain":0.0,"max_hp_loss":0.0,"gold_gain":75.0,"event_name":"World of Goop","player_choice":"Gather Gold","floor":2.0,"gold_loss":0.0,"damage_taken":11.0},{"damage_healed":0.0,"max_hp_gain":0.0,"max_hp_loss":6.0,"gold_gain":0.0,"event_name":"Golden Idol","player_choice":"Lose Max HP","floor":3.0,"gold_loss":0.0,"damage_taken":0.0,"relics_obtained":["Golden Idol"]},{"damage_healed":0.0,"max_hp_gain":0.0,"max_hp_loss":0.0,"gold_gain":0.0,"event_name":"Shining Light","player_choice":"Ignored","floor":5.0,"gold_loss":0.0,"damage_taken":0.0},{"cards_removed":["Strike_G"],"damage_healed":0.0,"max_hp_gain":0.0,"max_hp_loss":0.0,"gold_gain":0.0,"event_name":"Back to Basics","player_choice":"Elegance","floor":20.0,"gold_loss":0.0,"damage_taken":0.0},{"damage_healed":0,"gold_gain":0,"player_choice":"Ignored","damage_taken":0,"max_hp_gain":0,"max_hp_loss":0,"event_name":"The Mausoleum","floor":28,"gold_loss":0},{"damage_healed":0,"gold_gain":0,"player_choice":"Ignored","damage_taken":0,"max_hp_gain":0,"max_hp_loss":0,"event_name":"Ghosts","floor":29,"gold_loss":0},{"damage_healed":0,"gold_gain":0,"player_choice":"Forge","damage_taken":0,"max_hp_gain":0,"max_hp_loss":0,"event_name":"Accursed Blacksmith","floor":31,"gold_loss":0,"cards_upgraded":["Well Laid Plans"]}],"is_beta":false,"boss_relics":[{"not_picked":["Pandora\u0027s Box","Snecko Eye"],"picked":"Tiny House"}],"items_purged_floors":[],"is_endless":false,"potions_floor_spawned":[4,7,10,16,18,30],"killed_by":"Automaton","ascension_level":20}}