{"host":"ve5hox67eka4rdnb","time":1612176761,"event":{"mods":["ATMod(∞¢Ë™Mod)","AchievementEnabler","Act Like it!","BaseMod","Decade(Õı–°√˜)","Downfall","Gensokyo","Hermit","Koishi","Lobotomy","LobotomyExtend","Marisa£®ÏF”Í°°ƒß¿Ì…≥£©","Minty Spire (QoL Compilation)","Reimu£®≤©¿ˆ¡È√Œ£©","Remilia£®¿Ÿ√◊¿Ú—«£©","Replay The Spire","Shop Mod","StSLib","The Construct","The Cursed","The Servant 0.9.4"],"gold_per_floor":[110,110,122,139,139,165,165,165,165],"floor_reached":0,"language":"ZHS","playtime":359,"items_purged":[],"score":18,"play_id":"fbc3a4ce-3ecf-4379-b0a4-0e56b37b4286","local_time":"20210201185241","is_ascension_mode":true,"campfire_choices":[{"data":"Zap","floor":7,"key":"SMITH"}],"circlet_count":0,"master_deck":["Strike_B","Strike_B+1","Strike_B","Defend_B+1","Defend_B","Defend_B","Defend_B","Zap+1","Dualcast","OSAHOGD","Streamline","OldLady"],"relics":["Cracked Core","AT_ATBox","CogitoBucket","Centennial Puzzle","MagicBullet_r"],"acts_visited":["Exordium"],"potions_floor_usage":[],"damage_taken":[{"damage":9,"enemies":"2 Louse","floor":1,"turns":3},{"damage":7,"enemies":"Jaw Worm","floor":3,"turns":3},{"damage":1,"enemies":"Cultist","floor":4,"turns":3},{"damage":15,"enemies":"3 Sentries","floor":6,"turns":6}],"seed_played":"-344315926238712365","potions_obtained":[{"floor":4,"key":"FocusPotion"},{"floor":6,"key":"Slimebound:ThreeZeroPotion"}],"is_trial":false,"path_per_floor":["M","?","M","M","?","E","R","E"],"character_chosen":"DEFECT","items_purchased":[],"campfire_rested":0,"item_purchase_floors":[],"current_hp_per_floor":[66,59,52,51,36,21,21,75,75],"gold":165,"neow_bonus":"","is_daily":false,"chose_seed":false,"campfire_upgraded":1,"win_rate":0.0,"timestamp":1612176761,"path_taken":["M","?","M","M","?","E","R","E"],"items_purchased_type":[],"build_version":"2020-12-22","purchased_purges":0,"victory":false,"max_hp_per_floor":[75,75,75,75,75,75,75,75,75],"card_choices":[{"not_picked":["OldLady","Woodsman"],"picked":"OSAHOGD","floor":1},{"not_picked":["Sweeping Beam","Leap","Stack"],"picked":"SKIP","floor":1},{"not_picked":["Wellcheers","WallGazer","Scarecrow"],"picked":"Singing Bowl","floor":3},{"not_picked":["Porccubus","FairyFestival"],"picked":"QueenOfHatred","floor":3},{"not_picked":["AT_WarpDrive","Stack","Beam Cell"],"picked":"SKIP","floor":3},{"not_picked":["UniverseFragment","LittleHelper","VoidDream"],"picked":"Singing Bowl","floor":4},{"not_picked":["Genetic Algorithm","Hologram"],"picked":"Streamline","floor":4},{"not_picked":["UniverseFragment","Murderer","ShyLook"],"picked":"Singing Bowl","floor":6},{"not_picked":["MHz","VoidDream"],"picked":"OldLady","floor":6},{"not_picked":["AT_HeatAcrobatics","Conserve Battery","ReplayTheSpireMod:Omega Cannon"],"picked":"SKIP","floor":6}],"player_experience":195263,"relics_obtained":[{"floor":1,"key":"LetterFromLob"},{"floor":6,"key":"Centennial Puzzle"}],"event_choices":[{"cards_removed":["Strike_B"],"damage_healed":0,"gold_gain":0,"player_choice":"Card Removal","damage_taken":7,"max_hp_gain":0,"max_hp_loss":0,"event_name":"Golden Wing","floor":2,"gold_loss":0},{"damage_healed":0,"gold_gain":0,"player_choice":"Entered Light","damage_taken":15,"max_hp_gain":0,"max_hp_loss":0,"event_name":"Shining Light","floor":5,"gold_loss":0,"cards_upgraded":["Strike_B","Defend_B"]}],"is_beta":false,"boss_relics":[],"items_purged_floors":[],"is_endless":false,"potions_floor_spawned":[4,6],"ascension_level":2}}