{"host":"qav5943cxrzanrh1","time":1612142580,"event":{"mods":["BaseMod","BetterRewards","ChefMod","Colored Map","Downfall","Highlight Path","Hubris","Minty Spire (QoL Compilation)","RRrroohrrRGHHhhh!!","RatMod","SacredBarkPlus","Shop Mod","Spicy Shops","Spikes Relics","StSLib","The Blue Laboratory","Trackpad","thorton"],"gold_per_floor":[199,227,289,289,322,422,470,499,514,364,381,393,393,88,99,196,196,196,212,231,69,69,69],"floor_reached":21,"language":"ENG","playtime":1840,"items_purged":[],"score":217,"play_id":"2cd72361-7a49-41cb-b5f0-3c072ddbd37d","local_time":"20210131202300","is_ascension_mode":true,"campfire_choices":[{"floor":1.0,"key":"RECALL"},{"floor":10.0,"key":"REST"},{"data":"sneckomod:UnknownRareAttack","floor":18.0,"key":"SMITH"}],"circlet_count":0,"master_deck":["hexamod:TimeWarp+1","sneckomod:Strike","sneckomod:Strike","sneckomod:Strike","sneckomod:Defend","sneckomod:Defend","sneckomod:Defend","sneckomod:TailWhip","sneckomod:SnekBite","sneckomod:Unknown","sneckomod:Unknown","sneckomod:QuickBite","sneckomod:Unknown0Cost","sneckomod:QuickMove","sneckomod:UnknownUncommonSkill","sneckomod:IronFang","sneckomod:UnknownX","sneckomod:SlitherStrike","sneckomod:UnknownWeak","sneckomod:UnknownRareAttack+1","sneckomod:WideSting","sneckomod:UnknownBlock","sneckomod:IronFang","sneckomod:UnknownRareSkill","sneckomod:MasterEye"],"relics":["sneckomod:SneckoSoul","LugNut","Pen Nib","Juzu Bracelet","hubris:ToyBattleship","Happy Flower","trackpad:Compendium","downfall:HeartBlessingRed","downfall:HeartBlessingGreen","hubris:Icosahedron","hubris:PeanutButter","Vajra","trackpad:Coffee"],"acts_visited":[],"potions_floor_usage":[],"damage_taken":[{"damage":24.0,"enemies":"Gremlin Nob","floor":2.0,"turns":4.0},{"damage":10.0,"enemies":"Gremlin Nob","floor":3.0,"turns":3.0},{"damage":21.0,"enemies":"3 Sentries","floor":5.0,"turns":5.0},{"damage":12.0,"enemies":"Gremlin Nob","floor":8.0,"turns":4.0},{"damage":0.0,"enemies":"Small Slimes","floor":9.0,"turns":1.0},{"damage":0.0,"enemies":"Jaw Worm","floor":11.0,"turns":2.0},{"damage":0.0,"enemies":"Cultist","floor":12.0,"turns":2.0},{"damage":0.0,"enemies":"downfall:FleeingMerchant","floor":14.0,"turns":4.0},{"damage":14.0,"enemies":"3 Louse","floor":15.0,"turns":3.0},{"damage":23.0,"enemies":"downfall:CharBossDefect","floor":16.0,"turns":6.0},{"damage":8,"enemies":"3 Byrds","floor":19,"turns":5},{"damage":50,"enemies":"Cultist and Chosen","floor":20,"turns":7},{"damage":0,"enemies":"downfall:FleeingMerchant","floor":21,"turns":4}],"seed_played":"-8335173300170095466","potions_obtained":[{"floor":3.0,"key":"Weak Potion"},{"floor":9.0,"key":"blueLaboratory:BottleOfRum"},{"floor":12.0,"key":"BlessingOfTheForge"},{"floor":15.0,"key":"Fruit Juice"},{"floor":20,"key":"bronze:BurnAndBuffPotion"}],"is_trial":false,"path_per_floor":["R","E","?","?","E","?","T","E","M","R","M","M","?","$","M","B",null,"R","M","M","$"],"character_chosen":"THE_SNECKO","items_purchased":["hubris:PeanutButter","Vajra","sneckomod:UnknownRareSkill","sneckomod:MasterEye"],"campfire_rested":1,"item_purchase_floors":[14,14,21,21],"current_hp_per_floor":[90,66,57,39,18,18,18,7,7,34,35,35,35,35,27,5,100,100,92,42,42,42,42],"gold":69,"neow_bonus":"HUNDRED_GOLD","is_daily":false,"chose_seed":false,"campfire_upgraded":1,"win_rate":0.0,"timestamp":1612142580,"path_taken":["R","E","?","?","E","?","T","E","M","R","M","M","?","$","M","BOSS","R","E","M","$"],"items_purchased_type":["Relic","Relic","Card","Card"],"build_version":"2020-12-22","purchased_purges":0,"victory":false,"max_hp_per_floor":[90,90,91,91,91,91,91,92,92,92,93,93,93,93,99,100,100,100,100,100,100,100,100],"card_choices":[{"not_picked":["sneckomod:UnknownWeak","sneckomod:UnknownBlock"],"picked":"sneckomod:QuickBite","floor":2.0},{"not_picked":["sneckomod:UnknownCommonAttack","sneckomod:UnknownWeak"],"picked":"sneckomod:Unknown0Cost","floor":3.0},{"not_picked":["sneckomod:SoulCleanse","sneckomod:UnknownWeak"],"picked":"sneckomod:QuickMove","floor":5.0},{"not_picked":["sneckomod:UnknownClassBLUE","sneckomod:SoulRoll"],"picked":"sneckomod:UnknownUncommonSkill","floor":8.0},{"not_picked":["sneckomod:UnknownClassGREEN","sneckomod:SoulDraw"],"picked":"sneckomod:IronFang","floor":9.0},{"not_picked":["sneckomod:UnknownDexterity","sneckomod:WideSting"],"picked":"sneckomod:UnknownX","floor":11.0},{"not_picked":["sneckomod:PureSnecko","sneckomod:ImprovisedGuard"],"picked":"sneckomod:SlitherStrike","floor":12.0},{"not_picked":["sneckomod:UnknownClassGUARDIAN","sneckomod:SoulDraw"],"picked":"sneckomod:UnknownWeak","floor":15.0},{"not_picked":["sneckomod:Transmogrify","sneckomod:Restock"],"picked":"sneckomod:UnknownRareAttack","floor":16.0},{"not_picked":["sneckomod:UnknownCommonSkill","sneckomod:Nope"],"picked":"sneckomod:WideSting","floor":19},{"not_picked":["sneckomod:SerpentIdol","sneckomod:RainOfDice"],"picked":"sneckomod:UnknownBlock","floor":20},{"not_picked":["sneckomod:UnknownBlock","sneckomod:DiceCrush"],"picked":"sneckomod:IronFang","floor":21}],"player_experience":686064,"relics_obtained":[{"floor":2.0,"key":"LugNut"},{"floor":5.0,"key":"hubris:ToyBattleship"},{"floor":7.0,"key":"Happy Flower"},{"floor":8.0,"key":"trackpad:Compendium"}],"event_choices":[{"damage_healed":0.0,"max_hp_gain":0.0,"max_hp_loss":0.0,"gold_gain":0.0,"event_name":"Scrap Ooze","player_choice":"Success","floor":4.0,"gold_loss":0.0,"damage_taken":18.0,"relics_obtained":["Juzu Bracelet"]}],"is_beta":false,"boss_relics":[{"not_picked":["hubris:RunicObelisk","Coffee Dripper"],"picked":"trackpad:Coffee"}],"items_purged_floors":[],"is_endless":false,"potions_floor_spawned":[3,9,12,15,20],"ascension_level":2}}