{"host":"a3wpq7kyokchzawk","time":1612200239,"event":{"mods":["BaseMod","Colored Map","Highlight Path","Minty Spire (QoL Compilation)","Permanent Neow","Potion Indicator Mod","Relic Stats","Weighted Paths"],"gold_per_floor":[160,176,191,191,191,191,225,243,243,393,393,393,424,439,439,532,532,546,229,229,253,266,266,266,307,307,307,307],"floor_reached":27,"language":"ENG","playtime":5466,"items_purged":["Strike_B"],"score":470,"play_id":"e3c43fe3-5f76-4c36-8a0b-f6169362df44","local_time":"20210201152359","is_ascension_mode":true,"campfire_choices":[{"data":"Streamline","floor":6.0,"key":"SMITH"},{"data":"Redo","floor":11.0,"key":"SMITH"},{"data":"Go for the Eyes","floor":15,"key":"SMITH"},{"floor":23,"key":"DIG"}],"circlet_count":0,"master_deck":["AscendersBane","Strike_B","Strike_B","Strike_B","Defend_B","Defend_B+1","Defend_B","Defend_B","Zap+1","Dualcast","Turbo","Streamline+1","Compile Driver","Scrape","Redo+1","Ball Lightning","Doubt","Glacier","Go for the Eyes+1","Machine Learning+1","Compile Driver","Self Repair","Hologram","Turbo+1"],"relics":["Tiny House","Golden Idol","Darkstone Periapt","CaptainsWheel","Eternal Feather","Shovel","Fusion Hammer","ClockworkSouvenir","Letter Opener","Prayer Wheel","Cables","Question Card"],"acts_visited":["Exordium","TheCity"],"potions_floor_usage":[25,25,27],"damage_taken":[{"damage":8.0,"enemies":"2 Louse","floor":1.0,"turns":4.0},{"damage":17.0,"enemies":"Small Slimes","floor":2.0,"turns":4.0},{"damage":1.0,"enemies":"Cultist","floor":3.0,"turns":3.0},{"damage":17.0,"enemies":"Lagavulin","floor":7.0,"turns":7.0},{"damage":6.0,"enemies":"Exordium Thugs","floor":8.0,"turns":4.0},{"damage":21.0,"enemies":"Gremlin Nob","floor":13.0,"turns":4.0},{"damage":0.0,"enemies":"Large Slime","floor":14.0,"turns":3.0},{"damage":7,"enemies":"The Guardian","floor":16,"turns":12},{"damage":0,"enemies":"Shell Parasite","floor":18,"turns":4},{"damage":4,"enemies":"Chosen","floor":21,"turns":4},{"damage":32,"enemies":"Centurion and Healer","floor":22,"turns":8},{"damage":28,"enemies":"Book of Stabbing","floor":25,"turns":6},{"damage":30,"enemies":"Slavers","floor":27,"turns":1}],"seed_played":"-7407719880558362893","potions_obtained":[{"floor":0.0,"key":"Energy Potion"},{"floor":3.0,"key":"PowerPotion"},{"floor":13.0,"key":"SneckoOil"},{"floor":16,"key":"Ancient Potion"},{"floor":25,"key":"Dexterity Potion"}],"is_trial":false,"path_per_floor":["M","M","M","?","?","R","E","M","T","?","R","T","E","M","R","B",null,"M","$","?","M","M","R","T","E","T","E"],"character_chosen":"DEFECT","items_purchased":["ClockworkSouvenir","Self Repair"],"campfire_rested":0,"item_purchase_floors":[19,19],"current_hp_per_floor":[61,44,43,43,43,43,26,20,20,26,26,26,5,5,17,10,59,59,59,59,62,37,49,49,28,28,0,0],"gold":307,"neow_bonus":"BOSS_RELIC","is_daily":false,"chose_seed":false,"campfire_upgraded":3,"win_rate":0.0,"timestamp":1612200239,"path_taken":["M","M","M","?","?","R","E","M","T","?","R","?","E","M","R","BOSS","M","$","?","M","?","R","?","E","T","E"],"items_purchased_type":["Relic","Card"],"build_version":"2020-12-22","purchased_purges":1,"victory":false,"max_hp_per_floor":[76,76,76,69,69,69,69,69,69,75,75,75,75,75,75,75,75,75,75,75,75,75,75,75,75,75,75,75],"relic_stats":{"Darkstone Periapt":6,"Shovel":1,"counters":[13,64],"Golden Idol":58,"Eternal Feather":24,"Prayer Wheel":0,"Letter Opener":[15],"Question Card":0,"obtain_stats":[{"Darkstone Periapt":7,"Tiny House":0,"Golden Idol":4,"Eternal Feather":12,"Letter Opener":23,"Question Card":26,"ClockworkSouvenir":19,"Cables":25,"CaptainsWheel":9,"Shovel":13,"Prayer Wheel":24,"Fusion Hammer":17,"Cracked Core":0},{"Darkstone Periapt":4,"Tiny House":0,"Golden Idol":3,"Eternal Feather":5,"Letter Opener":11,"Question Card":12,"ClockworkSouvenir":9,"Cables":12,"CaptainsWheel":5,"Shovel":6,"Prayer Wheel":11,"Fusion Hammer":8,"Cracked Core":0},{"Darkstone Periapt":18,"Tiny House":0,"Golden Idol":11,"Eternal Feather":22,"Letter Opener":57,"Question Card":63,"ClockworkSouvenir":45,"Cables":63,"CaptainsWheel":22,"Shovel":26,"Prayer Wheel":57,"Fusion Hammer":41,"Cracked Core":0}],"Cables":[1,1,0,0,0]},"card_choices":[{"not_picked":["Barrage","Rebound"],"picked":"Turbo","floor":0.0},{"not_picked":["Go for the Eyes","Leap"],"picked":"Streamline","floor":1.0},{"not_picked":["BootSequence","Hello World"],"picked":"Compile Driver","floor":2.0},{"not_picked":["Force Field","Steam"],"picked":"Scrape","floor":3.0},{"not_picked":["Blizzard","Heatsinks"],"picked":"Redo","floor":7.0},{"not_picked":["Cold Snap","Sweeping Beam"],"picked":"Ball Lightning","floor":8.0},{"not_picked":["Heatsinks","Genetic Algorithm"],"picked":"Glacier","floor":13.0},{"not_picked":["Ball Lightning","Streamline"],"picked":"Go for the Eyes","floor":14.0},{"not_picked":["Multi-Cast","Reboot"],"picked":"Machine Learning","floor":16},{"not_picked":["Streamline","Recycle"],"picked":"Compile Driver","floor":18},{"not_picked":["Rip and Tear","Tempest","Turbo"],"picked":"SKIP","floor":21},{"not_picked":["Sunder","Cold Snap"],"picked":"Hologram","floor":22},{"not_picked":["Thunder Strike","Leap"],"picked":"Turbo+1","floor":25}],"player_experience":2522201,"relics_obtained":[{"floor":7.0,"key":"Darkstone Periapt"},{"floor":9.0,"key":"CaptainsWheel"},{"floor":12.0,"key":"Eternal Feather"},{"floor":13.0,"key":"Shovel"},{"floor":23,"key":"Letter Opener"},{"floor":24,"key":"Prayer Wheel"},{"floor":25,"key":"Cables"},{"floor":26,"key":"Question Card"}],"event_choices":[{"damage_healed":0.0,"max_hp_gain":0.0,"max_hp_loss":7.0,"gold_gain":0.0,"event_name":"Golden Idol","player_choice":"Lose Max HP","floor":4.0,"gold_loss":0.0,"damage_taken":0.0,"relics_obtained":["Golden Idol"]},{"damage_healed":0.0,"max_hp_gain":0.0,"max_hp_loss":0.0,"gold_gain":0.0,"event_name":"Living Wall","player_choice":"Grow","floor":5.0,"gold_loss":0.0,"damage_taken":0.0,"cards_upgraded":["Zap"]},{"damage_healed":0.0,"max_hp_gain":0.0,"max_hp_loss":0.0,"gold_gain":150.0,"event_name":"Liars Game","player_choice":"AGREE","floor":10.0,"gold_loss":0.0,"damage_taken":0.0,"cards_obtained":["Doubt"]},{"damage_healed":0,"gold_gain":0,"player_choice":"Upgraded","damage_taken":0,"max_hp_gain":0,"max_hp_loss":0,"event_name":"Upgrade Shrine","floor":20,"gold_loss":0,"cards_upgraded":["Machine Learning"]}],"is_beta":false,"boss_relics":[{"not_picked":["Empty Cage","Ectoplasm"],"picked":"Fusion Hammer"}],"items_purged_floors":[19],"is_endless":false,"potions_floor_spawned":[3,13,16,18,21,25],"killed_by":"Slavers","ascension_level":19}}