{"host":"Ryley","time":1612198934,"event":{"mods":["BaseMod","Downfall","Minty Spire (QoL Compilation)","StSLib"],"gold_per_floor":[99,114,114,131,131,142,166,24,39,39,57,88,88,2,12,12,12,12],"floor_reached":16,"language":"ENG","playtime":2202,"items_purged":["champ:Taunt"],"score":102,"play_id":"eeae0eba-8a21-4824-9d42-08364f1965fc","local_time":"20210201110214","is_ascension_mode":false,"campfire_choices":[{"floor":1,"key":"RECALL"},{"data":"champ:GladiatorForm","floor":10,"key":"SMITH"},{"data":"champ:DefensiveShout","floor":13,"key":"SMITH"}],"circlet_count":0,"master_deck":["champ:Strike","champ:Strike","champ:Strike","champ:Strike","champ:Defend","champ:Defend","champ:Defend","champ:Defend","champ:Execute","champ:Taunt+1","champ:CrownThrow","champ:PreciseThrust","champ:GladiatorForm+1","champ:BringItOn","champ:DefensiveShout+1","champ:EnGarde","champ:AdrenalArmor","champ:BringItOn","champ:RapidStrikes","champ:PreemptiveStrike","champ:Circumvent","champ:DefensiveStyle"],"relics":["champ:ChampionCrown","Blue Candle","Dream Catcher","TungstenRod"],"acts_visited":["Exordium"],"potions_floor_usage":[15,15],"damage_taken":[{"damage":24,"enemies":"Cultist","floor":2,"turns":5},{"damage":12,"enemies":"2 Louse","floor":4,"turns":3},{"damage":0,"enemies":"Small Slimes","floor":6,"turns":3},{"damage":10,"enemies":"downfall:FleeingMerchant","floor":8,"turns":4},{"damage":19,"enemies":"Exordium Thugs","floor":9,"turns":6},{"damage":7,"enemies":"3 Louse","floor":11,"turns":4},{"damage":24,"enemies":"3 Sentries","floor":12,"turns":12},{"damage":2,"enemies":"downfall:FleeingMerchant","floor":14,"turns":4},{"damage":26,"enemies":"Gremlin Gang","floor":15,"turns":7},{"damage":43,"enemies":"SI_SHIV_ARCHETYPE","floor":16,"turns":10}],"seed_played":"-3886679142348147727","potions_obtained":[{"floor":9,"key":"BlessingOfTheForge"},{"floor":11,"key":"Guardian:BlockOnCardUsePotion"},{"floor":12,"key":"Weak Potion"}],"is_trial":false,"path_per_floor":["R","M","?","M","?","M","T","$","M","R","M","E","R","$","M","B"],"character_chosen":"THE_CHAMP","items_purchased":["champ:AdrenalArmor","champ:DefensiveStyle"],"campfire_rested":0,"item_purchase_floors":[8,14],"current_hp_per_floor":[90,86,81,79,79,79,79,79,70,70,63,49,49,47,41,0,0,0],"gold":12,"neow_bonus":"UPGRADE_CARD","is_daily":false,"chose_seed":false,"campfire_upgraded":2,"win_rate":0.0,"timestamp":1612198934,"path_taken":["R","M","?","M","?","?","T","$","?","R","M","E","R","$","M","BOSS"],"items_purchased_type":["Card","Card"],"build_version":"2020-12-18","purchased_purges":1,"victory":false,"max_hp_per_floor":[90,90,90,90,90,90,90,90,90,90,90,90,90,90,90,90,90,90],"card_choices":[{"not_picked":["champ:GladiatorStyle","champ:DefensiveShout"],"picked":"champ:CrownThrow","floor":2},{"not_picked":["champ:Lariat","champ:HeartStrike"],"picked":"champ:PreciseThrust","floor":4},{"not_picked":["champ:Backstep","champ:RecklessLeap"],"picked":"champ:DefensiveShout","floor":6},{"not_picked":["champ:RisingSlash","champ:CrownThrow"],"picked":"champ:EnGarde","floor":8},{"not_picked":["champ:StanceDance","champ:Haymaker"],"picked":"champ:BringItOn","floor":9},{"not_picked":["champ:Backstep","champ:FanOfKnives"],"picked":"champ:RapidStrikes","floor":11},{"not_picked":["champ:FaceSlap","champ:BerserkersShout"],"picked":"champ:PreemptiveStrike","floor":12},{"not_picked":["champ:PreciseThrust","champ:FancyFootwork"],"picked":"champ:Circumvent","floor":14},{"not_picked":["champ:FaceSlap","champ:BladeFlurry","champ:FanOfKnives"],"picked":"SKIP","floor":15}],"player_experience":365331,"relics_obtained":[{"floor":7,"key":"Dream Catcher"},{"floor":12,"key":"TungstenRod"}],"event_choices":[],"is_beta":true,"boss_relics":[],"items_purged_floors":[8],"is_endless":false,"potions_floor_spawned":[9,11,12],"killed_by":"SI_SHIV_ARCHETYPE","ascension_level":0}}