{"host":"l5zfpd2l2htson6l","time":1612159220,"event":{"mods":["AchievementEnabler","BaseMod","Colored Map","Colored Powertips","Minty Spire (QoL Compilation)","Permanent Neow","Quick Restart","Rare Cards Sparkle","Relic Stats","SuperFastMode"],"gold_per_floor":[118,133,133,133,146,146,162,237,237,80,98,118,118,83,83,83,83],"floor_reached":16,"language":"ENG","playtime":512,"items_purged":[],"score":170,"play_id":"aab7f304-6215-4072-8982-851cd95a4ca8","local_time":"20210131220020","is_ascension_mode":true,"campfire_choices":[{"data":"Bash","floor":6.0,"key":"SMITH"},{"floor":13,"key":"REST"},{"data":"Uppercut","floor":15,"key":"SMITH"}],"circlet_count":0,"master_deck":["AscendersBane","Strike_R","Strike_R","Strike_R","Strike_R","Strike_R","Defend_R","Defend_R","Defend_R","Defend_R","Bash+1","Cleave","Shrug It Off","Infernal Blade","Reaper","Uppercut+1","Pommel Strike"],"relics":["Burning Blood","Nunchaku","Frozen Egg 2","Golden Idol","Mummified Hand","Orrery"],"acts_visited":["Exordium"],"potions_floor_usage":[16,16],"damage_taken":[{"damage":12.0,"enemies":"Cultist","floor":1.0,"turns":4.0},{"damage":14.0,"enemies":"2 Louse","floor":2.0,"turns":3.0},{"damage":4.0,"enemies":"Small Slimes","floor":5.0,"turns":4.0},{"damage":11.0,"enemies":"Blue Slaver","floor":7.0,"turns":4.0},{"damage":9,"enemies":"2 Fungi Beasts","floor":11,"turns":4},{"damage":30,"enemies":"Large Slime","floor":12,"turns":7},{"damage":54,"enemies":"Slime Boss","floor":16,"turns":11}],"seed_played":"2747735019522283219","potions_obtained":[{"floor":2.0,"key":"SmokeBomb"},{"floor":7.0,"key":"SpeedPotion"},{"floor":12,"key":"AttackPotion"}],"is_trial":false,"path_per_floor":["M","M","?","?","M","R","M","?","T","$","M","M","R","?","R","B"],"character_chosen":"IRONCLAD","items_purchased":["Orrery"],"campfire_rested":1,"item_purchase_floors":[10],"current_hp_per_floor":[62,54,36,36,38,38,33,22,22,22,23,7,27,44,44,0,0],"gold":83,"neow_bonus":"RANDOM_COMMON_RELIC","is_daily":false,"chose_seed":false,"campfire_upgraded":2,"win_rate":0.0,"timestamp":1612159220,"path_taken":["M","M","?","?","M","R","M","?","T","?","M","M","R","?","R","BOSS"],"items_purchased_type":["Relic"],"build_version":"2020-12-22","purchased_purges":0,"victory":false,"max_hp_per_floor":[75,75,75,68,68,68,68,68,68,68,68,68,68,68,68,68,68],"relic_stats":{"Nunchaku":[6],"counters":[7,37],"Golden Idol":14,"Mummified Hand":[0],"obtain_stats":[{"Nunchaku":0,"Golden Idol":4,"Mummified Hand":9,"Orrery":10,"Frozen Egg 2":3,"Burning Blood":0},{"Nunchaku":0,"Golden Idol":2,"Mummified Hand":4,"Orrery":4,"Frozen Egg 2":2,"Burning Blood":0},{"Nunchaku":0,"Golden Idol":7,"Mummified Hand":15,"Orrery":15,"Frozen Egg 2":7,"Burning Blood":0}],"Burning Blood":36},"card_choices":[{"not_picked":["Havoc","Sword Boomerang"],"picked":"Cleave","floor":1.0},{"not_picked":["Anger","Headbutt"],"picked":"Shrug It Off","floor":2.0},{"not_picked":["Anger","Rage","Flame Barrier"],"picked":"SKIP","floor":5.0},{"not_picked":["Clash","Perfected Strike"],"picked":"Infernal Blade","floor":7.0},{"not_picked":["Twin Strike","Flex"],"picked":"Reaper","floor":10.0},{"not_picked":["Clothesline","Anger"],"picked":"Uppercut","floor":10.0},{"not_picked":["Entrench","Rage","Metallicize+1"],"picked":"SKIP","floor":11},{"not_picked":["Headbutt","Cleave"],"picked":"Pommel Strike","floor":12}],"player_experience":820030,"relics_obtained":[{"floor":9.0,"key":"Mummified Hand"}],"event_choices":[{"damage_healed":0.0,"max_hp_gain":0.0,"max_hp_loss":0.0,"gold_gain":0.0,"event_name":"Scrap Ooze","player_choice":"Success","floor":3.0,"gold_loss":0.0,"damage_taken":18.0,"relics_obtained":["Frozen Egg 2"]},{"damage_healed":0.0,"max_hp_gain":0.0,"max_hp_loss":7.0,"gold_gain":0.0,"event_name":"Golden Idol","player_choice":"Lose Max HP","floor":4.0,"gold_loss":0.0,"damage_taken":0.0,"relics_obtained":["Golden Idol"]},{"damage_healed":0.0,"max_hp_gain":0.0,"max_hp_loss":0.0,"gold_gain":75.0,"event_name":"World of Goop","player_choice":"Gather Gold","floor":8.0,"gold_loss":0.0,"damage_taken":11.0},{"damage_healed":17,"gold_gain":0,"player_choice":"Healed","damage_taken":0,"max_hp_gain":0,"max_hp_loss":0,"event_name":"The Cleric","floor":14,"gold_loss":35}],"is_beta":false,"boss_relics":[],"items_purged_floors":[],"is_endless":false,"potions_floor_spawned":[2,7,12],"killed_by":"Slime Boss","ascension_level":17}}