{"host":"osfffw6eu3utmcte","time":1612173233,"event":{"mods":["AchievementEnabler","BaseMod","Downfall","Hermit","Jorbs\u0027s Wanderer Trilogy","Minty Spire (QoL Compilation)","StSLib","The Cursed"],"gold_per_floor":[99,117,117,137,50,75,99,118,37,64,98,121,121,133,143,241,241,241,255,272,289,299,310,359,359,359,7,0,0,0,15,15,15,15],"floor_reached":32,"language":"ENG","playtime":3493,"items_purged":["Slimebound:Strike_Slimebound","Pain"],"score":256,"play_id":"58ae1d0c-e212-44d0-8d37-8e37c14abc89","local_time":"20210201105353","is_ascension_mode":false,"campfire_choices":[{"data":"Slimebound:CorrosiveSpit","floor":1,"key":"SMITH"},{"data":"Slimebound:MassRepurpose","floor":18,"key":"SMITH"},{"floor":25,"key":"REST"},{"floor":30,"key":"REST"}],"circlet_count":0,"master_deck":["Slimebound:Strike_Slimebound","Slimebound:Strike_Slimebound","Slimebound:Tackle","Slimebound:Defend_Slimebound","Slimebound:Defend_Slimebound","Slimebound:Defend_Slimebound","Slimebound:Defend_Slimebound","Slimebound:Split","Slimebound:CorrosiveSpit+1","Slimebound:SplitBruiser","Slimebound:Gluttony","Slimebound:Replication","Slimebound:TongueLash","Slimebound:SlimeTap","Slimebound:Dissolve","Slimebound:DisruptingSlam","Slimebound:SplitAcid","Slimebound:LevelUp","Slimebound:Equalize","Slimebound:LeechEnergy","Slimebound:SamplingLick","Slimebound:MassRepurpose+1","Slimebound:RollThrough","Slimebound:BestDefense","Slimebound:FormOfPuddle","Slimebound:SelfFormingGoo","Slimebound:GoopSpray","Slimebound:LivingWall+1","expansioncontent:Chronoboost","Slimebound:SplitLeeching+1","Slimebound:Chomp+1"],"relics":["Slimebound:AbsorbEndCombat","Ginger","Pantograph","Slimebound:ScrapOozeRelic","SlaversCollar","Centennial Puzzle","Toxic Egg 2","Blood Vial","Nilry\u0027s Codex"],"acts_visited":["Exordium","TheCity"],"potions_floor_usage":[6,11,12,14,16,23],"damage_taken":[{"damage":4,"enemies":"Small Slimes","floor":2,"turns":6},{"damage":1,"enemies":"Cultist","floor":4,"turns":3},{"damage":3,"enemies":"downfall:FleeingMerchant","floor":5,"turns":4},{"damage":21,"enemies":"Lagavulin","floor":6,"turns":5},{"damage":6,"enemies":"Jaw Worm","floor":8,"turns":3},{"damage":18,"enemies":"downfall:FleeingMerchant","floor":9,"turns":4},{"damage":25,"enemies":"Exordium Thugs","floor":10,"turns":3},{"damage":25,"enemies":"3 Sentries","floor":11,"turns":4},{"damage":15,"enemies":"Blue Slaver","floor":12,"turns":2},{"damage":1,"enemies":"3 Louse","floor":14,"turns":2},{"damage":14,"enemies":"Blue Slaver","floor":15,"turns":4},{"damage":41,"enemies":"SI_SHIV_ARCHETYPE","floor":16,"turns":10},{"damage":15,"enemies":"3 Byrds","floor":19,"turns":4},{"damage":17,"enemies":"Snecko","floor":20,"turns":4},{"damage":24,"enemies":"Centurion and Healer","floor":21,"turns":4},{"damage":47,"enemies":"Cultist and Chosen","floor":22,"turns":8},{"damage":17,"enemies":"Snecko","floor":23,"turns":4},{"damage":8,"enemies":"downfall:FleeingMerchant","floor":27,"turns":4},{"damage":16,"enemies":"downfall:FleeingMerchant","floor":28,"turns":4},{"damage":39,"enemies":"Shelled Parasite and Fungi","floor":31,"turns":8},{"damage":16,"enemies":"Snake Plant","floor":32,"turns":1}],"seed_played":"4263276528493832299","potions_obtained":[{"floor":2,"key":"Dexterity Potion"},{"floor":3,"key":"FairyPotion"},{"floor":3,"key":"GamblersBrew"},{"floor":6,"key":"Energy Potion"},{"floor":12,"key":"AttackPotion"},{"floor":15,"key":"Block Potion"},{"floor":21,"key":"champ:CounterPotion"},{"floor":22,"key":"CultistPotion"},{"floor":23,"key":"FearPotion"}],"is_trial":false,"path_per_floor":["R","M","?","M","$","E","T","M","$","M","E","M","?","M","M","B",null,"R","M","M","M","M","M","T","R","?","$","$","?","R","M","M"],"character_chosen":"SLIMEBOUND","items_purchased":["Slimebound:TongueLash","Blood Vial","expansioncontent:Chronoboost"],"campfire_rested":2,"item_purchase_floors":[5,27,27],"current_hp_per_floor":[71,71,71,71,71,58,58,54,44,25,2,22,22,29,21,21,71,71,60,57,49,16,3,3,24,24,32,34,18,39,10,0,0,0],"gold":15,"neow_bonus":"TEN_PERCENT_HP_BONUS","is_daily":false,"chose_seed":false,"campfire_upgraded":2,"win_rate":0.0,"timestamp":1612173233,"path_taken":["R","M","?","M","?","E","T","M","$","M","E","M","?","M","M","BOSS","R","M","M","M","M","M","T","R","?","?","$","?","R","M","M"],"items_purchased_type":["Card","Relic","Card"],"build_version":"2020-12-22","purchased_purges":2,"victory":false,"max_hp_per_floor":[71,71,71,71,71,71,71,71,71,71,71,71,71,71,71,71,71,71,71,71,71,71,71,71,71,71,71,71,71,71,71,71,71,71],"card_choices":[{"not_picked":["Slimebound:Equalize","Slimebound:SplitMire"],"picked":"Slimebound:SplitBruiser","floor":2},{"not_picked":["Slimebound:SamplingLick","Slimebound:Prepare"],"picked":"Slimebound:Gluttony","floor":4},{"not_picked":["Slimebound:LeechLife","Slimebound:Nibble"],"picked":"Slimebound:Replication","floor":5},{"not_picked":["Slimebound:SlimeSpikes","Slimebound:Nibble"],"picked":"Slimebound:SlimeTap","floor":6},{"not_picked":["Slimebound:HauntingLick","Slimebound:Equalize"],"picked":"Slimebound:Dissolve","floor":8},{"not_picked":["Slimebound:LivingWall","Slimebound:PressTheAttack"],"picked":"Slimebound:DisruptingSlam","floor":9},{"not_picked":["Slimebound:PressTheAttack","Slimebound:SlimeTap"],"picked":"Slimebound:SplitAcid","floor":10},{"not_picked":["Slimebound:ComboTackle","Slimebound:FinishingTackle"],"picked":"Slimebound:LevelUp","floor":11},{"not_picked":["Slimebound:ComboTackle","Slimebound:SplitAcid"],"picked":"Slimebound:Equalize","floor":12},{"not_picked":["Slimebound:SplitMire","Slimebound:Schlurp"],"picked":"Slimebound:LeechEnergy","floor":14},{"not_picked":["Slimebound:FinishingTackle","Slimebound:FormOfPuddle"],"picked":"Slimebound:SamplingLick","floor":15},{"not_picked":["Slimebound:Overexert","Slimebound:Teamwork"],"picked":"Slimebound:MassRepurpose","floor":16},{"not_picked":["Slimebound:Gluttony","Slimebound:PressTheAttack+1"],"picked":"Slimebound:RollThrough","floor":19},{"not_picked":["Slimebound:ItLooksTasty","Slimebound:SplitMire+1"],"picked":"Slimebound:BestDefense","floor":20},{"not_picked":["Slimebound:BestDefense","Slimebound:Dissolve"],"picked":"Slimebound:FormOfPuddle","floor":21},{"not_picked":["Slimebound:DisruptingSlam","Slimebound:MegaLick"],"picked":"Slimebound:SelfFormingGoo","floor":22},{"not_picked":["Slimebound:Grow","Slimebound:TongueLash"],"picked":"Slimebound:GoopSpray","floor":23},{"not_picked":["Slimebound:GoopSpray+1","Slimebound:FormOfPuddle+1"],"picked":"Slimebound:LivingWall+1","floor":27},{"not_picked":["Slimebound:SlimeTap+1","Slimebound:BestDefense"],"picked":"Slimebound:SplitLeeching+1","floor":28},{"not_picked":["Slimebound:RollThrough","Slimebound:SlimeSpikes+1"],"picked":"Slimebound:Chomp+1","floor":31}],"player_experience":602531,"relics_obtained":[{"floor":6,"key":"Ginger"},{"floor":7,"key":"CeramicFish"},{"floor":11,"key":"Pantograph"},{"floor":24,"key":"Centennial Puzzle"},{"floor":29,"key":"Nilry\u0027s Codex"}],"event_choices":[{"damage_healed":0,"gold_gain":0,"player_choice":"Got Potions","damage_taken":0,"max_hp_gain":0,"max_hp_loss":0,"event_name":"Lab","floor":3,"gold_loss":0}],"is_beta":false,"boss_relics":[{"not_picked":["Slimebound:AbsorbEndCombatUpgraded","Pandora\u0027s Box"],"picked":"SlaversCollar"}],"items_purged_floors":[9,27],"is_endless":false,"potions_floor_spawned":[2,6,12,15,21,22,23],"killed_by":"Snake Plant","ascension_level":0}}