{"host":"qgvpd00zvzorrg7j","time":1612153701,"event":{"mods":["BaseMod","Colored Map","Downfall","Minty Spire (QoL Compilation)","Quick Restart","StSLib"],"gold_per_floor":[199,214,124,124,124,139,166,166,51,67,142,142,156,156,166,166,166,166],"floor_reached":16,"language":"ENG","playtime":498,"items_purged":["Slimebound:Defend_Slimebound","Parasite"],"score":90,"play_id":"9d6ad6c2-6294-418e-9b20-39e306f5988f","local_time":"20210131232821","is_ascension_mode":false,"campfire_choices":[{"data":"Slimebound:CorrosiveSpit","floor":1,"key":"SMITH"},{"data":"Slimebound:AcidTongue","floor":8,"key":"SMITH"},{"data":"Slimebound:HauntingLick","floor":12,"key":"SMITH"}],"circlet_count":0,"master_deck":["Slimebound:Strike_Slimebound+1","Slimebound:Tackle+1","Slimebound:Defend_Slimebound","Slimebound:Defend_Slimebound+1","Slimebound:Split","Slimebound:CorrosiveSpit+1","Slimebound:AcidTongue+1","Slimebound:HauntingLick+1","downfall:Malfunctioning","Slimebound:Nibble"],"relics":["Slimebound:AbsorbEndCombat","Oddly Smooth Stone"],"acts_visited":["Exordium"],"potions_floor_usage":[16],"damage_taken":[{"damage":1,"enemies":"Jaw Worm","floor":2,"turns":3},{"damage":0,"enemies":"downfall:FleeingMerchant","floor":3,"turns":4},{"damage":10,"enemies":"Small Slimes","floor":6,"turns":3},{"damage":9,"enemies":"downfall:FleeingMerchant","floor":9,"turns":4},{"damage":3,"enemies":"Cultist","floor":10,"turns":3},{"damage":8,"enemies":"Blue Slaver","floor":13,"turns":3},{"damage":16,"enemies":"2 Fungi Beasts","floor":15,"turns":3},{"damage":60,"enemies":"DF_ARCHETYPE_STREAMLINE","floor":16,"turns":6}],"seed_played":"8324504984884993623","potions_obtained":[{"floor":2,"key":"champ:CounterPotion"},{"floor":13,"key":"SkillPotion"},{"floor":15,"key":"Dexterity Potion"}],"is_trial":false,"path_per_floor":["R","M","$","?","?","M","T","R","$","M","?","R","M","?","M","B"],"character_chosen":"SLIMEBOUND","items_purchased":[],"campfire_rested":0,"item_purchase_floors":[],"current_hp_per_floor":[65,65,65,65,65,57,57,57,52,53,53,53,49,49,37,0,0,0],"gold":166,"neow_bonus":"HUNDRED_GOLD","is_daily":false,"chose_seed":false,"campfire_upgraded":3,"win_rate":0.0,"timestamp":1612153701,"path_taken":["R","M","$","?","?","?","T","R","$","M","?","R","M","?","M","BOSS"],"items_purchased_type":[],"build_version":"2020-12-22","purchased_purges":2,"victory":false,"max_hp_per_floor":[65,65,65,65,65,65,65,65,62,62,62,62,62,62,62,62,62,62],"card_choices":[{"not_picked":["Slimebound:Equalize","Slimebound:SplitLeeching","Slimebound:PressTheAttack"],"picked":"SKIP","floor":2},{"not_picked":["Slimebound:ItLooksTasty","Slimebound:SplitBruiser"],"picked":"Slimebound:AcidTongue","floor":3},{"not_picked":["Slimebound:SplitMire","Slimebound:Prepare","Slimebound:SplitLeeching"],"picked":"SKIP","floor":6},{"not_picked":["Slimebound:Repurpose","Slimebound:MassRepurpose","Slimebound:Dissolve"],"picked":"SKIP","floor":9},{"not_picked":["Slimebound:SlimeSpikes","Slimebound:Replication"],"picked":"Slimebound:HauntingLick","floor":10},{"not_picked":["Slimebound:FormOfPuddle","Slimebound:SplitLeeching","Slimebound:SplitBruiser"],"picked":"SKIP","floor":13},{"not_picked":["Slimebound:ViciousTackle","Slimebound:BestDefense"],"picked":"Slimebound:Nibble","floor":15}],"player_experience":593347,"relics_obtained":[{"floor":7,"key":"Oddly Smooth Stone"}],"event_choices":[],"is_beta":false,"boss_relics":[],"items_purged_floors":[3,9],"is_endless":false,"potions_floor_spawned":[2,13,15],"killed_by":"DF_ARCHETYPE_STREAMLINE","ascension_level":0}}