{"host":"ixpjvd0r4p7lnmut","time":1612166290,"event":{"mods":["Act Like it!","BaseMod","Block Reminder","Colored Map","Colored Powertips","Minty Spire (QoL Compilation)","Rare Cards Sparkle","Relic Stats","StSLib","The Bug Knight"],"gold_per_floor":[113,129,54,30,50,79,79,79,124,124,135,210,220,19,19,121,121,134,16,16,35,35,35,35,35],"floor_reached":24,"language":"ENG","playtime":890,"items_purged":[],"score":219,"play_id":"64db4ed4-4bb5-41e0-90f1-e6d6005432e1","local_time":"20210131235810","is_ascension_mode":false,"campfire_choices":[{"floor":7,"key":"REST"},{"data":"HollowMod:HowlingWraiths","floor":10,"key":"SMITH"},{"floor":15,"key":"REST"},{"floor":23,"key":"REST"}],"circlet_count":0,"master_deck":["HollowMod:QuickDashStart","HollowMod:QuickDashStart","HollowMod:QuickDashStart","HollowMod:QuickDashStart","HollowMod:FocusHealStart","HollowMod:ShapeofUnn","HollowMod:MantisMark","HollowMod:InfectedAttack","HollowMod:HowlingWraiths+1","HollowMod:FastStrike","HollowMod:VengefulSpirit","HollowMod:CycloneSlash","HollowMod:MothsMistake","HollowMod:PerfectDash","HollowMod:AwokenDreamNail","HollowMod:SoulShaman","HollowMod:BaldurShell","Bite","Bite","Bite","Bite","Bite","HollowMod:DashSlash"],"relics":["HollowMod:KingsSoulRelic","MealTicket","Regal Pillow"],"acts_visited":["Exordium","TheCity"],"potions_floor_usage":[2,11,16,16,21,24],"damage_taken":[{"damage":0,"enemies":"Cultist","floor":1,"turns":3},{"damage":9,"enemies":"Jaw Worm","floor":2,"turns":3},{"damage":10,"enemies":"2 Louse","floor":5,"turns":2},{"damage":20,"enemies":"Gremlin Nob","floor":6,"turns":4},{"damage":21,"enemies":"Exordium Wildlife","floor":11,"turns":3},{"damage":6,"enemies":"Looter","floor":13,"turns":3},{"damage":54,"enemies":"The Guardian","floor":16,"turns":12},{"damage":32,"enemies":"Chosen","floor":18,"turns":5},{"damage":28,"enemies":"2 Thieves","floor":21,"turns":4},{"damage":74,"enemies":"Book of Stabbing","floor":24,"turns":6}],"seed_played":"-2883760907382864274","potions_obtained":[{"floor":1,"key":"ColorlessPotion"},{"floor":2,"key":"Dexterity Potion"},{"floor":6,"key":"Ancient Potion"},{"floor":13,"key":"LiquidMemories"},{"floor":21,"key":"Dexterity Potion"}],"is_trial":false,"path_per_floor":["M","M","?","$","M","E","R","?","T","R","M","?","M","$","R","B",null,"M","$","?","M","?","R","E"],"character_chosen":"THE_BUGKNIGHT","items_purchased":["HollowMod:InfectedAttack","HollowMod:MothsMistake","HollowMod:PerfectDash","Strength Potion","HollowMod:BaldurShell","Block Potion"],"campfire_rested":3,"item_purchase_floors":[4,14,14,14,19,19],"current_hp_per_floor":[75,66,71,71,61,41,65,80,80,80,59,48,42,57,80,26,80,57,72,56,34,34,56,0,0],"gold":35,"neow_bonus":"TRANSFORM_CARD","is_daily":false,"chose_seed":false,"campfire_upgraded":1,"win_rate":0.0,"timestamp":1612166290,"path_taken":["M","M","?","$","M","E","R","?","T","R","M","?","M","$","R","BOSS","M","$","?","M","?","R","E"],"items_purchased_type":["Card","Card","Card","Potion","Card","Potion"],"build_version":"2020-12-22","purchased_purges":0,"victory":false,"max_hp_per_floor":[75,75,80,80,80,80,80,80,80,80,80,80,80,80,80,80,80,80,80,56,56,56,56,56,56],"relic_stats":{"Regal Pillow":6,"counters":[10,45],"MealTicket":30,"obtain_stats":[{"Regal Pillow":9,"HollowMod:VesselMask":0,"MealTicket":6,"HollowMod:KingsSoulRelic":17},{"Regal Pillow":4,"HollowMod:VesselMask":0,"MealTicket":4,"HollowMod:KingsSoulRelic":7},{"Regal Pillow":12,"HollowMod:VesselMask":0,"MealTicket":12,"HollowMod:KingsSoulRelic":30}]},"card_choices":[{"not_picked":["HollowMod:GoodIntentions","HollowMod:TaintedHusks"],"picked":"HollowMod:ShapeofUnn","floor":1},{"not_picked":["HollowMod:SharpenedNail","HollowMod:DoubleDash"],"picked":"HollowMod:MantisMark","floor":2},{"not_picked":["HollowMod:ShadowDash","HollowMod:DoubleDash"],"picked":"HollowMod:HowlingWraiths","floor":5},{"not_picked":["HollowMod:VengefulVoid","HollowMod:NewLittleFool"],"picked":"HollowMod:FastStrike","floor":6},{"not_picked":["HollowMod:SiblingsShadow","HollowMod:SharpenedNail"],"picked":"HollowMod:VengefulSpirit","floor":11},{"not_picked":["HollowMod:DescendingDark","HollowMod:DesolateDive"],"picked":"HollowMod:CycloneSlash","floor":13},{"not_picked":["HollowMod:LordofShades","HollowMod:ZotesMagnificence"],"picked":"HollowMod:AwokenDreamNail","floor":16},{"not_picked":["HollowMod:HeavyBlow","HollowMod:ChannelNail"],"picked":"HollowMod:SoulShaman","floor":18},{"not_picked":["HollowMod:LifebloodCocoon+1","HollowMod:SharpenedNail"],"picked":"HollowMod:DashSlash","floor":21}],"player_experience":141794,"relics_obtained":[{"floor":6,"key":"MealTicket"},{"floor":9,"key":"Regal Pillow"}],"event_choices":[{"damage_healed":26,"gold_gain":0,"player_choice":"Banana","damage_taken":0,"max_hp_gain":0,"max_hp_loss":0,"event_name":"Big Fish","floor":8,"gold_loss":0},{"damage_healed":0,"gold_gain":75,"player_choice":"Gather Gold","damage_taken":11,"max_hp_gain":0,"max_hp_loss":0,"event_name":"World of Goop","floor":12,"gold_loss":0},{"damage_healed":0,"gold_gain":0,"player_choice":"Became a vampire","damage_taken":0,"max_hp_gain":0,"max_hp_loss":24,"event_name":"Vampires","floor":20,"gold_loss":0,"cards_obtained":["Bite","Bite","Bite","Bite","Bite"]},{"cards_removed":["HollowMod:DescendingDark"],"damage_healed":0,"gold_gain":0,"player_choice":"Elegance","damage_taken":0,"max_hp_gain":0,"max_hp_loss":0,"event_name":"Back to Basics","floor":22,"gold_loss":0}],"is_beta":false,"boss_relics":[{"not_picked":["Ectoplasm","Snecko Eye"],"picked":"HollowMod:KingsSoulRelic"}],"items_purged_floors":[],"is_endless":false,"potions_floor_spawned":[1,2,6,13,21],"killed_by":"Book of Stabbing","ascension_level":0}}