{"host":"kg61lsvem4dxoat8","time":1612156637,"event":{"mods":["AchievementEnabler","BaseMod","Better Altar","Better Match","Better Sensory Stone","Highlight Path","Minty Spire (QoL Compilation)","Quick Restart","Relic Sorter","Relic Stats","StSLib","Synergy Search","slay the spire mod where everything is the same but ironclad has a cowboy hat"],"gold_per_floor":[109,284,12,287,304,304,338,338,362,392,402,422,452,472,472,574,574,590,890,890,890],"floor_reached":20,"language":"ENG","playtime":727,"items_purged":["Doubt"],"score":340,"play_id":"2410ee7d-a172-4cc8-af9a-84078598cf15","local_time":"20210201131717","is_ascension_mode":true,"campfire_choices":[{"data":"Feel No Pain","floor":6,"key":"SMITH"},{"data":"Intimidate","floor":8,"key":"SMITH"},{"data":"Metallicize","floor":15,"key":"SMITH"}],"circlet_count":0,"master_deck":["Strike_R","Strike_R","Strike_R","Strike_R","Strike_R","Defend_R","Defend_R","Defend_R","Defend_R","Bash","Feel No Pain+1","Intimidate+1","Reckless Charge","Wild Strike","Shrug It Off","Metallicize+1","Impervious"],"relics":["Burning Blood","NeowsBlessing","Omamori","Nunchaku","Blood Vial","Matryoshka","Shuriken","SlaversCollar","Old Coin"],"acts_visited":["Exordium","TheCity"],"potions_floor_usage":[10,16,16],"damage_taken":[{"damage":0,"enemies":"Jaw Worm","floor":1,"turns":1},{"damage":0,"enemies":"Cultist","floor":5,"turns":1},{"damage":0,"enemies":"Lagavulin","floor":7,"turns":1},{"damage":22,"enemies":"3 Sentries","floor":10,"turns":7},{"damage":0,"enemies":"Small Slimes","floor":11,"turns":4},{"damage":20,"enemies":"Exordium Wildlife","floor":12,"turns":6},{"damage":37,"enemies":"Lagavulin","floor":13,"turns":6},{"damage":2,"enemies":"Blue Slaver","floor":14,"turns":5},{"damage":9,"enemies":"The Guardian","floor":16,"turns":11},{"damage":36,"enemies":"Spheric Guardian","floor":18,"turns":8},{"damage":52,"enemies":"Chosen","floor":20,"turns":8}],"seed_played":"3474435387222998082","potions_obtained":[{"floor":10,"key":"Explosive Potion"},{"floor":12,"key":"Regen Potion"},{"floor":14,"key":"ColorlessPotion"}],"is_trial":false,"path_per_floor":["M","?","$","?","M","R","E","R","T","E","M","M","E","M","R","B",null,"M","?","M"],"character_chosen":"IRONCLAD","items_purchased":["Omamori","PowerPotion"],"campfire_rested":0,"item_purchase_floors":[3,3],"current_hp_per_floor":[78,78,78,78,80,80,80,80,80,64,72,60,31,37,37,51,73,45,45,0,0],"gold":890,"neow_bonus":"THREE_ENEMY_KILL","is_daily":false,"chose_seed":false,"campfire_upgraded":3,"win_rate":0.0,"timestamp":1612156637,"path_taken":["M","?","$","?","?","R","E","R","T","E","M","M","E","M","R","BOSS","M","?","M"],"items_purchased_type":["Relic","Potion"],"build_version":"2020-12-22","purchased_purges":1,"victory":false,"max_hp_per_floor":[80,80,80,80,80,80,80,80,80,80,80,80,80,80,80,80,80,80,80,80,80],"relic_stats":{"Blood Vial":14,"Nunchaku":[10],"counters":[11,58],"Shuriken":[10],"obtain_stats":[{"Blood Vial":9,"SlaversCollar":17,"Nunchaku":7,"Matryoshka":10,"NeowsBlessing":0,"Shuriken":13,"Omamori":3,"Burning Blood":0,"Old Coin":19},{"Blood Vial":3,"SlaversCollar":9,"Nunchaku":3,"Matryoshka":4,"NeowsBlessing":0,"Shuriken":7,"Omamori":1,"Burning Blood":0,"Old Coin":10},{"Blood Vial":3,"SlaversCollar":42,"Nunchaku":3,"Matryoshka":10,"NeowsBlessing":0,"Shuriken":26,"Omamori":1,"Burning Blood":0,"Old Coin":50}],"Burning Blood":50},"card_choices":[{"not_picked":["Sword Boomerang","Anger"],"picked":"Feel No Pain","floor":1},{"not_picked":["Havoc","Perfected Strike","Headbutt"],"picked":"SKIP","floor":5},{"not_picked":["Exhume","Sever Soul"],"picked":"Intimidate","floor":7},{"not_picked":["Hemokinesis","Pommel Strike"],"picked":"Reckless Charge","floor":10},{"not_picked":["Twin Strike","Cleave"],"picked":"Wild Strike","floor":11},{"not_picked":["Twin Strike","Body Slam","Rage"],"picked":"SKIP","floor":12},{"not_picked":["Clothesline","Havoc"],"picked":"Shrug It Off","floor":13},{"not_picked":["Sword Boomerang","Headbutt"],"picked":"Metallicize","floor":14},{"not_picked":["Immolate","Demon Form"],"picked":"Impervious","floor":16},{"not_picked":["Pommel Strike","Body Slam","Thunderclap"],"picked":"SKIP","floor":18}],"player_experience":1424621,"relics_obtained":[{"floor":7,"key":"Nunchaku"},{"floor":9,"key":"Blood Vial"},{"floor":10,"key":"Matryoshka"},{"floor":13,"key":"Shuriken"}],"event_choices":[{"damage_healed":0,"gold_gain":175,"player_choice":"AGREE","damage_taken":0,"max_hp_gain":0,"max_hp_loss":0,"event_name":"Liars Game","floor":2,"gold_loss":0,"cards_obtained":["Doubt"]},{"damage_healed":0,"gold_gain":275,"player_choice":"Desecrate","damage_taken":0,"max_hp_gain":0,"max_hp_loss":0,"event_name":"Golden Shrine","floor":4,"gold_loss":0,"cards_obtained":["Regret"]},{"damage_healed":0,"gold_gain":0,"player_choice":"Opened","damage_taken":0,"relics_obtained":["Old Coin"],"max_hp_gain":0,"max_hp_loss":0,"event_name":"The Mausoleum","floor":19,"gold_loss":0}],"is_beta":false,"boss_relics":[{"not_picked":["Coffee Dripper","Runic Pyramid"],"picked":"SlaversCollar"}],"items_purged_floors":[3],"is_endless":false,"potions_floor_spawned":[10,12,14],"killed_by":"Chosen","ascension_level":9}}