{"host":"8pvw2tcf9wctlvur","time":1612161393,"event":{"mods":["BaseMod","Better Third Choice","Colored Powertips","Curses Come First","Minty Spire (QoL Compilation)","Rare Cards Sparkle","Relic Stats","StSLib","SuperFastMode"],"gold_per_floor":[119,32,52,52,12,44,54,86,86,86,103,114,131,161,161,263,263,275,295,199,209,209,209,209],"floor_reached":23,"language":"ENG","playtime":744,"items_purged":[],"score":252,"play_id":"1d4f7a2a-b26a-4fdc-a036-f51d6c3667b2","local_time":"20210131233633","is_ascension_mode":true,"campfire_choices":[{"floor":10,"key":"REST"},{"floor":15,"key":"REST"}],"circlet_count":0,"master_deck":["Strike_B","Strike_B","Strike_B","Strike_B","Defend_B","Defend_B","Defend_B","Defend_B","Zap","Dualcast","Sunder+1","Gash+1","Hologram","Self Repair","Doom and Gloom","Meteor Strike","Consume","Hologram","Double Energy","Gash","Tempest","Thunder Strike","Sunder","Cold Snap","Conserve Battery","Leap","Buffer"],"relics":["Cracked Core","NeowsBlessing","Shovel","White Beast Statue","Bottled Flame","Whetstone","Nuclear Battery"],"acts_visited":["Exordium","TheCity"],"potions_floor_usage":[8,8,14,14,18,19,21,22,22,22],"damage_taken":[{"damage":0,"enemies":"Small Slimes","floor":1,"turns":1},{"damage":0,"enemies":"Cultist","floor":3,"turns":1},{"damage":0,"enemies":"3 Sentries","floor":6,"turns":1},{"damage":11,"enemies":"Jaw Worm","floor":7,"turns":2},{"damage":33,"enemies":"Gremlin Nob","floor":8,"turns":5},{"damage":10,"enemies":"Exordium Thugs","floor":11,"turns":4},{"damage":10,"enemies":"Looter","floor":12,"turns":3},{"damage":12,"enemies":"2 Fungi Beasts","floor":13,"turns":3},{"damage":11,"enemies":"3 Sentries","floor":14,"turns":4},{"damage":32,"enemies":"Slime Boss","floor":16,"turns":9},{"damage":40,"enemies":"Shell Parasite","floor":18,"turns":5},{"damage":17,"enemies":"2 Thieves","floor":19,"turns":3},{"damage":13,"enemies":"Snake Plant","floor":21,"turns":3},{"damage":4,"enemies":"Centurion and Healer","floor":22,"turns":4},{"damage":6,"enemies":"Book of Stabbing","floor":23,"turns":1}],"seed_played":"3312823557890067823","potions_obtained":[{"floor":3,"key":"PowerPotion"},{"floor":7,"key":"Weak Potion"},{"floor":11,"key":"SmokeBomb"},{"floor":12,"key":"Block Potion"},{"floor":13,"key":"BlessingOfTheForge"},{"floor":14,"key":"Strength Potion"},{"floor":16,"key":"PowerPotion"},{"floor":18,"key":"Swift Potion"},{"floor":19,"key":"Swift Potion"},{"floor":21,"key":"BlessingOfTheForge"}],"is_trial":false,"path_per_floor":["M","$","M","?","$","E","M","E","T","R","M","M","M","E","R","B",null,"M","M","$","M","M","E"],"character_chosen":"DEFECT","items_purchased":["Gash","Self Repair","Self Repair","Conserve Battery","Leap"],"campfire_rested":2,"item_purchase_floors":[2,2,5,20,20],"current_hp_per_floor":[75,75,75,75,75,75,64,31,31,53,50,47,35,24,46,14,75,35,18,18,5,1,0,0],"gold":209,"neow_bonus":"THREE_ENEMY_KILL","is_daily":false,"chose_seed":false,"campfire_upgraded":0,"win_rate":0.0,"timestamp":1612161393,"path_taken":["M","$","M","?","$","E","M","E","T","R","?","M","M","E","R","BOSS","M","M","$","M","M","E"],"items_purchased_type":["Card","Card","Card","Card","Card"],"build_version":"2020-12-22","purchased_purges":0,"victory":false,"max_hp_per_floor":[75,75,75,75,75,75,75,75,75,75,75,75,75,75,75,75,75,75,75,75,75,75,75,75],"relic_stats":{"Shovel":0,"counters":[15,49],"Whetstone":["Sunder","Gash"],"obtain_stats":[{"Bottled Flame":9,"Shovel":6,"NeowsBlessing":0,"Whetstone":14,"Cracked Core":0,"White Beast Statue":8,"Nuclear Battery":17},{"Bottled Flame":5,"Shovel":3,"NeowsBlessing":0,"Whetstone":9,"Cracked Core":0,"White Beast Statue":5,"Nuclear Battery":10},{"Bottled Flame":10,"Shovel":3,"NeowsBlessing":0,"Whetstone":24,"Cracked Core":0,"White Beast Statue":10,"Nuclear Battery":33}]},"card_choices":[{"not_picked":["Rebound","Leap"],"picked":"Sunder","floor":1},{"not_picked":["Melter","Blizzard"],"picked":"Hologram","floor":3},{"not_picked":["Ball Lightning","Cold Snap"],"picked":"Doom and Gloom","floor":6},{"not_picked":["Coolheaded","Steam"],"picked":"Meteor Strike","floor":7},{"not_picked":["Sunder","Beam Cell"],"picked":"Consume","floor":8},{"not_picked":["Steam","Storm"],"picked":"Hologram","floor":11},{"not_picked":["Leap","Turbo"],"picked":"Double Energy","floor":12},{"not_picked":["Leap","Go for the Eyes"],"picked":"Gash","floor":13},{"not_picked":["Cold Snap","Hologram"],"picked":"Tempest","floor":14},{"not_picked":["Machine Learning","Amplify"],"picked":"Thunder Strike","floor":16},{"not_picked":["FTL+1","Beam Cell+1"],"picked":"Sunder","floor":18},{"not_picked":["Stack","Skim"],"picked":"Cold Snap","floor":19},{"not_picked":["Beam Cell","Go for the Eyes"],"picked":"Buffer","floor":21}],"player_experience":263308,"relics_obtained":[{"floor":6,"key":"Shovel"},{"floor":8,"key":"White Beast Statue"},{"floor":9,"key":"Bottled Flame"},{"floor":14,"key":"Whetstone"}],"event_choices":[{"cards_removed":["Self Repair"],"damage_healed":0,"gold_gain":0,"player_choice":"Offered Uncommon","damage_taken":0,"max_hp_gain":0,"max_hp_loss":0,"event_name":"Bonfire Elementals","floor":4,"gold_loss":0}],"is_beta":false,"boss_relics":[{"not_picked":["Velvet Choker","Empty Cage"],"picked":"Nuclear Battery"}],"items_purged_floors":[],"is_endless":false,"potions_floor_spawned":[3,7,11,12,13,14,16,18,19,21,22],"killed_by":"Book of Stabbing","ascension_level":1}}