{"host":"uv5ws9rdk87e8i5k","time":1612146572,"event":{"mods":["AchievementEnabler","BaseMod","Colored Map","Minty Spire (QoL Compilation)","Permanent Neow","Quick Restart","StSLib","SuperFastMode","The Necromancer"],"gold_per_floor":[117,135,147,147,163,163,190,190,190,218,218,218,218],"floor_reached":12,"language":"ENG","playtime":267,"items_purged":[],"score":158,"play_id":"46080c35-058f-4eca-9536-03f9bc2ae858","local_time":"20210131202932","is_ascension_mode":true,"campfire_choices":[{"floor":6.0,"key":"REST"},{"data":"Summon_Lich","floor":8.0,"key":"SMITH"}],"circlet_count":0,"master_deck":["AscendersBane","Strike_W","Strike_W","Strike_W","Strike_W","Defend_W","Defend_W","Defend_W","Defend_W","Negative_Energy_Arrows","Bone_Wall","Violent_Necrosis","Summon_Undead","Summon_Lich+1","Stop_Heart+1"],"relics":["Snecko Eye","FaceOfCleric","Bottled Lightning","StoneCalendar","Bird Faced Urn"],"acts_visited":["Exordium"],"potions_floor_usage":[12],"damage_taken":[{"damage":3.0,"enemies":"2 Louse","floor":1.0,"turns":2.0},{"damage":0.0,"enemies":"Cultist","floor":2.0,"turns":3.0},{"damage":10.0,"enemies":"Small Slimes","floor":3.0,"turns":5.0},{"damage":21.0,"enemies":"Exordium Thugs","floor":5.0,"turns":5.0},{"damage":35.0,"enemies":"Gremlin Nob","floor":7.0,"turns":4.0},{"damage":17,"enemies":"3 Sentries","floor":10,"turns":5},{"damage":4,"enemies":"Gremlin Nob","floor":12,"turns":3}],"seed_played":"4786147937577710337","potions_obtained":[{"floor":1.0,"key":"SteroidPotion"},{"floor":2.0,"key":"Fire Potion"},{"floor":5.0,"key":"GamblersBrew"},{"floor":10,"key":"Energy Potion"}],"is_trial":false,"path_per_floor":["M","M","M","?","M","R","E","R","T","E","?","E"],"character_chosen":"NECROMANCER","items_purchased":[],"campfire_rested":1,"item_purchase_floors":[],"current_hp_per_floor":[61,61,51,51,31,52,18,18,18,2,2,0,0],"gold":218,"neow_bonus":"BOSS_RELIC","is_daily":false,"chose_seed":false,"campfire_upgraded":1,"win_rate":0.0,"timestamp":1612146572,"path_taken":["M","M","M","?","M","R","E","R","T","E","?","E"],"items_purchased_type":[],"build_version":"2020-12-22","purchased_purges":0,"victory":false,"max_hp_per_floor":[71,71,71,71,72,72,73,73,73,74,74,74,74],"card_choices":[{"not_picked":["Whirlwind_of_Bones","Vampiric_Strike","Negative_Energy_Mist"],"picked":"SKIP","floor":1.0},{"not_picked":["Blood_Shield","Bone_Armor"],"picked":"Violent_Necrosis","floor":2.0},{"not_picked":["Bone_Spikes","Reap_The_Weak"],"picked":"Summon_Undead","floor":3.0},{"not_picked":["Consume_Illness","Negative_Energy_Mist","Bones_to_Steel"],"picked":"SKIP","floor":5.0},{"not_picked":["Bone_Spikes","Bone_Armory"],"picked":"Summon_Lich","floor":7.0},{"not_picked":["Vampiric_Strike","Bone_Spikes"],"picked":"Stop_Heart","floor":10}],"player_experience":326198,"relics_obtained":[{"floor":7.0,"key":"Bottled Lightning"},{"floor":9.0,"key":"StoneCalendar"},{"floor":10,"key":"Bird Faced Urn"}],"event_choices":[{"damage_healed":0.0,"max_hp_gain":0.0,"max_hp_loss":0.0,"gold_gain":0.0,"event_name":"FaceTrader","player_choice":"Trade","floor":4.0,"gold_loss":0.0,"damage_taken":0.0,"relics_obtained":["FaceOfCleric"]},{"damage_healed":0,"gold_gain":0,"player_choice":"Forge","damage_taken":0,"max_hp_gain":0,"max_hp_loss":0,"event_name":"Accursed Blacksmith","floor":11,"gold_loss":0,"cards_upgraded":["Stop_Heart"]}],"is_beta":false,"boss_relics":[],"items_purged_floors":[],"is_endless":false,"potions_floor_spawned":[1,2,5,10],"killed_by":"Gremlin Nob","ascension_level":16}}