{"host":"klrvvo16pazy794l","time":1612214466,"event":{"mods":["BaseMod","Minty Spire (QoL Compilation)"],"gold_per_floor":[12,27,44,58,70,100,25,25,105,105,105,105,125,158,158,262,262,276,276,78,78,92,92,124,124,151,151,170,188,218,231,231,326,326,344,360,410,410,428,428,457,457,457,474,487,487,507,49,49,49],"floor_reached":51,"language":"ENG","playtime":2105,"items_purged":["Strike_R"],"score":922,"play_id":"28955136-7d0b-42ea-b06b-58c9d54812e6","local_time":"20210201152106","is_ascension_mode":true,"campfire_choices":[{"data":"Inflame","floor":10,"key":"SMITH"},{"data":"Headbutt","floor":12,"key":"SMITH"},{"floor":15,"key":"REST"},{"data":"Armaments","floor":23,"key":"SMITH"},{"floor":27,"key":"REST"},{"floor":32,"key":"REST"},{"data":"Double Tap","floor":40,"key":"SMITH"},{"data":"Fiend Fire","floor":42,"key":"SMITH"},{"data":"Bludgeon","floor":46,"key":"SMITH"},{"data":"Spot Weakness","floor":49,"key":"SMITH"}],"circlet_count":0,"master_deck":["Strike_R+1","Strike_R","Defend_R","Defend_R","Defend_R","Defend_R","Bash","Headbutt+1","Inflame+1","Pommel Strike+1","Shrug It Off","Metallicize+1","Double Tap+1","Armaments+1","Spot Weakness+1","Thunderclap+1","Sever Soul","Dropkick","Cleave","Bludgeon+1","Immolate","True Grit+1","Fiend Fire+1","Wild Strike+1","Battle Trance+1","Intimidate+1","Flame Barrier+1"],"relics":["Burning Blood","Nunchaku","Bottled Tornado","Torii","Mark of Pain","PreservedInsect","Whetstone","Potion Belt","FossilizedHelix","Coffee Dripper","Thread and Needle","Toy Ornithopter","Calipers","Orrery"],"acts_visited":["Exordium","TheCity","TheBeyond"],"potions_floor_usage":[6,6,16,24,28,33,33,44,45,50],"damage_taken":[{"damage":6,"enemies":"Cultist","floor":1,"turns":4},{"damage":4,"enemies":"Small Slimes","floor":2,"turns":3},{"damage":14,"enemies":"Jaw Worm","floor":3,"turns":3},{"damage":24,"enemies":"Large Slime","floor":4,"turns":7},{"damage":14,"enemies":"Looter","floor":5,"turns":3},{"damage":36,"enemies":"Lagavulin","floor":6,"turns":9},{"damage":6,"enemies":"Red Slaver","floor":13,"turns":3},{"damage":15,"enemies":"3 Sentries","floor":14,"turns":7},{"damage":14,"enemies":"Hexaghost","floor":16,"turns":10},{"damage":12,"enemies":"Spheric Guardian","floor":18,"turns":4},{"damage":29,"enemies":"2 Thieves","floor":22,"turns":4},{"damage":33,"enemies":"Book of Stabbing","floor":24,"turns":5},{"damage":24,"enemies":"Centurion and Healer","floor":28,"turns":3},{"damage":0,"enemies":"Snecko","floor":29,"turns":2},{"damage":32,"enemies":"Slavers","floor":30,"turns":5},{"damage":6,"enemies":"Cultist and Chosen","floor":31,"turns":4},{"damage":47,"enemies":"Automaton","floor":33,"turns":9},{"damage":19,"enemies":"3 Shapes","floor":35,"turns":3},{"damage":23,"enemies":"3 Darklings","floor":36,"turns":4},{"damage":2,"enemies":"Mind Bloom Boss Battle","floor":37,"turns":5},{"damage":29,"enemies":"4 Shapes","floor":39,"turns":4},{"damage":6,"enemies":"Nemesis","floor":41,"turns":3},{"damage":0,"enemies":"Maw","floor":44,"turns":6},{"damage":0,"enemies":"Transient","floor":45,"turns":5},{"damage":0,"enemies":"4 Shapes","floor":47,"turns":2},{"damage":67,"enemies":"Awakened One","floor":50,"turns":12}],"seed_played":"3462726394399700657","potions_obtained":[{"floor":2,"key":"SkillPotion"},{"floor":3,"key":"SneckoOil"},{"floor":4,"key":"Regen Potion"},{"floor":6,"key":"SpeedPotion"},{"floor":22,"key":"FairyPotion"},{"floor":28,"key":"Swift Potion"},{"floor":30,"key":"SteroidPotion"},{"floor":31,"key":"SneckoOil"},{"floor":33,"key":"Block Potion"},{"floor":37,"key":"ElixirPotion"},{"floor":44,"key":"SteroidPotion"},{"floor":47,"key":"SteroidPotion"}],"is_trial":false,"path_per_floor":["M","M","M","M","M","E","$","?","T","R","?","R","M","E","R","B",null,"M","?","$","?","M","R","E","$","T","R","M","M","E","M","R","B",null,"M","M","?","?","M","R","E","R","T","M","M","R","M","$","R","B",null],"character_chosen":"IRONCLAD","items_purchased":["PreservedInsect","Energy Potion","Calipers","Orrery"],"campfire_rested":3,"item_purchase_floors":[20,20,48,48],"current_hp_per_floor":[96,96,88,70,62,47,47,40,40,40,40,40,40,31,59,51,96,90,90,90,90,67,67,40,40,40,68,50,56,30,30,58,17,96,83,66,70,70,47,47,47,47,47,58,69,69,75,75,75,19],"gold":49,"neow_bonus":"TWENTY_PERCENT_HP_BONUS","is_daily":false,"chose_seed":false,"campfire_upgraded":7,"win_rate":0.0,"timestamp":1612214466,"path_taken":["M","?","M","M","M","E","?","?","T","R","?","R","?","E","R","BOSS","M","?","$","?","?","R","E","$","T","R","M","M","E","M","R","BOSS","M","M","?","?","?","R","E","R","T","M","M","R","M","$","R","BOSS"],"items_purchased_type":["Relic","Potion","Relic","Relic"],"build_version":"2020-12-22","purchased_purges":1,"victory":true,"max_hp_per_floor":[96,96,96,96,96,96,96,96,96,96,96,96,96,96,96,96,96,96,96,96,96,96,96,96,96,96,96,96,96,96,96,96,96,96,96,96,96,96,96,96,96,96,96,96,96,96,96,96,96,96],"card_choices":[{"not_picked":["Entrench","Infernal Blade"],"picked":"Headbutt","floor":1},{"not_picked":["Perfected Strike","Hemokinesis"],"picked":"Inflame","floor":2},{"not_picked":["Havoc","Flame Barrier"],"picked":"Pommel Strike","floor":3},{"not_picked":["Flex","Warcry"],"picked":"Shrug It Off","floor":4},{"not_picked":["Burning Pact","Clothesline","Clash"],"picked":"SKIP","floor":5},{"not_picked":["Thunderclap","Evolve"],"picked":"Metallicize","floor":6},{"not_picked":["Flex","Carnage","Burning Pact"],"picked":"SKIP","floor":13},{"not_picked":["Carnage","Burning Pact","Iron Wave"],"picked":"SKIP","floor":14},{"not_picked":["Fiend Fire","Berserk"],"picked":"Double Tap","floor":16},{"not_picked":["Power Through","Pommel Strike"],"picked":"Armaments","floor":18},{"not_picked":["Searing Blow","Sever Soul"],"picked":"Thunderclap+1","floor":22},{"not_picked":["Rampage","Second Wind"],"picked":"Sever Soul","floor":24},{"not_picked":["Flex+1","Blood for Blood+1"],"picked":"Dropkick","floor":28},{"not_picked":["Twin Strike","Burning Pact","Anger+1"],"picked":"SKIP","floor":29},{"not_picked":["Berserk","Entrench","Iron Wave"],"picked":"SKIP","floor":30},{"not_picked":["Iron Wave","Metallicize"],"picked":"Cleave","floor":31},{"not_picked":["Double Tap","Feed"],"picked":"Bludgeon","floor":33},{"not_picked":["Blood for Blood","Clash","Sentinel"],"picked":"SKIP","floor":35},{"not_picked":["Perfected Strike+1","Warcry","Headbutt"],"picked":"SKIP","floor":36},{"not_picked":["Blood for Blood","Uppercut+1"],"picked":"True Grit+1","floor":39},{"not_picked":["Blood for Blood+1","Anger"],"picked":"Fiend Fire","floor":41},{"not_picked":["Spot Weakness+1","Thunderclap+1","Warcry+1"],"picked":"SKIP","floor":44},{"not_picked":["Flex","Anger+1"],"picked":"Wild Strike+1","floor":45},{"not_picked":["Juggernaut","Flex+1","Havoc"],"picked":"SKIP","floor":47},{"not_picked":["Sword Boomerang+1","Hemokinesis+1"],"picked":"Battle Trance+1","floor":48},{"not_picked":["Heavy Blade","Wild Strike+1"],"picked":"Intimidate+1","floor":48},{"not_picked":["Shrug It Off+1","Armaments+1"],"picked":"Flame Barrier+1","floor":48}],"player_experience":498195,"relics_obtained":[{"floor":6,"key":"Nunchaku"},{"floor":9,"key":"Bottled Tornado"},{"floor":14,"key":"Torii"},{"floor":24,"key":"Whetstone"},{"floor":26,"key":"Potion Belt"},{"floor":30,"key":"FossilizedHelix"},{"floor":37,"key":"Thread and Needle"},{"floor":41,"key":"Toy Ornithopter"}],"event_choices":[{"cards_removed":["Strike_R"],"damage_healed":0,"gold_gain":0,"player_choice":"Card Removal","damage_taken":7,"max_hp_gain":0,"max_hp_loss":0,"event_name":"Golden Wing","floor":8,"gold_loss":0},{"damage_healed":0,"gold_gain":0,"player_choice":"Grow","damage_taken":0,"max_hp_gain":0,"max_hp_loss":0,"event_name":"Living Wall","floor":11,"gold_loss":0,"cards_upgraded":["Metallicize"]},{"damage_healed":0,"gold_gain":0,"player_choice":"Read","damage_taken":0,"max_hp_gain":0,"max_hp_loss":0,"event_name":"The Library","floor":19,"gold_loss":0,"cards_obtained":["Spot Weakness"]},{"damage_healed":0,"gold_gain":0,"player_choice":"0 cards matched","damage_taken":0,"max_hp_gain":0,"max_hp_loss":0,"event_name":"Match and Keep!","floor":21,"gold_loss":0,"cards_obtained":[]},{"damage_healed":0,"gold_gain":0,"player_choice":"Fight","damage_taken":0,"max_hp_gain":0,"max_hp_loss":0,"event_name":"MindBloom","floor":37,"gold_loss":0},{"damage_healed":0,"gold_gain":0,"cards_transformed":["Strike_R"],"player_choice":"Transformed","damage_taken":0,"max_hp_gain":0,"max_hp_loss":0,"event_name":"Transmorgrifier","floor":38,"gold_loss":0,"cards_obtained":["Immolate"]}],"is_beta":false,"boss_relics":[{"not_picked":["Runic Cube","Sozu"],"picked":"Mark of Pain"},{"not_picked":["SacredBark","Philosopher\u0027s Stone"],"picked":"Coffee Dripper"}],"items_purged_floors":[7],"is_endless":false,"potions_floor_spawned":[2,3,4,6,22,28,30,31,33,37,44,47],"ascension_level":2}}