{"host":"8u7tvcybuv0u72fd","time":1612140030,"event":{"mods":["BaseMod","BetterRewards","Colored Map","Colored Powertips","Minty Spire (QoL Compilation)","Quick Restart","Shop Mod"],"gold_per_floor":[115,127,127,127,145,181,181,181,227,263,263,263,301,316,316,454,454,469,13,38,38,54,94,94,94,121,121,166,166,166,166,166,294,294,319,338,338,671,413,448,448,480,489,489,520,541,26,40,40,40,40,40,40,82,82],"floor_reached":56,"language":"ENG","playtime":2198,"items_purged":["Strike_R","Strike_R","Regret"],"score":1665,"play_id":"df305179-0465-4355-8277-1e8af36f0ed1","local_time":"20210131194030","is_ascension_mode":false,"campfire_choices":[{"data":"Body Slam","floor":8.0,"key":"SMITH"},{"data":"Shrug It Off","floor":12.0,"key":"SMITH"},{"data":"Rampage","floor":15.0,"key":"SMITH"},{"data":"Immolate","floor":25.0,"key":"SMITH"},{"data":"Bash","floor":27.0,"key":"SMITH"},{"data":"Bite","floor":30.0,"key":"SMITH"},{"data":"Inflame","floor":32.0,"key":"SMITH"},{"data":"Limit Break","floor":41.0,"key":"SMITH"},{"data":"Bite","floor":44.0,"key":"SMITH"},{"floor":49,"key":"RECALL"},{"data":"Bite","floor":52,"key":"SMITH"}],"circlet_count":0,"master_deck":["Defend_R","Defend_R","Defend_R","Bash+1","Rampage+1","Body Slam+1","Shrug It Off+1","Immolate+1","Uppercut+1","Inflame+1","Bite+1","Bite+1","Bite+1","Bite+1","Bite+1","Limit Break+1","Battle Trance+1","Parasite","True Grit"],"relics":["Burning Blood","Juzu Bracelet","TheAbacus","Ginger","Singing Bowl","Art of War","Oddly Smooth Stone","Mercury Hourglass","MealTicket","Akabeko","CeramicFish","Dead Branch","SlaversCollar","Medical Kit","Ancient Tea Set","Mummified Hand","Happy Flower","Cursed Key","Gremlin Horn","Matryoshka","Bronze Scales","Bag of Preparation","MawBank","Nunchaku","Darkstone Periapt","Potion Belt","HandDrill","Whetstone"],"acts_visited":["Exordium","TheCity","TheBeyond","TheEnding"],"potions_floor_usage":[55,55,55,55],"damage_taken":[{"damage":0.0,"enemies":"Small Slimes","floor":1.0,"turns":4.0},{"damage":1.0,"enemies":"Cultist","floor":2.0,"turns":4.0},{"damage":1.0,"enemies":"Jaw Worm","floor":5.0,"turns":3.0},{"damage":15.0,"enemies":"Lagavulin","floor":6.0,"turns":5.0},{"damage":3.0,"enemies":"3 Sentries","floor":10.0,"turns":4.0},{"damage":0.0,"enemies":"Lagavulin","floor":13.0,"turns":5.0},{"damage":0.0,"enemies":"2 Fungi Beasts","floor":14.0,"turns":2.0},{"damage":29.0,"enemies":"Slime Boss","floor":16.0,"turns":10.0},{"damage":4.0,"enemies":"2 Thieves","floor":18.0,"turns":2.0},{"damage":0.0,"enemies":"Chosen","floor":20.0,"turns":4.0},{"damage":24.0,"enemies":"Snake Plant","floor":22.0,"turns":3.0},{"damage":25.0,"enemies":"Gremlin Leader","floor":23.0,"turns":4.0},{"damage":65.0,"enemies":"Automaton","floor":33.0,"turns":9.0},{"damage":0.0,"enemies":"Orb Walker","floor":35.0,"turns":2.0},{"damage":7.0,"enemies":"3 Shapes","floor":36.0,"turns":3.0},{"damage":24.0,"enemies":"Reptomancer","floor":40.0,"turns":5.0},{"damage":9.0,"enemies":"Nemesis","floor":42.0,"turns":5.0},{"damage":0.0,"enemies":"Giant Head","floor":45.0,"turns":5.0},{"damage":3,"enemies":"Transient","floor":48,"turns":5},{"damage":54,"enemies":"Donu and Deca","floor":50,"turns":6},{"damage":34,"enemies":"Shield and Spear","floor":54,"turns":4},{"damage":108,"enemies":"The Heart","floor":55,"turns":7}],"seed_played":"-7990394987209214265","potions_obtained":[{"floor":2.0,"key":"Fire Potion"},{"floor":10.0,"key":"LiquidMemories"},{"floor":14.0,"key":"SpeedPotion"},{"floor":20.0,"key":"Dexterity Potion"},{"floor":29.0,"key":"LiquidBronze"},{"floor":54,"key":"AttackPotion"}],"is_trial":false,"path_per_floor":["M","M","?","?","M","E","?","R","T","E","?","R","E","M","R","B",null,"M","$","M","$","M","E","?","R","T","R","?","?","R","$","R","B",null,"M","M","?","?","$","E","R","E","T","R","E","T","$","M","R","B",null,"R","$","E","B",null],"character_chosen":"IRONCLAD","items_purchased":["Juzu Bracelet","TheAbacus","Rampage","Singing Bowl","Art of War","Body Slam","Explosive Potion","Medical Kit","Blood Vial","Ancient Tea Set","Gremlin Horn","Potion Belt","HandDrill","Strength Potion","Explosive Potion"],"campfire_rested":0,"item_purchase_floors":[0,0,0,0,0,0,0,19,19,19,39,47,47,47,47],"current_hp_per_floor":[40,45,45,45,52,45,42,42,42,45,45,45,53,61,61,38,84,86,86,86,86,70,53,82,82,82,82,82,82,82,88,88,43,88,88,89,89,89,90,85,85,94,94,94,96,96,96,98,98,60,98,98,98,89,14],"gold":82,"neow_bonus":"","is_daily":false,"chose_seed":false,"campfire_upgraded":10,"win_rate":0.0,"timestamp":1612140030,"path_taken":["M","M","?","?","M","E","?","R","T","E","?","R","E","M","R","BOSS","M","?","M","?","M","E","?","R","T","R","?","?","R","$","R","BOSS","M","M","?","?","$","E","R","E","T","R","E","?","$","M","R","BOSS","R","$","E","BOSS"],"items_purchased_type":["Relic","Relic","Card","Relic","Relic","Card","Potion","Relic","Relic","Relic","Relic","Relic","Relic","Potion","Potion"],"build_version":"2020-12-22","purchased_purges":3,"victory":true,"max_hp_per_floor":[82,82,82,76,78,80,80,80,80,80,80,80,82,84,84,84,84,86,86,86,86,88,88,88,88,88,88,88,88,88,88,88,88,88,88,90,90,90,90,92,92,94,94,94,96,96,96,98,98,98,98,98,98,98,98],"card_choices":[{"not_picked":["Entrench","Power Through","Disarm"],"picked":"Singing Bowl","floor":1.0},{"not_picked":["Bloodletting","Headbutt"],"picked":"Shrug It Off","floor":2.0},{"not_picked":["Dark Embrace","Second Wind","Searing Blow"],"picked":"Singing Bowl","floor":5.0},{"not_picked":["Searing Blow","Havoc","Pummel"],"picked":"Singing Bowl","floor":6.0},{"not_picked":["True Grit","Reckless Charge"],"picked":"Clash","floor":10.0},{"not_picked":["Sentinel","Havoc","Burning Pact"],"picked":"Singing Bowl","floor":13.0},{"not_picked":["Wild Strike","Armaments","Clash"],"picked":"Singing Bowl","floor":14.0},{"not_picked":["Fiend Fire","Exhume"],"picked":"Immolate","floor":16.0},{"not_picked":["Shrug It Off+1","Rupture","Rampage"],"picked":"Singing Bowl","floor":18.0},{"not_picked":["Seeing Red","Battle Trance+1"],"picked":"Uppercut+1","floor":20.0},{"not_picked":["Ghostly Armor+1","Searing Blow","Armaments+1"],"picked":"Singing Bowl","floor":22.0},{"not_picked":["Carnage","Warcry"],"picked":"Inflame","floor":23.0},{"not_picked":["Double Tap","Reaper"],"picked":"Limit Break","floor":33.0},{"not_picked":["True Grit+1","Wild Strike+1"],"picked":"Battle Trance+1","floor":35.0},{"not_picked":["Intimidate","Feel No Pain+1","Twin Strike"],"picked":"Singing Bowl","floor":36.0},{"not_picked":["Pommel Strike","Rupture+1","Brutality"],"picked":"Singing Bowl","floor":40.0},{"not_picked":["Rage","Fire Breathing","Twin Strike+1"],"picked":"Singing Bowl","floor":42.0},{"not_picked":["Perfected Strike+1","Seeing Red","Double Tap"],"picked":"Singing Bowl","floor":45.0},{"not_picked":["Thunderclap","Blood for Blood","Body Slam"],"picked":"Singing Bowl","floor":48},{"not_picked":["Havoc","Shrug It Off+1"],"picked":"True Grit","floor":54}],"player_experience":1464915,"relics_obtained":[{"floor":6.0,"key":"Oddly Smooth Stone"},{"floor":9.0,"key":"MealTicket"},{"floor":10.0,"key":"Akabeko"},{"floor":13.0,"key":"Dead Branch"},{"floor":23.0,"key":"Mummified Hand"},{"floor":26.0,"key":"Happy Flower"},{"floor":40.0,"key":"Matryoshka"},{"floor":42.0,"key":"Bronze Scales"},{"floor":43.0,"key":"Bag of Preparation"},{"floor":45.0,"key":"MawBank"},{"floor":46,"key":"Nunchaku"},{"floor":46,"key":"Darkstone Periapt"},{"floor":54,"key":"Whetstone"}],"event_choices":[{"cards_removed":["Defend_R"],"damage_healed":0.0,"max_hp_gain":0.0,"max_hp_loss":0.0,"gold_gain":0.0,"event_name":"Wheel of Change","player_choice":"Card Removal","floor":3.0,"gold_loss":0.0,"damage_taken":0.0},{"damage_healed":0.0,"max_hp_gain":0.0,"max_hp_loss":6.0,"gold_gain":0.0,"event_name":"Golden Idol","player_choice":"Lose Max HP","floor":4.0,"gold_loss":0.0,"damage_taken":0.0,"relics_obtained":["Golden Idol"]},{"damage_healed":0.0,"max_hp_gain":0.0,"max_hp_loss":0.0,"gold_gain":0.0,"event_name":"Scrap Ooze","player_choice":"Success","floor":7.0,"gold_loss":0.0,"damage_taken":3.0,"relics_obtained":["Mercury Hourglass"]},{"cards_removed":["Clash"],"damage_healed":0.0,"max_hp_gain":0.0,"max_hp_loss":0.0,"gold_gain":0.0,"event_name":"WeMeetAgain","player_choice":"Gave Card","floor":11.0,"gold_loss":0.0,"damage_taken":0.0,"relics_obtained":["CeramicFish"]},{"damage_healed":29.0,"max_hp_gain":0.0,"max_hp_loss":0.0,"gold_gain":0.0,"event_name":"The Library","player_choice":"Heal","floor":24.0,"gold_loss":0.0,"damage_taken":0.0},{"damage_healed":0.0,"max_hp_gain":0.0,"max_hp_loss":0.0,"gold_gain":0.0,"event_name":"Vampires","player_choice":"Became a vampire (Vial)","floor":28.0,"relics_lost":["Blood Vial"],"gold_loss":0.0,"damage_taken":0.0,"cards_obtained":["Bite","Bite","Bite","Bite","Bite"]},{"damage_healed":0.0,"max_hp_gain":0.0,"max_hp_loss":0.0,"gold_gain":0.0,"event_name":"Lab","player_choice":"Got Potions","floor":29.0,"gold_loss":0.0,"damage_taken":0.0},{"damage_healed":0.0,"max_hp_gain":0.0,"max_hp_loss":0.0,"gold_gain":0.0,"event_name":"Tomb of Lord Red Mask","player_choice":"Ignored","floor":37.0,"gold_loss":0.0,"damage_taken":0.0},{"damage_healed":0.0,"max_hp_gain":0.0,"max_hp_loss":0.0,"gold_gain":333.0,"event_name":"The Moai Head","player_choice":"Gave Idol","floor":38.0,"relics_lost":["Golden Idol"],"gold_loss":0.0,"damage_taken":0.0}],"is_beta":false,"boss_relics":[{"not_picked":["Runic Cube","Pandora\u0027s Box"],"picked":"SlaversCollar"},{"not_picked":["Fusion Hammer","Philosopher\u0027s Stone"],"picked":"Cursed Key"}],"items_purged_floors":[0,0,47],"is_endless":false,"potions_floor_spawned":[2,10,14,20,33,36,42,54],"ascension_level":0}}