{"host":"4evnc443c98ww2zl","time":1612200994,"event":{"mods":["BaseMod","Better Third Choice","Hermit","Koishi","Luminous","Minty Spire (QoL Compilation)","Remilia??????","Robot Space Explorer","StSLib","The Administrix","The Bug Knight","The Cursed","TheSwordswoman"],"gold_per_floor":[118,137,150,164,176,207,225,254,254,288,288,323,351,351,351,446,446,460,480,234,244,258,289,23,23,23,57,90,90,105,431,431,431,431],"floor_reached":33,"language":"ENG","playtime":9612,"items_purged":[],"score":492,"play_id":"3ad83735-42bc-4a73-bedd-4f6064c7ebf5","local_time":"20210201113634","daily_mods":["SealedDeck","Diverse","Colorless Cards","Heirloom","DeadlyEvents","Elite Swarm"],"is_ascension_mode":false,"campfire_choices":[{"floor":15,"key":"REST"},{"floor":29,"key":"RECALL"},{"data":"BloodySeventeenLaser","floor":32,"key":"SMITH"}],"circlet_count":0,"master_deck":["hermit:GhostlyPresence","AdministrixMod:PassageOfAges","Consecrate","Flying Knee","RobotSpaceExplorer:LuckyStrike","RobotSpaceExplorer:MiniDrones","EmptyFist","hermit:Glare+1","blazmod:TandenKatsu","RobotSpaceExplorer:Probe","Koishi:UnconsciousUrges","blazmod:SureOfHand","hermit:SprayPray","TheCursedMod:ReleasedStrength+1","Prepared","blazmod:AlmightyPassage","UnderTheZenith","AdministrixMod:FaithfulFlames","Double Tap","AdministrixMod:BrewingCloister","Spot Weakness","hermit:BigShot","Ball Lightning+1","Dramatic Entrance","Well Laid Plans","Blur","MillenniumVampire","RobotSpaceExplorer:ScrapMissile","AdministrixMod:BrewingCloister","hermit:Enervate","Deflect","Die Die Die","BloodySeventeenLaser+1","AdministrixMod:TouchOfCinnabar","AdministrixMod:NoblePath+1","AdministrixMod:DeathByGlamour"],"relics":["PureWater","HollowMod:QueensCombRelic","Shuriken","Mummified Hand","Gambling Chip","Toy Ornithopter","StoneCalendar","Prayer Wheel","NlothsMask","Coffee Dripper","War Paint","Yang","Blood Vial","Pen Nib","Centennial Puzzle","Old Coin"],"acts_visited":["Exordium","TheCity"],"potions_floor_usage":[5,12,13,16,21,22,27,27,27,31,31,33],"damage_taken":[{"damage":5,"enemies":"Jaw Worm","floor":1,"turns":3},{"damage":0,"enemies":"Cultist","floor":2,"turns":2},{"damage":3,"enemies":"Small Slimes","floor":3,"turns":2},{"damage":7,"enemies":"Exordium Thugs","floor":4,"turns":2},{"damage":0,"enemies":"2 Fungi Beasts","floor":5,"turns":2},{"damage":33,"enemies":"3 Sentries","floor":6,"turns":7},{"damage":0,"enemies":"Looter","floor":7,"turns":2},{"damage":13,"enemies":"Lagavulin","floor":8,"turns":3},{"damage":8,"enemies":"HollowMod:MossKnight","floor":10,"turns":3},{"damage":18,"enemies":"Lagavulin","floor":12,"turns":3},{"damage":14,"enemies":"3 Sentries","floor":13,"turns":3},{"damage":0,"enemies":"Hexaghost","floor":16,"turns":6},{"damage":8,"enemies":"Shell Parasite","floor":18,"turns":2},{"damage":0,"enemies":"2 Thieves","floor":19,"turns":1},{"damage":11,"enemies":"Centurion and Healer","floor":21,"turns":3},{"damage":0,"enemies":"3 Cultists","floor":22,"turns":1},{"damage":22,"enemies":"HollowMod:Nosk","floor":23,"turns":6},{"damage":25,"enemies":"Slavers","floor":27,"turns":4},{"damage":0,"enemies":"HollowMod:Nosk","floor":28,"turns":5},{"damage":15,"enemies":"Snake Plant","floor":30,"turns":2},{"damage":6,"enemies":"Book of Stabbing","floor":31,"turns":4},{"damage":66,"enemies":"Champ","floor":33,"turns":4}],"seed_played":"2415590270446789347","potions_obtained":[{"floor":3,"key":"LiquidBronze"},{"floor":4,"key":"ColorlessPotion"},{"floor":5,"key":"Energy Potion"},{"floor":8,"key":"LiquidMemories"},{"floor":12,"key":"ColorlessPotion"},{"floor":13,"key":"BottledMiracle"},{"floor":21,"key":"Swift Potion"},{"floor":23,"key":"SkillPotion"},{"floor":28,"key":"Energy Potion"},{"floor":31,"key":"EntropicBrew"}],"is_trial":true,"path_per_floor":["M","M","M","M","M","E","M","E","T","E","?","E","E","?","R","B",null,"M","M","$","M","M","E","$","?","T","E","E","R","M","E","R","B"],"character_chosen":"WATCHER","items_purchased":["Dramatic Entrance","War Paint","Blood Vial","hermit:Enervate","Deflect"],"campfire_rested":1,"item_purchase_floors":[20,20,24,24,24],"current_hp_per_floor":[43,48,45,41,48,15,23,18,18,14,14,9,4,4,18,47,48,40,44,44,37,46,26,26,19,19,19,41,41,32,48,48,0,0],"gold":431,"neow_bonus":"","is_daily":false,"chose_seed":false,"campfire_upgraded":1,"win_rate":0.0,"timestamp":1612200994,"path_taken":["M","M","M","M","M","E","M","E","T","E","?","?","E","?","R","BOSS","M","?","$","?","M","E","$","?","T","?","E","R","?","E","R","BOSS"],"items_purchased_type":["Card","Relic","Relic","Card","Card"],"build_version":"2020-12-22","purchased_purges":0,"victory":false,"max_hp_per_floor":[48,48,48,48,48,48,48,48,48,48,48,48,48,48,48,48,48,48,48,48,48,48,48,48,53,53,53,53,53,53,53,53,53,53],"card_choices":[{"not_picked":["Koishi:UnansweredLove","Feel No Pain"],"picked":"Koishi:UnconsciousUrges","floor":1},{"not_picked":["Luminous:Light_Wash_Luminous","AdministrixMod:RegentEdict"],"picked":"blazmod:SureOfHand","floor":2},{"not_picked":["Warcry","TheCursedMod:CursedMace"],"picked":"hermit:SprayPray","floor":3},{"not_picked":["HollowMod:GoodIntentions","blazmod:ApexLegends"],"picked":"TheCursedMod:ReleasedStrength","floor":4},{"not_picked":["HollowMod:ShadowDash","Backflip"],"picked":"Prepared","floor":5},{"not_picked":["TheCursedMod:CircleOfAbyss","AdministrixMod:Schism"],"picked":"blazmod:AlmightyPassage","floor":6},{"not_picked":["Koishi:Possession","AdministrixMod:HiddenPower"],"picked":"UnderTheZenith","floor":7},{"not_picked":["Thinking Ahead","Electrodynamics"],"picked":"AdministrixMod:FaithfulFlames","floor":8},{"not_picked":["AdministrixMod:LifeforceNet","RobotSpaceExplorer:Scanner","HollowMod:VoidDash"],"picked":"SKIP","floor":10},{"not_picked":["Koishi:ImGoingToCallYouNow","TheCursedMod:NeowsMight"],"picked":"Double Tap","floor":12},{"not_picked":["HollowMod:RadiancesLament","Koishi:HeartStoppingHorror","BloodyCatastrophe"],"picked":"SKIP","floor":13},{"not_picked":["TheCursedMod:StunningStrike","HollowMod:ZotesMagnificence"],"picked":"AdministrixMod:BrewingCloister","floor":16},{"not_picked":["blazmod:ClearTheMind","DiffusionOfMisfortune+1"],"picked":"Spot Weakness","floor":18},{"not_picked":["RobotSpaceExplorer:TurboDodge","Koishi:Prune","Luminous:Dark_Dim_Erosion+1"],"picked":"SKIP","floor":18},{"not_picked":["Reflex","HollowMod:MawleksShell+1"],"picked":"hermit:BigShot","floor":19},{"not_picked":["Accuracy","GlobalNightmare"],"picked":"Ball Lightning+1","floor":19},{"not_picked":["Flying Knee","Luminous:Dark_Morning_Star"],"picked":"Well Laid Plans","floor":21},{"not_picked":["Koishi:GeneticsOfTheUnconscious","HollowMod:TaintedHusks+1"],"picked":"Blur","floor":21},{"not_picked":["Koishi:HeartfeltFancy","BlasphemousPunishment"],"picked":"MillenniumVampire","floor":22},{"not_picked":["hermit:Coalescence","HollowMod:BlackTendrils"],"picked":"RobotSpaceExplorer:ScrapMissile","floor":22},{"not_picked":["Impervious","Koishi:ConfinedInnocent"],"picked":"AdministrixMod:BrewingCloister","floor":23},{"not_picked":["Phantasmal Killer","RobotSpaceExplorer:Accelerator"],"picked":"Die Die Die","floor":27},{"not_picked":["AdministrixMod:HopeInTheDark","KillingBlow"],"picked":"BloodySeventeenLaser","floor":28},{"not_picked":["RobotSpaceExplorer:MetalStrike","RobotSpaceExplorer:TurboDodge"],"picked":"AdministrixMod:TouchOfCinnabar","floor":30},{"not_picked":["hermit:Roulette+1","Koishi:Possession+1"],"picked":"AdministrixMod:NoblePath+1","floor":30},{"not_picked":["HollowMod:HornetsHelp","RobotSpaceExplorer:Asteroid"],"picked":"AdministrixMod:DeathByGlamour","floor":31}],"player_experience":1173511,"relics_obtained":[{"floor":6,"key":"Shuriken"},{"floor":8,"key":"Mummified Hand"},{"floor":10,"key":"Gambling Chip"},{"floor":12,"key":"StoneCalendar"},{"floor":13,"key":"Prayer Wheel"},{"floor":23,"key":"Yang"},{"floor":27,"key":"Pen Nib"},{"floor":28,"key":"Centennial Puzzle"},{"floor":31,"key":"Old Coin"}],"event_choices":[{"damage_healed":0,"gold_gain":0,"player_choice":"Gave Potion","damage_taken":0,"relics_obtained":["Toy Ornithopter"],"max_hp_gain":0,"max_hp_loss":0,"event_name":"WeMeetAgain","floor":11,"gold_loss":0},{"damage_healed":0,"gold_gain":0,"player_choice":"Trade","damage_taken":0,"relics_obtained":["NlothsMask"],"max_hp_gain":0,"max_hp_loss":0,"event_name":"FaceTrader","floor":14,"gold_loss":0},{"damage_healed":0,"gold_gain":0,"player_choice":"Shed Blood","damage_taken":12,"max_hp_gain":5,"max_hp_loss":0,"event_name":"Forgotten Altar","floor":25,"gold_loss":0}],"is_beta":false,"boss_relics":[{"not_picked":["HolyWater","Tiny House"],"picked":"Coffee Dripper"}],"items_purged_floors":[],"is_endless":false,"potions_floor_spawned":[3,4,5,8,12,13,21,23,28,30,31],"killed_by":"Champ","ascension_level":0}}