{"host":"bozqtgcnthfmygo1","time":1612170641,"event":{"mods":["BaseMod","Colored Map","Minty Spire (QoL Compilation)","Replay The Spire","StSLib"],"gold_per_floor":[414,489,53,69,83,109,109,141,141,141,141,156,174,174,174,22,22,117,117,132,147,147,162,182,182,208,266,292,302,302,302,319,319,319,416,416,433,433,443,461,472,472,490,523,523,555,555,574,574,588,588,588,588],"floor_reached":52,"language":"ENG","playtime":2723,"items_purged":[],"score":735,"play_id":"f3b09405-f7f7-4af3-8888-947c06104f46","local_time":"20210201101041","is_ascension_mode":true,"campfire_choices":[{"data":"Shockwave","floor":7.0,"key":"SMITH"},{"data":"Bash","floor":11.0,"key":"SMITH"},{"data":"Iron Wave","floor":17.0,"key":"SMITH"},{"data":"Demon Form","floor":25.0,"key":"SMITH"},{"data":"Whirlwind","floor":31.0,"key":"SMITH"},{"floor":34.0,"key":"DIG"},{"data":"Replay:Undeath\u0027s Touch","floor":42,"key":"SMITH"},{"data":"Feed","floor":47,"key":"SMITH"},{"data":"Shrug It Off","floor":49,"key":"SMITH"},{"floor":51,"key":"REST"}],"circlet_count":0,"master_deck":["Strike_R","Strike_R","Strike_R","Strike_R","Strike_R","Defend_R+1","Defend_R","Defend_R","Defend_R+1","Bash+1","Iron Wave","Headbutt","Pommel Strike","Shockwave+1","Fiend Fire+1","Replay:Undeath\u0027s Touch+1","Anger","Iron Wave+1","Demon Form+1","Iron Wave+1","Shrug It Off+1","Perfected Strike","True Grit+1","Whirlwind+1","Feed+1","Shrug It Off+1","Feed+1","Uppercut+1"],"relics":["Burning Blood","Old Coin","Thread and Needle","Centennial Puzzle","White Beast Statue","War Paint","Snack Pack","Busted Crown","Iron Hammer","King of Hearts","PreservedInsect","Nloth\u0027s Gift","Blue Doll","Mark of Pain","Lizard Tail","ReplayTheSpireMod:TigerMarble","HornCleat"],"acts_visited":["Exordium","TheCity","TheBeyond"],"potions_floor_usage":[43,46,46,46,52,52,52],"damage_taken":[{"damage":7.0,"enemies":"Jaw Worm","floor":1.0,"turns":3.0},{"damage":3.0,"enemies":"2 Louse","floor":4.0,"turns":3.0},{"damage":2.0,"enemies":"Cultist","floor":5.0,"turns":3.0},{"damage":31.0,"enemies":"Replay:BlueRogue","floor":6.0,"turns":7.0},{"damage":22.0,"enemies":"3 Sentries","floor":8.0,"turns":7.0},{"damage":2.0,"enemies":"Looter","floor":12.0,"turns":2.0},{"damage":0.0,"enemies":"3 Louse","floor":13.0,"turns":4.0},{"damage":19.0,"enemies":"Hexaghost","floor":18.0,"turns":9.0},{"damage":7.0,"enemies":"Spheric Guardian","floor":20.0,"turns":3.0},{"damage":13.0,"enemies":"3 Byrds","floor":21.0,"turns":4.0},{"damage":13.0,"enemies":"Centurion and Healer","floor":23.0,"turns":4.0},{"damage":7.0,"enemies":"Cultist and Chosen","floor":24.0,"turns":5.0},{"damage":28.0,"enemies":"Book of Stabbing","floor":26.0,"turns":7.0},{"damage":4.0,"enemies":"Shelled Parasite and Fungi","floor":29.0,"turns":4.0},{"damage":0.0,"enemies":"Snecko","floor":32.0,"turns":2.0},{"damage":21.0,"enemies":"Pondfish","floor":35.0,"turns":6.0},{"damage":0,"enemies":"3 Shapes","floor":37,"turns":3},{"damage":0,"enemies":"Orb Walker","floor":39,"turns":3},{"damage":19,"enemies":"3 Darklings","floor":40,"turns":3},{"damage":25,"enemies":"Sphere and 2 Shapes","floor":41,"turns":6},{"damage":4,"enemies":"Jaw Worm Horde","floor":43,"turns":4},{"damage":16,"enemies":"R_Hoarder","floor":44,"turns":6},{"damage":82,"enemies":"Reptomancer","floor":46,"turns":5},{"damage":23,"enemies":"Transient","floor":48,"turns":5},{"damage":16,"enemies":"Maw","floor":50,"turns":7},{"damage":95,"enemies":"Replay:Hell Engine","floor":52,"turns":9}],"seed_played":"1116196006716254536","potions_obtained":[{"floor":6.0,"key":"Dexterity Potion"},{"floor":8.0,"key":"Fire Potion"},{"floor":12.0,"key":"Energy Potion"},{"floor":18.0,"key":"BlessingOfTheForge"},{"floor":21.0,"key":"EssenceOfSteel"},{"floor":26.0,"key":"Toxic Potion"},{"floor":29.0,"key":"Adrenaline Potion"},{"floor":32.0,"key":"Adrenaline Potion"},{"floor":35.0,"key":"BlessingOfTheForge"},{"floor":37,"key":"SkillPotion"},{"floor":39,"key":"SteroidPotion"},{"floor":40,"key":"Fire Potion"},{"floor":43,"key":"Elixir"},{"floor":44,"key":"Adrenaline Potion"},{"floor":46,"key":"Reflective Coating"},{"floor":48,"key":"EssenceOfSteel"},{"floor":50,"key":"DuplicationPotion"}],"is_trial":false,"path_per_floor":["M","?","$","M","M","E","R","E","T","?","R","M","M","PTL","PTL","$","R","B",null,"M","M","?","M","M","R","E","?","T","M","?","R","M","?","R_BF","B",null,"M","?","M","M","M","R","M","E","T","E","R","M","R","M","R","B"],"character_chosen":"IRONCLAD","items_purchased":["Thread and Needle","Centennial Puzzle","DollysMirror"],"campfire_rested":1,"item_purchase_floors":[3,3,16],"current_hp_per_floor":[71,60,60,63,67,42,42,26,26,26,26,30,38,38,38,38,38,39,64,67,66,66,63,70,70,54,26,26,32,32,32,40,27,27,16,62,70,70,76,66,53,53,59,57,57,44,44,37,37,37,60,0,0],"gold":588,"neow_bonus":"ONE_RARE_RELIC","is_daily":false,"chose_seed":false,"campfire_upgraded":8,"win_rate":0.0,"timestamp":1612170641,"path_taken":["M","?","$","M","M","E","R","E","T","?","R","M","M","PTL","PTL","$","R","BOSS","M","?","?","M","M","R","E","?","T","M","?","R","?","?","R_BF","BOSS","M","?","M","M","?","R","M","E","T","E","R","M","R","M","R","BOSS"],"items_purchased_type":["Relic","Relic","Relic"],"build_version":"2020-12-22","purchased_purges":0,"victory":false,"max_hp_per_floor":[72,72,72,72,72,72,72,72,72,72,72,72,72,72,72,72,72,72,72,72,72,72,72,72,72,72,72,72,72,72,72,72,77,77,77,77,77,77,77,77,77,77,77,77,77,77,77,77,77,77,77,77,77],"card_choices":[{"not_picked":["ReplayTheSpireMod:Strike From Hell","Rage"],"picked":"Iron Wave","floor":1.0},{"not_picked":["Armaments","Clash"],"picked":"Headbutt","floor":4.0},{"not_picked":["Clothesline","Feel No Pain"],"picked":"Pommel Strike","floor":5.0},{"not_picked":["Cleave","Iron Wave"],"picked":"Shockwave","floor":6.0},{"not_picked":["ReplayTheSpireMod:Strike From Hell","Thunderclap"],"picked":"Fiend Fire","floor":8.0},{"not_picked":["Cleave","Rage"],"picked":"Replay:Undeath\u0027s Touch","floor":12.0},{"not_picked":["Feel No Pain","Sever Soul"],"picked":"Anger","floor":13.0},{"not_picked":["Replay:Many Hands","Eclipse"],"picked":"Demon Form","floor":18.0},{"not_picked":[],"picked":"Iron Wave+1","floor":20.0},{"not_picked":["Wild Strike"],"picked":"SKIP","floor":21.0},{"not_picked":[],"picked":"Perfected Strike","floor":23.0},{"not_picked":["Body Slam"],"picked":"SKIP","floor":24.0},{"not_picked":["Massacre"],"picked":"SKIP","floor":26.0},{"not_picked":[],"picked":"True Grit+1","floor":27.0},{"not_picked":[],"picked":"Whirlwind","floor":29.0},{"not_picked":["Shockwave"],"picked":"SKIP","floor":32.0},{"not_picked":[],"picked":"Feed","floor":35.0},{"not_picked":[],"picked":"Shrug It Off+1","floor":37},{"not_picked":["Armaments"],"picked":"SKIP","floor":39},{"not_picked":["Clash"],"picked":"SKIP","floor":40},{"not_picked":["Wild Strike+1"],"picked":"SKIP","floor":41},{"not_picked":["Havoc"],"picked":"SKIP","floor":43},{"not_picked":["Intimidate+1"],"picked":"SKIP","floor":44},{"not_picked":[],"picked":"Feed","floor":46},{"not_picked":[],"picked":"Uppercut+1","floor":48},{"not_picked":["Wild Strike+1"],"picked":"SKIP","floor":50}],"player_experience":469380,"relics_obtained":[{"floor":6.0,"key":"White Beast Statue"},{"floor":8.0,"key":"War Paint"},{"floor":9.0,"key":"Snack Pack"},{"floor":26.0,"key":"Iron Hammer"},{"floor":27.0,"key":"King of Hearts"},{"floor":28.0,"key":"PreservedInsect"},{"floor":34.0,"key":"Blue Doll"},{"floor":44,"key":"Lizard Tail"},{"floor":45,"key":"ReplayTheSpireMod:TigerMarble"},{"floor":46,"key":"HornCleat"}],"event_choices":[{"damage_healed":0.0,"max_hp_gain":0.0,"max_hp_loss":0.0,"gold_gain":75.0,"event_name":"World of Goop","player_choice":"Gather Gold","floor":2.0,"gold_loss":0.0,"damage_taken":11.0},{"damage_healed":0.0,"max_hp_gain":0.0,"max_hp_loss":0.0,"gold_gain":0.0,"event_name":"Upgrade Shrine","player_choice":"Upgraded","floor":10.0,"gold_loss":0.0,"damage_taken":0.0,"cards_upgraded":["Fiend Fire"]},{"damage_healed":0.0,"max_hp_gain":0.0,"max_hp_loss":0.0,"gold_gain":0.0,"event_name":"The Library","player_choice":"Read","floor":22.0,"gold_loss":0.0,"damage_taken":0.0,"cards_obtained":["Shrug It Off"]},{"damage_healed":0.0,"max_hp_gain":0.0,"max_hp_loss":0.0,"gold_gain":0.0,"event_name":"N\u0027loth","player_choice":"Traded Relic","floor":30.0,"relics_lost":["DollysMirror"],"gold_loss":0.0,"damage_taken":0.0,"relics_obtained":["Nloth\u0027s Gift"]},{"damage_healed":0.0,"max_hp_gain":5.0,"max_hp_loss":0.0,"gold_gain":0.0,"event_name":"Forgotten Altar","player_choice":"Shed Blood","floor":33.0,"gold_loss":0.0,"damage_taken":18.0},{"damage_healed":0,"gold_gain":0,"player_choice":"Upgraded","damage_taken":0,"max_hp_gain":0,"max_hp_loss":0,"event_name":"Upgrade Shrine","floor":38,"gold_loss":0,"cards_upgraded":["Feed"]}],"is_beta":false,"boss_relics":[{"not_picked":["SacredBark","Empty Cage"],"picked":"Busted Crown"},{"not_picked":["Honey Jar","Replay:Bronze Core"],"picked":"Mark of Pain"}],"items_purged_floors":[],"is_endless":false,"potions_floor_spawned":[6,8,12,13,18,20,21,23,24,26,29,32,35,37,39,40,41,43,44,46,48,50],"killed_by":"Replay:Hell Engine","ascension_level":6}}