{"host":"gaqyve1328ta0etl","time":1612169303,"event":{"mods":["BaseMod","Colored Map","Colored Powertips","Googly Eyes","Minty Spire (QoL Compilation)","Shop Mod","StSLib","SuperFastMode","The Hierophant","The Runesmith"],"gold_per_floor":[215,68,81,6,6,6,36,36,88,88,102,102,113,124,124,228,228,242,97,52,52],"floor_reached":20,"language":"ENG","playtime":550,"items_purged":["Strike_B"],"score":258,"play_id":"7901a801-4773-43ee-9a3a-1ae4251121a2","local_time":"20210201004823","is_ascension_mode":true,"campfire_choices":[{"data":"Gash","floor":6,"key":"SMITH"},{"floor":8,"key":"REST"},{"data":"Defragment","floor":12,"key":"SMITH"},{"data":"Defragment","floor":15,"key":"SMITH"}],"circlet_count":0,"master_deck":["AscendersBane","Strike_B","Strike_B","Strike_B","Defend_B","Defend_B","Defend_B","Defend_B","Zap","Dualcast","Lockon","Gash+1","Gash","Defragment+1","Hologram","Defragment+1","Fission"],"relics":["Cracked Core","Medical Kit","Akabeko","MealTicket","Inserter","ClockworkSouvenir"],"acts_visited":["Exordium","TheCity"],"potions_floor_usage":[7,14,16,16],"damage_taken":[{"damage":4,"enemies":"Jaw Worm","floor":1,"turns":4},{"damage":0,"enemies":"2 Louse","floor":3,"turns":3},{"damage":20,"enemies":"3 Sentries","floor":7,"turns":5},{"damage":0,"enemies":"Cultist","floor":11,"turns":2},{"damage":4,"enemies":"Red Slaver","floor":13,"turns":2},{"damage":3,"enemies":"Blue Slaver","floor":14,"turns":3},{"damage":43,"enemies":"Hexaghost","floor":16,"turns":10},{"damage":51,"enemies":"Chosen","floor":18,"turns":8},{"damage":30,"enemies":"2 Thieves","floor":20,"turns":2}],"seed_played":"-156822918848422214","potions_obtained":[{"floor":3,"key":"EssenceOfDarkness"},{"floor":7,"key":"Weak Potion"},{"floor":10,"key":"DistilledChaos"},{"floor":10,"key":"Ancient Potion"},{"floor":14,"key":"SteroidPotion"},{"floor":18,"key":"FearPotion"}],"is_trial":false,"path_per_floor":["M","$","M","$","?","R","E","R","T","?","M","R","M","M","R","B",null,"M","$","M"],"character_chosen":"DEFECT","items_purchased":["Medical Kit","ClockworkSouvenir"],"campfire_rested":1,"item_purchase_floors":[2,19],"current_hp_per_floor":[64,64,64,64,64,64,44,66,66,66,66,66,62,59,59,16,60,9,24,0,0],"gold":52,"neow_bonus":"HUNDRED_GOLD","is_daily":false,"chose_seed":false,"campfire_upgraded":3,"win_rate":0.0,"timestamp":1612169303,"path_taken":["M","$","M","$","?","R","E","R","T","?","M","R","M","M","R","BOSS","M","$","M"],"items_purchased_type":["Relic","Relic"],"build_version":"2020-12-22","purchased_purges":1,"victory":false,"max_hp_per_floor":[75,75,75,75,75,75,75,75,75,75,75,75,75,75,75,75,75,75,75,75,75],"card_choices":[{"not_picked":["Hologram","Blizzard"],"picked":"Lockon","floor":1},{"not_picked":["Go for the Eyes","BootSequence"],"picked":"Gash","floor":3},{"not_picked":["Leap","Stack"],"picked":"Gash","floor":7},{"not_picked":["Force Field","Conserve Battery"],"picked":"Defragment","floor":11},{"not_picked":["Stack","Cold Snap"],"picked":"Hologram","floor":13},{"not_picked":["Ball Lightning","Chill"],"picked":"Defragment","floor":14},{"not_picked":["Echo Form","Rainbow"],"picked":"Fission","floor":16},{"not_picked":["Leap+1","Capacitor","Go for the Eyes"],"picked":"SKIP","floor":18}],"player_experience":2065446,"relics_obtained":[{"floor":7,"key":"Akabeko"},{"floor":9,"key":"MealTicket"}],"event_choices":[{"damage_healed":0,"gold_gain":0,"player_choice":"Ignored","damage_taken":0,"max_hp_gain":0,"max_hp_loss":0,"event_name":"Liars Game","floor":5,"gold_loss":0},{"damage_healed":0,"gold_gain":0,"player_choice":"Got Potions","damage_taken":0,"max_hp_gain":0,"max_hp_loss":0,"event_name":"Lab","floor":10,"gold_loss":0}],"is_beta":false,"boss_relics":[{"not_picked":["Runesmith:UraniumAnvil","Cursed Key"],"picked":"Inserter"}],"items_purged_floors":[4],"is_endless":false,"potions_floor_spawned":[3,7,14,18],"killed_by":"2 Thieves","ascension_level":10}}