{"host":"4jpe1m3cviuzvkch","time":1612187139,"event":{"mods":["BaseMod","Marisa£®ÏF”Í°°ƒß¿Ì…≥£©","Minty Spire (QoL Compilation)","Remilia£®¿Ÿ√◊¿Ú—«£©","StSLib","The Servant 0.9.4","Youmu£®ªÍ∆«—˝√Œ£©"],"gold_per_floor":[118,134,5,5,5,35,62,162,186,205,219,236,265,337,337,439,439,450,467,482,482,501,532,532,552,552,562,591,606,606,617,617,717,717,729,729,740,174,184,216,114,139,139,172,188,240,273,284,284,284],"floor_reached":51,"language":"ZHS","playtime":1812,"items_purged":["Defend_RM","Strike_RM"],"score":1192,"play_id":"8ea5c366-97e7-414d-a7d2-2f0bbfc2b942","local_time":"20210201214539","is_ascension_mode":true,"campfire_choices":[{"floor":15,"key":"REST"},{"data":"BatForm","floor":24,"key":"SMITH"},{"data":"EquivalentExchange","floor":30,"key":"SMITH"},{"data":"DiffusionOfMisfortune","floor":32,"key":"SMITH"},{"data":"DiffusionOfMisfortune","floor":49,"key":"SMITH"}],"circlet_count":0,"master_deck":["Strike_RM+1","Strike_RM+1","Defend_RM","Defend_RM","Defend_RM","RedMoon","ScarletShoot+1","DiffusionOfMisfortune+1","UnderTheZenith","DiffusionOfMisfortune+1","MastersStateliness","DiffusionOfMisfortune+1","LeisurelyOfLord","EquivalentExchange+1","ChaoticDestiny","ReincarnationDial+1","BatForm+1","DiffusionOfMisfortune+1","Maim","EquivalentExchange","DiffusionOfMisfortune+1","CeilingFear","ScarletDream+1","BadLadyScramble+1","BloodHunter+1"],"relics":["Snecko Eye","RedBat","Odd Mushroom","Bag of Marbles","Nunchaku","AntiCross","Philosopher\u0027s Stone","Anchor","HornCleat","Orichalcum","SlaversCollar","Potion Belt","Pantograph","Matryoshka","Peace Pipe","Whetstone","Toy Ornithopter","Regal Pillow","CatCart","Bottled Flame"],"acts_visited":["Exordium","TheCity","TheBeyond"],"potions_floor_usage":[20,20,45],"damage_taken":[{"damage":0,"enemies":"Cultist","floor":1,"turns":4},{"damage":0,"enemies":"Small Slimes","floor":2,"turns":2},{"damage":37,"enemies":"3 Sentries","floor":6,"turns":8},{"damage":0,"enemies":"The Mushroom Lair","floor":7,"turns":4},{"damage":0,"enemies":"2 Louse","floor":10,"turns":1},{"damage":0,"enemies":"2 Fungi Beasts","floor":11,"turns":2},{"damage":0,"enemies":"Gremlin Gang","floor":12,"turns":1},{"damage":15,"enemies":"Lagavulin","floor":13,"turns":5},{"damage":27,"enemies":"Hexaghost","floor":16,"turns":5},{"damage":0,"enemies":"Spheric Guardian","floor":18,"turns":1},{"damage":0,"enemies":"Chosen","floor":19,"turns":1},{"damage":11,"enemies":"Centurion and Healer","floor":20,"turns":2},{"damage":21,"enemies":"Shelled Parasite and Fungi","floor":22,"turns":2},{"damage":0,"enemies":"Gremlin Leader","floor":23,"turns":4},{"damage":5,"enemies":"Snake Plant","floor":25,"turns":2},{"damage":0,"enemies":"Sentry and Sphere","floor":27,"turns":2},{"damage":9,"enemies":"Book of Stabbing","floor":28,"turns":3},{"damage":4,"enemies":"3 Cultists","floor":29,"turns":2},{"damage":0,"enemies":"Chosen and Byrds","floor":31,"turns":2},{"damage":0,"enemies":"Automaton","floor":33,"turns":5},{"damage":5,"enemies":"3 Darklings","floor":35,"turns":3},{"damage":19,"enemies":"3 Shapes","floor":37,"turns":2},{"damage":36,"enemies":"Transient","floor":39,"turns":5},{"damage":3,"enemies":"Giant Head","floor":40,"turns":3},{"damage":0,"enemies":"Nemesis","floor":42,"turns":3},{"damage":0,"enemies":"Reptomancer","floor":44,"turns":3},{"damage":6,"enemies":"Spire Growth","floor":45,"turns":3},{"damage":0,"enemies":"Orin","floor":46,"turns":4},{"damage":0,"enemies":"Giant Head","floor":47,"turns":4},{"damage":3,"enemies":"3 Darklings","floor":48,"turns":3},{"damage":29,"enemies":"Donu and Deca","floor":50,"turns":4}],"seed_played":"-8236970221646340043","potions_obtained":[{"floor":7,"key":"AttackPotion"},{"floor":11,"key":"DuplicationPotion"},{"floor":13,"key":"Fire Potion"},{"floor":22,"key":"ColorlessPotion"},{"floor":27,"key":"DuplicationPotion"},{"floor":39,"key":"Energy Potion"},{"floor":45,"key":"SkillPotion"}],"is_trial":false,"path_per_floor":["M","M","$","?","?","E","?","?","T","M","M","M","E","T","R","B",null,"M","M","M","?","M","E","R","M","T","M","E","M","R","M","R","B",null,"M","?","M","$","M","E","$","E","T","E","M","?","E","M","R","B",null],"character_chosen":"REMILIA","items_purchased":["DiffusionOfMisfortune","Potion Belt","Pantograph","BlessingOfTheForge","DestinyDice"],"campfire_rested":1,"item_purchase_floors":[3,38,38,38,41],"current_hp_per_floor":[75,75,75,75,60,33,35,35,35,35,35,35,27,27,49,46,75,75,75,64,64,51,51,51,46,46,46,57,55,55,55,55,69,75,72,72,59,59,42,75,75,75,75,75,72,75,75,73,73,71],"gold":284,"neow_bonus":"BOSS_RELIC","is_daily":false,"chose_seed":false,"campfire_upgraded":4,"win_rate":0.0,"timestamp":1612187139,"path_taken":["M","M","$","?","?","E","?","?","T","M","?","M","E","?","R","BOSS","M","M","?","?","M","E","R","M","T","M","E","?","R","M","R","BOSS","M","?","M","$","M","E","?","E","T","E","?","?","E","M","R","BOSS"],"items_purchased_type":["Card","Relic","Relic","Potion","Potion"],"build_version":"2020-12-22","purchased_purges":2,"victory":true,"max_hp_per_floor":[75,75,75,75,75,75,75,75,75,75,75,75,75,75,75,75,75,75,75,75,75,75,75,75,75,75,75,75,75,75,75,75,75,75,75,75,75,75,75,75,75,75,75,75,75,75,75,75,75,75],"card_choices":[{"not_picked":["ScarletDevilSign","LeisurelyOfLord"],"picked":"DiffusionOfMisfortune","floor":1},{"not_picked":["NightDance","MiserableFate"],"picked":"UnderTheZenith","floor":2},{"not_picked":["MillenniumVampire","ScarletDevil","MastersStateliness"],"picked":"SKIP","floor":6},{"not_picked":["RedRainbow","UnderTheZenith","VampireKiss"],"picked":"SKIP","floor":10},{"not_picked":["MastersStateliness","RedRainbow"],"picked":"DiffusionOfMisfortune","floor":11},{"not_picked":["BloodHunter","ScarletDevilSign"],"picked":"LeisurelyOfLord","floor":12},{"not_picked":["EternalNight","BloodAndWine"],"picked":"EquivalentExchange","floor":13},{"not_picked":["HellCatastrophe","BloodRain"],"picked":"ChaoticDestiny","floor":16},{"not_picked":["ScarletDevil","NightDance+1","ForbiddenFruit"],"picked":"SKIP","floor":18},{"not_picked":["FavorOfDestiny","ScarletNetherworld","GlobalNightmare"],"picked":"SKIP","floor":19},{"not_picked":["NightDance","VampireFantasy+1","Stigmanizer"],"picked":"SKIP","floor":20},{"not_picked":["EmergencyRegeneration","AfternoonTea"],"picked":"ReincarnationDial+1","floor":22},{"not_picked":["DiffusionOfMisfortune","UnderTheZenith"],"picked":"BatForm","floor":23},{"not_picked":["VampireKiss","BombardNight"],"picked":"DiffusionOfMisfortune","floor":25},{"not_picked":["MiserableFate","ScarletDevil","TwelveNightmare"],"picked":"SKIP","floor":27},{"not_picked":["BloodHunter","BloodyMagicSquare","MillenniumVampire"],"picked":"SKIP","floor":28},{"not_picked":["CharismaGuard+1","BlasphemousPunishment","BombardNight"],"picked":"SKIP","floor":29},{"not_picked":["NightDance","MiserableFate"],"picked":"Maim","floor":31},{"not_picked":["ForecastOfChange","KillingBlow"],"picked":"EquivalentExchange","floor":33},{"not_picked":["TwelveNightmare+1","DevilSight","ScarletImprint+1"],"picked":"SKIP","floor":35},{"not_picked":["UnstableMagic","MiserableFate","NightDance+1"],"picked":"SKIP","floor":37},{"not_picked":["BombardNight+1","CharismaGuard+1","ScarletImprint+1"],"picked":"SKIP","floor":39},{"not_picked":["Stigmanizer","LeisurelyOfLord"],"picked":"CeilingFear","floor":40},{"not_picked":["Ultimatum","EmergencyRegeneration","UnderTheZenith+1"],"picked":"SKIP","floor":42},{"not_picked":["UnstableMagic","LeisurelyOfLord"],"picked":"ScarletDream+1","floor":44},{"not_picked":["NightDance","MillenniumVampire+1"],"picked":"BadLadyScramble+1","floor":45},{"not_picked":["UnderTheZenith+1","ScarletDevil","Stigmanizer"],"picked":"SKIP","floor":47},{"not_picked":["UnstableMagic+1","RedRainbow"],"picked":"BloodHunter+1","floor":48}],"player_experience":316782,"relics_obtained":[{"floor":6,"key":"RedBat"},{"floor":7,"key":"Odd Mushroom"},{"floor":9,"key":"Bag of Marbles"},{"floor":13,"key":"Nunchaku"},{"floor":14,"key":"AntiCross"},{"floor":23,"key":"Anchor"},{"floor":26,"key":"HornCleat"},{"floor":28,"key":"Orichalcum"},{"floor":40,"key":"Matryoshka"},{"floor":42,"key":"Peace Pipe"},{"floor":43,"key":"Whetstone"},{"floor":43,"key":"Toy Ornithopter"},{"floor":44,"key":"Regal Pillow"},{"floor":46,"key":"CatCart"},{"floor":47,"key":"Bottled Flame"}],"event_choices":[{"damage_healed":0,"gold_gain":0,"cards_transformed":["Strike_RM"],"player_choice":"Change","damage_taken":0,"max_hp_gain":0,"max_hp_loss":0,"event_name":"Living Wall","floor":4,"gold_loss":0,"cards_obtained":["MastersStateliness"]},{"damage_healed":0,"gold_gain":0,"player_choice":"Entered Light","damage_taken":15,"max_hp_gain":0,"max_hp_loss":0,"event_name":"Shining Light","floor":5,"gold_loss":0,"cards_upgraded":["ScarletShoot","DiffusionOfMisfortune"]},{"damage_healed":0,"gold_gain":0,"player_choice":"Fought Mushrooms","damage_taken":0,"max_hp_gain":0,"max_hp_loss":0,"event_name":"Mushrooms","floor":7,"gold_loss":0},{"damage_healed":0,"gold_gain":100,"player_choice":"Pray","damage_taken":0,"max_hp_gain":0,"max_hp_loss":0,"event_name":"Golden Shrine","floor":8,"gold_loss":0},{"damage_healed":0,"gold_gain":0,"player_choice":"Forge","damage_taken":0,"max_hp_gain":0,"max_hp_loss":0,"event_name":"Accursed Blacksmith","floor":21,"gold_loss":0,"cards_upgraded":["DiffusionOfMisfortune"]},{"damage_healed":0,"gold_gain":0,"player_choice":"Copied","damage_taken":0,"max_hp_gain":0,"max_hp_loss":0,"event_name":"Duplicator","floor":36,"gold_loss":0,"cards_obtained":["DiffusionOfMisfortune"]},{"damage_healed":0,"gold_gain":0,"player_choice":"Fight","damage_taken":0,"max_hp_gain":0,"max_hp_loss":0,"event_name":"OrinTheCat","floor":46,"gold_loss":0}],"is_beta":false,"boss_relics":[{"not_picked":["Sozu","Fusion Hammer"],"picked":"Philosopher\u0027s Stone"},{"not_picked":["Coffee Dripper","SacredBark"],"picked":"SlaversCollar"}],"items_purged_floors":[3,38],"is_endless":false,"potions_floor_spawned":[7,11,13,16,22,27,28,31,35,39,45,48],"ascension_level":3}}