{"host":"xg4r5pv6chpuampg","time":1612190209,"event":{"mods":["AchievementEnabler","BaseMod","Googly Eyes","Minty Spire (QoL Compilation)"],"gold_per_floor":[112,127,137,148,166,166,196,208,283,383,396,396,396,407,407,504,504,518,536,547,547,547,577,587,91,139,155,169,169,169,186,186,304,304,315,315,335,335,345,345,345,345,345],"floor_reached":42,"language":"ENG","playtime":1952,"items_purged":[],"score":426,"play_id":"bbd95eb6-e494-4b14-9cf1-9d558eebf281","local_time":"20210201173649","is_ascension_mode":false,"campfire_choices":[{"data":"Poisoned Stab","floor":6,"key":"SMITH"},{"floor":12,"key":"REST"},{"floor":15,"key":"REST"},{"floor":29,"key":"REST"},{"floor":32,"key":"REST"},{"floor":40,"key":"REST"}],"circlet_count":0,"master_deck":["Strike_G+1","Strike_G+1","Strike_G+1","Strike_G+1","Defend_G+1","Defend_G+1","Defend_G+1","Defend_G+1","Survivor","Poisoned Stab+1","All Out Attack","Backstab","Adrenaline","Bullet Time","PiercingWail","Backstab","Crippling Poison","Corpse Explosion","PiercingWail","Finisher+1","Predator","PiercingWail+1","Deadly Poison","Die Die Die","Bane","Bouncing Flask","Corpse Explosion","Poisoned Stab+1"],"relics":["Black Star","Centennial Puzzle","Shuriken","Letter Opener","CaptainsWheel","Philosopher\u0027s Stone","Vajra","WingedGreaves","MealTicket","Juzu Bracelet","Regal Pillow","Empty Cage"],"acts_visited":["Exordium","TheCity","TheBeyond"],"potions_floor_usage":[7,16,16,16,18,33,33,42,42],"damage_taken":[{"damage":0,"enemies":"Cultist","floor":1,"turns":5},{"damage":6,"enemies":"Jaw Worm","floor":2,"turns":4},{"damage":7,"enemies":"2 Louse","floor":3,"turns":2},{"damage":4,"enemies":"Red Slaver","floor":4,"turns":4},{"damage":0,"enemies":"2 Fungi Beasts","floor":5,"turns":2},{"damage":20,"enemies":"3 Sentries","floor":7,"turns":8},{"damage":0,"enemies":"Looter","floor":8,"turns":2},{"damage":12,"enemies":"Gremlin Gang","floor":11,"turns":4},{"damage":2,"enemies":"Blue Slaver","floor":14,"turns":2},{"damage":54,"enemies":"Slime Boss","floor":16,"turns":10},{"damage":22,"enemies":"2 Thieves","floor":18,"turns":3},{"damage":7,"enemies":"Spheric Guardian","floor":19,"turns":6},{"damage":22,"enemies":"Centurion and Healer","floor":20,"turns":6},{"damage":17,"enemies":"Slavers","floor":23,"turns":2},{"damage":0,"enemies":"Snake Plant","floor":24,"turns":2},{"damage":6,"enemies":"Shelled Parasite and Fungi","floor":27,"turns":5},{"damage":12,"enemies":"Chosen and Byrds","floor":28,"turns":4},{"damage":1,"enemies":"Snecko","floor":31,"turns":4},{"damage":5,"enemies":"Champ","floor":33,"turns":6},{"damage":17,"enemies":"3 Darklings","floor":35,"turns":2},{"damage":12,"enemies":"Orb Walker","floor":37,"turns":3},{"damage":18,"enemies":"Jaw Worm Horde","floor":39,"turns":3},{"damage":92,"enemies":"Giant Head","floor":42,"turns":7}],"seed_played":"2597941884189453033","potions_obtained":[{"floor":1,"key":"Regen Potion"},{"floor":2,"key":"Block Potion"},{"floor":5,"key":"ColorlessPotion"},{"floor":7,"key":"FearPotion"},{"floor":14,"key":"Weak Potion"},{"floor":16,"key":"Explosive Potion"},{"floor":20,"key":"Strength Potion"},{"floor":24,"key":"ColorlessPotion"},{"floor":27,"key":"Dexterity Potion"},{"floor":31,"key":"Energy Potion"},{"floor":37,"key":"BlessingOfTheForge"}],"is_trial":false,"path_per_floor":["M","M","M","M","M","R","E","M","T","?","M","R","?","M","R","B",null,"M","M","M","?","?","E","M","$","T","M","M","R","?","M","R","B",null,"M","?","M","?","M","R","?","E"],"character_chosen":"THE_SILENT","items_purchased":["MealTicket","Juzu Bracelet","Deadly Poison","Die Die Die"],"campfire_rested":5,"item_purchase_floors":[25,25,25,25],"current_hp_per_floor":[70,64,57,53,53,53,33,33,33,33,21,42,42,40,61,22,70,48,41,19,42,42,25,25,25,25,19,7,43,43,42,70,65,70,53,53,41,41,23,59,70,0,0],"gold":345,"neow_bonus":"BOSS_RELIC","is_daily":false,"chose_seed":false,"campfire_upgraded":1,"win_rate":0.0,"timestamp":1612190209,"path_taken":["M","M","?","M","M","R","E","M","T","?","?","R","?","M","R","BOSS","M","M","?","?","?","E","?","$","T","M","M","R","?","M","R","BOSS","M","?","M","?","M","R","?","E"],"items_purchased_type":["Relic","Relic","Card","Card"],"build_version":"2020-12-22","purchased_purges":0,"victory":false,"max_hp_per_floor":[70,70,70,70,70,70,70,70,70,70,70,70,70,70,70,70,70,70,70,70,70,70,70,70,70,70,70,70,70,70,70,70,70,70,70,70,70,70,70,70,70,70,70],"card_choices":[{"not_picked":["Endless Agony","Backstab"],"picked":"Poisoned Stab","floor":1},{"not_picked":["Quick Slash","Footwork"],"picked":"All Out Attack","floor":2},{"not_picked":["Masterful Stab","Reflex","Well Laid Plans"],"picked":"SKIP","floor":3},{"not_picked":["Blade Dance","Slice"],"picked":"Backstab","floor":4},{"not_picked":["Masterful Stab","Underhanded Strike"],"picked":"Adrenaline","floor":5},{"not_picked":["Cloak And Dagger","Distraction"],"picked":"Bullet Time","floor":7},{"not_picked":["Quick Slash","All Out Attack"],"picked":"PiercingWail","floor":8},{"not_picked":["Blade Dance","Deflect"],"picked":"Backstab","floor":11},{"not_picked":["Heel Hook","Phantasmal Killer"],"picked":"Crippling Poison","floor":14},{"not_picked":["Bullet Time","Adrenaline"],"picked":"Corpse Explosion","floor":16},{"not_picked":["Dagger Throw","Outmaneuver+1"],"picked":"PiercingWail","floor":18},{"not_picked":["Flying Knee","Accuracy"],"picked":"Terror","floor":19},{"not_picked":["Masterful Stab","Outmaneuver"],"picked":"Finisher+1","floor":20},{"not_picked":["Underhanded Strike","Backflip"],"picked":"Predator","floor":23},{"not_picked":["Cloak And Dagger","Dagger Spray"],"picked":"PiercingWail+1","floor":24},{"not_picked":["Underhanded Strike","Crippling Poison"],"picked":"Bane","floor":27},{"not_picked":["Cloak And Dagger","Bane"],"picked":"Bouncing Flask","floor":28},{"not_picked":["Phantasmal Killer","Sucker Punch","Dodge and Roll"],"picked":"SKIP","floor":31},{"not_picked":["Malaise","Doppelganger"],"picked":"Corpse Explosion","floor":33},{"not_picked":["Blade Dance","Riddle With Holes+1"],"picked":"Poisoned Stab+1","floor":35},{"not_picked":["PiercingWail+1","Dash+1","Cloak And Dagger"],"picked":"SKIP","floor":37},{"not_picked":["Acrobatics+1","Footwork","Sucker Punch"],"picked":"SKIP","floor":39}],"player_experience":38325,"relics_obtained":[{"floor":7,"key":"Centennial Puzzle"},{"floor":7,"key":"Shuriken"},{"floor":9,"key":"Letter Opener"},{"floor":23,"key":"Vajra"},{"floor":23,"key":"WingedGreaves"},{"floor":26,"key":"Regal Pillow"}],"event_choices":[{"damage_healed":0,"gold_gain":100,"player_choice":"Pray","damage_taken":0,"max_hp_gain":0,"max_hp_loss":0,"event_name":"Golden Shrine","floor":10,"gold_loss":0},{"damage_healed":0,"gold_gain":0,"player_choice":"Gave Potion","damage_taken":0,"relics_obtained":["CaptainsWheel"],"max_hp_gain":0,"max_hp_loss":0,"event_name":"WeMeetAgain","floor":13,"gold_loss":0},{"damage_healed":23,"gold_gain":0,"player_choice":"Heal","damage_taken":0,"max_hp_gain":0,"max_hp_loss":0,"event_name":"The Library","floor":21,"gold_loss":0},{"damage_healed":0,"gold_gain":0,"player_choice":"Ignored","damage_taken":0,"max_hp_gain":0,"max_hp_loss":0,"event_name":"NoteForYourself","floor":22,"gold_loss":0},{"damage_healed":0,"gold_gain":0,"player_choice":"Simplicity","damage_taken":0,"max_hp_gain":0,"max_hp_loss":0,"event_name":"Back to Basics","floor":30,"gold_loss":0,"cards_upgraded":["Strike_G","Strike_G","Strike_G","Strike_G","Strike_G","Defend_G","Defend_G","Defend_G","Defend_G","Defend_G"]},{"damage_healed":0,"gold_gain":0,"player_choice":"0 cards matched","damage_taken":0,"max_hp_gain":0,"max_hp_loss":0,"event_name":"Match and Keep!","floor":36,"gold_loss":0,"cards_obtained":[]},{"cards_removed":["Neutralize"],"damage_healed":0,"gold_gain":0,"player_choice":"Removed Attack","damage_taken":0,"max_hp_gain":0,"max_hp_loss":0,"event_name":"Falling","floor":38,"gold_loss":0},{"cards_removed":["Terror"],"damage_healed":11,"gold_gain":0,"player_choice":"Offered Uncommon","damage_taken":0,"max_hp_gain":0,"max_hp_loss":0,"event_name":"Bonfire Elementals","floor":41,"gold_loss":0}],"is_beta":false,"boss_relics":[{"not_picked":["Ectoplasm","Snecko Eye"],"picked":"Philosopher\u0027s Stone"},{"not_picked":["Sozu","Pandora\u0027s Box"],"picked":"Empty Cage"}],"items_purged_floors":[],"is_endless":false,"potions_floor_spawned":[1,2,5,7,11,14,16,20,24,27,31,37],"killed_by":"Giant Head","ascension_level":0}}