{"host":"gf8hyl7jhl0is674","time":1612217890,"event":{"mods":["2.2 Compatiblity","Act Like it!","Aspiration","BaseMod","CapriCore","Chen","Colored Map","Gensokyo","Koishi","Marisa????????","Minty Spire (QoL Compilation)","Onozuka Komachi Mod","Permanent Neow","Reimu??????","StSLib","The Administrix","The Blue Laboratory","The Immortal","The Jungle","The Servant 0.9.4","Waifu the Spire","Yakumo Yukari mod"],"gold_per_floor":[219,219,72,91,91,91,129,154,180,180,36,54,75,96,96,220,220,238,238,238,13,29,63,63,77,125,125,151,151,162,173,173,273,273,289,289,87,99,115,115,126,153,176,176,176,193,226,244,244,244,244,244,39,73,73,73],"floor_reached":55,"language":"ENG","playtime":3158,"items_purged":["Strike_B","Strike_B","Defend_B"],"score":794,"play_id":"257f5d0c-aede-4ff7-8745-d256caf7b4e0","local_time":"20210201151810","is_ascension_mode":false,"campfire_choices":[{"data":"Zap","floor":6,"key":"SMITH"},{"floor":10,"key":"REST"},{"floor":15,"key":"RECALL"},{"data":"Go for the Eyes","floor":24,"key":"SMITH"},{"data":"Dualcast","floor":27,"key":"SMITH"},{"floor":32,"key":"REST"},{"data":"Consume","floor":40,"key":"SMITH"},{"data":"Impatience","floor":49,"key":"SMITH"},{"data":"Reinforced Body","floor":52,"key":"SMITH"}],"circlet_count":0,"master_deck":["Strike_B","Strike_B","Defend_B","Defend_B+1","Defend_B","Zap+1","Dualcast+1","Go for the Eyes+1","Reinforced Body+1","Auto Shields+1","Consume+1","Echo Form","Flash of Steel","Capacitor","Capacitor+1","Cold Snap","Multi-Cast","Self Repair+1","White Noise+1","Purity","Madness","Impatience+1","BootSequence+1","Loop+1","Skim+1","Core Surge","Static Discharge","Undo+1"],"relics":["FrozenCore","Bloody Idol","Strawberry","Singing Bowl","Oddly Smooth Stone","Lee\u0027s Waffle","Sozu","Omamori","Bottled Flame","Smiling Mask","aspiration:Lifesprig","War Paint","Mercury Hourglass","Mastiff:ReiMu","Mango","Lantern"],"acts_visited":["Exordium","TheCity","TheBeyond","TheEnding"],"potions_floor_usage":[23,23,23],"damage_taken":[{"damage":11,"enemies":"Jaw Worm","floor":1,"turns":3},{"damage":0,"enemies":"2 Louse","floor":4,"turns":3},{"damage":47,"enemies":"Gremlin Nob","floor":7,"turns":6},{"damage":0,"enemies":"Small Slimes","floor":8,"turns":2},{"damage":2,"enemies":"Gremlin Gang","floor":12,"turns":6},{"damage":1,"enemies":"Blue Slaver","floor":13,"turns":4},{"damage":0,"enemies":"Looter","floor":14,"turns":3},{"damage":14,"enemies":"Hexaghost","floor":16,"turns":9},{"damage":10,"enemies":"Spheric Guardian","floor":18,"turns":4},{"damage":3,"enemies":"Chosen","floor":22,"turns":6},{"damage":33,"enemies":"Slavers","floor":23,"turns":4},{"damage":12,"enemies":"Centurion and Healer","floor":25,"turns":9},{"damage":36,"enemies":"Book of Stabbing","floor":28,"turns":7},{"damage":6,"enemies":"Shelled Parasite and Fungi","floor":30,"turns":8},{"damage":18,"enemies":"Snecko","floor":31,"turns":6},{"damage":28,"enemies":"Champ","floor":33,"turns":12},{"damage":0,"enemies":"3 Shapes","floor":35,"turns":9},{"damage":14,"enemies":"Orb Walker","floor":38,"turns":6},{"damage":14,"enemies":"Jaw Worm Horde","floor":39,"turns":7},{"damage":28,"enemies":"Transient","floor":41,"turns":5},{"damage":0,"enemies":"Giant Head","floor":42,"turns":10},{"damage":0,"enemies":"Spire Growth","floor":46,"turns":8},{"damage":33,"enemies":"Nemesis","floor":47,"turns":9},{"damage":1,"enemies":"Maw","floor":48,"turns":9},{"damage":38,"enemies":"Donu and Deca","floor":50,"turns":12},{"damage":57,"enemies":"Shield and Spear","floor":54,"turns":7},{"damage":89,"enemies":"The Heart","floor":55,"turns":15}],"seed_played":"8740125929578795723","potions_obtained":[{"floor":7,"key":"blueLaboratory:RelayPotion"},{"floor":12,"key":"blueLaboratory:RelayPotion"},{"floor":14,"key":"blueLaboratory:CoolantVial"}],"is_trial":false,"path_per_floor":["M","?","$","M","T","R","E","M","T","R","$","M","M","M","R","B",null,"M","?","?","$","M","E","R","M","T","R","E","?","M","M","R","B",null,"M","?","$","M","M","R","M","E","T","?","?","M","E","M","R","B",null,"R","$","E","B"],"character_chosen":"DEFECT","items_purchased":["Strawberry","Lee\u0027s Waffle","Omamori","War Paint","Core Surge","Static Discharge"],"campfire_rested":2,"item_purchase_floors":[3,11,21,37,53,53],"current_hp_per_floor":[64,46,53,53,53,53,6,6,6,30,89,87,86,88,88,74,91,83,83,83,83,85,59,59,52,57,57,26,26,27,16,45,22,99,99,99,99,99,101,101,80,97,102,92,92,105,101,115,115,87,119,119,119,87,0,0],"gold":73,"neow_bonus":"HUNDRED_GOLD","is_daily":false,"chose_seed":false,"campfire_upgraded":6,"win_rate":0.0,"timestamp":1612217890,"path_taken":["M","?","$","M","?","R","E","M","T","R","$","M","M","M","R","BOSS","M","?","?","$","?","E","R","M","T","R","E","?","M","M","R","BOSS","M","?","$","M","M","R","M","E","T","?","?","M","E","M","R","BOSS","R","$","E","BOSS"],"items_purchased_type":["Relic","Relic","Relic","Relic","Card","Card"],"build_version":"2020-12-22","purchased_purges":3,"victory":false,"max_hp_per_floor":[75,75,82,82,82,82,82,82,82,82,89,89,89,91,91,91,91,93,93,93,93,93,95,95,95,95,95,95,95,97,99,99,99,99,99,99,99,99,101,101,103,105,105,105,105,105,119,119,119,119,119,119,119,119,119,119],"card_choices":[{"not_picked":["Rebound","Static Discharge"],"picked":"Go for the Eyes","floor":1},{"not_picked":["Hologram","Tempest","Gash"],"picked":"SKIP","floor":4},{"not_picked":["Force Field","Sweeping Beam"],"picked":"Reinforced Body","floor":7},{"not_picked":["Coolheaded","Steam"],"picked":"Auto Shields","floor":8},{"not_picked":["Streamline","Steam"],"picked":"Doom and Gloom","floor":12},{"not_picked":["Reprogram","Conserve Battery"],"picked":"Consume","floor":13},{"not_picked":["Reprogram","Hologram","Blizzard"],"picked":"Singing Bowl","floor":14},{"not_picked":["Multi-Cast","Amplify"],"picked":"Echo Form","floor":16},{"not_picked":["Beam Cell","Gash+1","Stack"],"picked":"Singing Bowl","floor":18},{"not_picked":["Undo","Electrodynamics"],"picked":"Capacitor","floor":22},{"not_picked":["Ball Lightning","Static Discharge+1","Coolheaded"],"picked":"Singing Bowl","floor":23},{"not_picked":["Recycle","Self Repair"],"picked":"Capacitor+1","floor":25},{"not_picked":["Steam Power","Static Discharge+1"],"picked":"Cold Snap","floor":28},{"not_picked":["Storm","Beam Cell","Sweeping Beam+1"],"picked":"Singing Bowl","floor":30},{"not_picked":["Streamline+1","Redo","White Noise"],"picked":"Singing Bowl","floor":31},{"not_picked":["Hyperbeam","Reboot"],"picked":"Multi-Cast","floor":33},{"not_picked":["Conserve Battery","Static Discharge"],"picked":"Self Repair+1","floor":35},{"not_picked":["Gash","Rip and Tear+1"],"picked":"White Noise+1","floor":38},{"not_picked":["Beam Cell+1","Hello World","Consume+1"],"picked":"Singing Bowl","floor":39},{"not_picked":["Beam Cell+1","Reinforced Body+1","Conserve Battery"],"picked":"Singing Bowl","floor":41},{"not_picked":["Turbo+1","Rainbow","Go for the Eyes"],"picked":"Singing Bowl","floor":42},{"not_picked":["Mind Blast","Flash of Steel"],"picked":"Purity","floor":44},{"not_picked":["Purity","Secret Weapon"],"picked":"Madness","floor":44},{"not_picked":["Trip","Purity"],"picked":"Impatience","floor":44},{"not_picked":["Steam+1","Leap+1"],"picked":"BootSequence+1","floor":46},{"not_picked":["Sunder+1","Beam Cell+1"],"picked":"Loop+1","floor":47},{"not_picked":["Go for the Eyes","Gash+1"],"picked":"Skim+1","floor":48},{"not_picked":["Sunder","Blizzard+1"],"picked":"Undo+1","floor":54}],"player_experience":387315,"relics_obtained":[{"floor":5,"key":"Singing Bowl"},{"floor":7,"key":"Oddly Smooth Stone"},{"floor":23,"key":"Bottled Flame"},{"floor":26,"key":"Smiling Mask"},{"floor":28,"key":"aspiration:Lifesprig"},{"floor":42,"key":"Mercury Hourglass"},{"floor":43,"key":"Mastiff:ReiMu"},{"floor":47,"key":"Mango"},{"floor":54,"key":"Lantern"}],"event_choices":[{"damage_healed":0,"gold_gain":0,"player_choice":"Take Damage","damage_taken":18,"relics_obtained":["Golden Idol"],"max_hp_gain":0,"max_hp_loss":0,"event_name":"Golden Idol","floor":2,"gold_loss":0},{"damage_healed":0,"gold_gain":0,"player_choice":"Gave Idol","damage_taken":0,"relics_obtained":["Bloody Idol"],"max_hp_gain":0,"max_hp_loss":0,"event_name":"Forgotten Altar","floor":19,"relics_lost":["Golden Idol"],"gold_loss":0},{"damage_healed":0,"gold_gain":0,"player_choice":"1 cards matched","damage_taken":0,"max_hp_gain":0,"max_hp_loss":0,"event_name":"Match and Keep!","floor":20,"gold_loss":0,"cards_obtained":["Flash of Steel"]},{"damage_healed":0,"gold_gain":0,"player_choice":"Ignored","damage_taken":0,"max_hp_gain":0,"max_hp_loss":0,"event_name":"Ghosts","floor":29,"gold_loss":0},{"damage_healed":0,"gold_gain":0,"player_choice":"Ignored","damage_taken":0,"max_hp_gain":0,"max_hp_loss":0,"event_name":"Tomb of Lord Red Mask","floor":36,"gold_loss":0},{"damage_healed":0,"gold_gain":0,"player_choice":"Memory 3","damage_taken":10,"max_hp_gain":0,"max_hp_loss":0,"event_name":"SensoryStone","floor":44,"gold_loss":0},{"cards_removed":["Doom and Gloom"],"damage_healed":0,"gold_gain":0,"player_choice":"Removed Attack","damage_taken":0,"max_hp_gain":0,"max_hp_loss":0,"event_name":"Falling","floor":45,"gold_loss":0}],"is_beta":false,"boss_relics":[{"not_picked":["Runic Dome","SlaversCollar"],"picked":"Sozu"},{"not_picked":["Cursed Key","aspiration:RitualDagger"],"picked":"FrozenCore"}],"items_purged_floors":[21,37,53],"is_endless":false,"potions_floor_spawned":[7,12,14,22,25,28,41,42,46,54],"killed_by":"The Heart","ascension_level":0}}