{"host":"pesfwaef25r60kxm","time":1612197160,"event":{"mods":["ATMod(阿瑾Mod)","Act Like it!","Arknights","BaseMod","Colored Powertips","Downfall","Gensokyo","Minty Spire (QoL Compilation)","Pale of the Ancients","Replay The Spire","RumiaBox-露米娅的神秘盒子","Shop Mod","Spicy Shops","StSLib","Waifu the Spire","WarShipGirlsR/战舰少女R mod","[IsaacMod]以撒尖塔","noobMod","【功能Mod】聪明的最终Boss","【遗物卡牌】REMEMod"],"gold_per_floor":[116,116,128,141,160,160,172,204,204,129,129,161,178,193,193,288,288,305,80,80,9,9,42,42,42,69,83,83,112,122,133,133,231,231,244,255,255,105,122,153,153,153,153,169,201,201,201,220,220,220,232,232,232],"floor_reached":52,"language":"ZHS","playtime":1260,"items_purged":["ats:Defend","ats:Defend","ats:Defend","ats:Defend","ats:Strike C","ats:Strike V"],"score":1022,"play_id":"4078de36-2178-40cc-8e9a-891c8d1c42dd","local_time":"20210202003240","is_ascension_mode":true,"campfire_choices":[{"data":"ats:Shadow Assault","floor":6,"key":"SMITH"},{"floor":15,"key":"DIG"},{"data":"ats:Disruption Kick","floor":24,"key":"SMITH"},{"data":"ats:Flexible Camouflage","floor":28,"key":"SMITH"},{"floor":32,"key":"RECALL"},{"data":"Madness","floor":46,"key":"SMITH"},{"data":"Madness","floor":49,"key":"SMITH"}],"circlet_count":0,"master_deck":["ats:Strike G","ats:Strike S","ats:Armor Crushing Shot","ats:Emotion Absorption","AT_Desolate","REME_BuildACard","ats:Poison Spread","ats:Shadow Assault+1","ats:Neurotoxin","ats:Demon Strength","ats:Red Shift","ats:Explosion Area Strengthen","ats:Disruption Kick+1","ats:Flexible Camouflage+1","ats:Rapid Magazine","ats:Consecutive Shot Auto","ats:True Silver Slash","ats:Calcification","ats:Overload","Madness+1","Madness+1","Flash of Steel","ats:Overload+1","ats:Shadow Assault"],"relics":["ats:Sanity","HushsDoor","ice","REME_ComplimentaryCards","AT_ATBox","NineVolt","Bag of Marbles","AddBug","SecretRecord","SecretRecord","SecretRecord","SecretRecord","SecretRecord","AddBug","SecretRecord","SecretRecord"],"acts_visited":["Exordium","TheCity","TheBeyond","TheBeyond"],"potions_floor_usage":[16,29,51],"damage_taken":[{"damage":6,"enemies":"Gensokyo:Python","floor":1,"turns":3},{"damage":2,"enemies":"Gensokyo:Gryphon","floor":3,"turns":3},{"damage":0,"enemies":"Gensokyo:3_Fairies","floor":4,"turns":2},{"damage":12,"enemies":"Gensokyo:2_Rabbits","floor":5,"turns":3},{"damage":0,"enemies":"Gensokyo:3_Kodama","floor":7,"turns":1},{"damage":34,"enemies":"Gensokyo:Cirno","floor":8,"turns":6},{"damage":14,"enemies":"Gensokyo:Aya","floor":12,"turns":3},{"damage":0,"enemies":"Gensokyo:VengefulSpirit","floor":13,"turns":2},{"damage":0,"enemies":"Gensokyo:Python_and_Kodama","floor":14,"turns":2},{"damage":0,"enemies":"Gensokyo:Reimu","floor":16,"turns":6},{"damage":5,"enemies":"3 Byrds","floor":18,"turns":3},{"damage":27,"enemies":"Gremlin Leader","floor":23,"turns":6},{"damage":20,"enemies":"2 Thieves","floor":27,"turns":2},{"damage":25,"enemies":"Slavers","floor":29,"turns":2},{"damage":10,"enemies":"Chosen and Byrds","floor":30,"turns":3},{"damage":0,"enemies":"Cultist and Chosen","floor":31,"turns":1},{"damage":0,"enemies":"Champ","floor":33,"turns":2},{"damage":8,"enemies":"Orb Walker","floor":35,"turns":2},{"damage":6,"enemies":"3 Shapes","floor":36,"turns":1},{"damage":11,"enemies":"3 Darklings","floor":39,"turns":2},{"damage":0,"enemies":"Reptomancer","floor":40,"turns":3},{"damage":0,"enemies":"Transient","floor":44,"turns":5},{"damage":0,"enemies":"Nemesis","floor":45,"turns":1},{"damage":0,"enemies":"Maw","floor":48,"turns":2},{"damage":83,"enemies":"Awakened One","floor":50,"turns":7},{"damage":40,"enemies":"Awakened One","floor":51,"turns":4},{"damage":154,"enemies":"Awakened One","floor":52,"turns":1}],"seed_played":"-1241790322402876634","potions_obtained":[{"floor":3,"key":"Ancient Potion"},{"floor":12,"key":"AttackPotion"},{"floor":13,"key":"champ:CounterPotion"},{"floor":16,"key":"Toxic Potion"},{"floor":29,"key":"Cursed Concoction"}],"is_trial":false,"path_per_floor":["M","?","M","M","M","R","M","E","T","$","?","E","M","M","R","B",null,"M","$","?","$","?","E","R","T","T","M","R","E","M","M","R","B",null,"M","M","?","$","M","E","$","?","T","M","E","R","?","M","R","B","M","M"],"character_chosen":"DOCTOR_CLASS","items_purchased":["ats:Rapid Magazine"],"campfire_rested":0,"item_purchase_floors":[21],"current_hp_per_floor":[66,51,49,49,37,37,37,72,72,72,72,58,58,58,58,58,70,65,65,65,65,65,38,38,38,38,18,18,68,58,58,58,58,77,69,63,53,53,42,48,48,48,48,68,68,68,53,60,60,124,154,0,0],"gold":232,"neow_bonus":"RANDOM_COMMON_RELIC","is_daily":false,"chose_seed":false,"campfire_upgraded":5,"win_rate":0.0,"timestamp":1612197160,"path_taken":["M","?","M","M","M","R","?","E","T","$","?","E","M","M","R","BOSS","M","$","?","$","?","E","R","?","T","M","R","E","M","M","R","BOSS","M","M","?","$","M","E","$","?","T","?","E","R","?","M","R","BOSS","M","M"],"items_purchased_type":["Card"],"build_version":"2020-12-22","purchased_purges":6,"victory":false,"max_hp_per_floor":[72,72,72,72,72,72,72,72,72,72,72,74,74,74,74,75,70,75,75,75,75,75,78,78,78,78,80,80,82,84,84,84,84,77,78,80,80,80,81,81,81,81,81,86,86,86,86,86,86,124,154,196,196],"card_choices":[{"not_picked":[],"picked":"ChaosCard","floor":0},{"not_picked":["ats:Revitalization","ats:Leaping Hammer"],"picked":"ats:Poison Spread","floor":1},{"not_picked":["ats:Cat Scratch","ats:Poison Spread"],"picked":"ats:Shadow Assault","floor":3},{"not_picked":["ats:Apocalypse","ats:Hook Shot"],"picked":"ats:Neurotoxin","floor":4},{"not_picked":["ats:Part Time Job","ats:Defend Order"],"picked":"ats:Demon Strength","floor":5},{"not_picked":["ats:Sashimi Platter","ats:Flame Of Heaven"],"picked":"ats:Red Shift","floor":7},{"not_picked":["ats:Automatic Cover","ats:Healing Drone","ats:Very Hot Blade"],"picked":"SKIP","floor":8},{"not_picked":["ats:Composite Medical Shells","ats:Cat Scratch","ats:Guard Mode"],"picked":"SKIP","floor":12},{"not_picked":["ats:Very Hot Blade","ats:Ignite","ats:Healing Drone"],"picked":"SKIP","floor":13},{"not_picked":["ats:Calcification","ats:Assault Order"],"picked":"ats:Explosion Area Strengthen","floor":14},{"not_picked":["ats:Durian","ats:Rat Pack"],"picked":"ats:Disruption Kick","floor":16},{"not_picked":["ats:Demon Strength+1","ats:Blood Oath"],"picked":"ats:Flexible Camouflage","floor":18},{"not_picked":["ats:Apocalypse+1","ats:Collapsing Strike"],"picked":"ats:Consecutive Shot Auto","floor":23},{"not_picked":["ats:Automatic Cover+1","ats:Leaping Hammer","ats:Poison Spread+1"],"picked":"SKIP","floor":27},{"not_picked":["ats:Cat Scratch+1","ats:Shell Defense+1","ats:Part Time Job"],"picked":"SKIP","floor":29},{"not_picked":["ats:Leaping Hammer","ats:Consecutive Shot Auto","ats:Assault Order"],"picked":"SKIP","floor":30},{"not_picked":["ats:Apocalypse","ats:Flexible Camouflage"],"picked":"ats:True Silver Slash","floor":31},{"not_picked":["ats:Disruption Kick","ats:Durian"],"picked":"ats:Calcification","floor":33},{"not_picked":["ats:Poison Spread+1","ats:Cat Scratch","ats:Healing Drone+1"],"picked":"SKIP","floor":35},{"not_picked":["ats:Shadow Raid+1","ats:Shell Defense+1"],"picked":"ats:Overload","floor":36},{"not_picked":["ats:Composite Medical Shells","ats:Leaping Hammer+1","ats:Sword Rain+1"],"picked":"SKIP","floor":39},{"not_picked":["ats:Closed Bolt Burst Fire","ats:Guard Mode","ats:Steam Pump"],"picked":"SKIP","floor":40},{"not_picked":["ReplayTheSpireMod:Private Reserves","REME_TwoStrings"],"picked":"Flash of Steel","floor":42},{"not_picked":["ats:Curse Doll+1","ats:Guardian Obelisk"],"picked":"ats:Overload+1","floor":44},{"not_picked":["ats:Blood Oath+1","ats:Poison Spread+1","ats:Beaten Up"],"picked":"SKIP","floor":45},{"not_picked":["ats:Hammer On+1","ats:Absolute Focus+1"],"picked":"ats:Shadow Assault","floor":48},{"not_picked":["ats:Guardian Obelisk","ats:Shell Defense","ats:Leaping Hammer+1"],"picked":"SKIP","floor":51}],"player_experience":132753,"relics_obtained":[{"floor":1,"key":"AddBug"},{"floor":5,"key":"SecretRecord"},{"floor":8,"key":"ats:Originium"},{"floor":8,"key":"AT_LudenTempest"},{"floor":12,"key":"ats:Originium"},{"floor":12,"key":"ats:Lavender"},{"floor":14,"key":"SecretRecord"},{"floor":15,"key":"PokeGo"},{"floor":23,"key":"SecretRecord"},{"floor":23,"key":"ats:Originium"},{"floor":23,"key":"Whetstone"},{"floor":25,"key":"Matryoshka"},{"floor":26,"key":"War Paint"},{"floor":29,"key":"ats:Originium"},{"floor":29,"key":"The Courier"},{"floor":33,"key":"SecretRecord"},{"floor":35,"key":"NineVolt"},{"floor":40,"key":"ats:Originium"},{"floor":40,"key":"Anchor"},{"floor":43,"key":"HowToJump"},{"floor":45,"key":"SecretRecord"},{"floor":45,"key":"ats:Originium"},{"floor":45,"key":"REME_LimitBreaker"},{"floor":51,"key":"SecretRecord"},{"floor":51,"key":"AT_ATBox"},{"floor":51,"key":"paleoftheancients:SoulOfTheWatcher"}],"event_choices":[{"damage_healed":0,"gold_gain":0,"player_choice":"Ignored","damage_taken":0,"max_hp_gain":0,"max_hp_loss":0,"event_name":"Ghosts","floor":20,"gold_loss":0},{"damage_healed":0,"gold_gain":0,"player_choice":"Embrace Madness","damage_taken":10,"max_hp_gain":0,"max_hp_loss":0,"event_name":"Winding Halls","floor":37,"gold_loss":0,"cards_obtained":["Madness","Madness"]},{"damage_healed":0,"gold_gain":0,"player_choice":"Memory 1","damage_taken":0,"max_hp_gain":0,"max_hp_loss":0,"event_name":"SensoryStone","floor":42,"gold_loss":0}],"is_beta":false,"boss_relics":[{"not_picked":["Replay:Grab Bag","Runic Pyramid"],"picked":"Sozu"},{"not_picked":[]},{"not_picked":["Velvet Choker","REME_DemonsWealth"],"picked":"AddBug"},{"not_picked":[]}],"items_purged_floors":[10,17,19,19,34,38],"is_endless":false,"potions_floor_spawned":[3,12,13,16,27,29,30,35,40,44,45],"killed_by":"Awakened One","ascension_level":1}}