{"host":"jpcy2bclvs7juczu","time":1612144272,"event":{"mods":["Alarm Clock","BaseMod","Bestiary","Block Reminder","Colored Map","Colored Powertips","Curses Come First","Dark Map","Filter the Spire","Minty Spire (QoL Compilation)","Quick Restart","RNG Fix","Random Character Button","Relic Stats","Slay the Relics Exporter","Smile Girya","StSLib","everything is the same but u backflip on backflip","ojb\u0027s Better Paths Mod","ojb\u0027s Info Mod","slay the spire mod where everything is the same but ironclad has a cowboy hat"],"gold_per_floor":[110,124,137,155,172,172,13,107,107,122,122,137,172,172,172,246,246,263,95,95,95,95,95,130,130,154,177,223,24,40,58,58,132,132,149,149,129,1128,1128,1128,1157,1174,1174,713,723,1051,1051,1080,1080,1080,1080,1080,1080,383,416,416],"floor_reached":57,"language":"ENG","playtime":4764,"items_purged":["Strike_G","Normality","Strike_G+1"],"score":2951,"play_id":"7770dbc0-2089-4aa7-a5a6-b2a724eb2a87","local_time":"20210131205112","is_ascension_mode":true,"campfire_choices":[{"data":"Underhanded Strike","floor":6,"key":"SMITH"},{"data":"Footwork","floor":11,"key":"SMITH"},{"data":"Bouncing Flask","floor":15,"key":"SMITH"},{"floor":23,"key":"REST"},{"floor":25,"key":"REST"},{"floor":32,"key":"REST"},{"floor":40,"key":"REST"},{"floor":49,"key":"RECALL"},{"floor":53,"key":"REST"}],"circlet_count":0,"master_deck":["AscendersBane","Strike_G+1","Strike_G+1","Strike_G+1","Defend_G+1","Defend_G+1","Defend_G+1","Defend_G+1","Defend_G+1","Survivor","Neutralize","Quick Slash","Flying Knee","Tools of the Trade+1","Masterful Stab","Underhanded Strike+1","Footwork+1","Bouncing Flask+1","Backflip","Blade Dance+1","Night Terror+1","Distraction+1","Finisher","Acrobatics+1","Venomology+1","Crippling Poison+1","Predator","Catalyst+1","After Image","Malaise+1","Good Instincts+1","Good Instincts+1","Deadly Poison+1","Backflip+1","After Image","Bouncing Flask+1","Blind+1","Acrobatics+1","Corpse Explosion+1","Noxious Fumes+1"],"relics":["Ring of the Snake","TungstenRod","Omamori","Gremlin Horn","Toxic Egg 2","Fusion Hammer","Toolbox","Nilry\u0027s Codex","White Beast Statue","MawBank","The Specimen","OrangePellets","Calling Bell","Ancient Tea Set","Mummified Hand","Pocketwatch","Torii","Old Coin","Frozen Egg 2","Du-Vu Doll","Pantograph","Sling","Letter Opener"],"acts_visited":["Exordium","TheCity","TheBeyond","TheEnding"],"potions_floor_usage":[8,24,28,28,30,31,33,33,33,41,45,46,50,51,51,55,56,56,56],"damage_taken":[{"damage":6,"enemies":"Jaw Worm","floor":1,"turns":5},{"damage":0,"enemies":"2 Louse","floor":2,"turns":3},{"damage":0,"enemies":"Small Slimes","floor":3,"turns":3},{"damage":3,"enemies":"2 Fungi Beasts","floor":4,"turns":5},{"damage":0,"enemies":"Large Slime","floor":5,"turns":5},{"damage":15,"enemies":"3 Sentries","floor":8,"turns":12},{"damage":0,"enemies":"Exordium Thugs","floor":10,"turns":4},{"damage":5,"enemies":"Red Slaver","floor":12,"turns":4},{"damage":11,"enemies":"Lagavulin","floor":13,"turns":7},{"damage":9,"enemies":"The Guardian","floor":16,"turns":12},{"damage":8,"enemies":"Spheric Guardian","floor":18,"turns":4},{"damage":7,"enemies":"Slavers","floor":24,"turns":5},{"damage":4,"enemies":"Shell Parasite","floor":27,"turns":3},{"damage":25,"enemies":"Book of Stabbing","floor":28,"turns":6},{"damage":0,"enemies":"Snake Plant","floor":30,"turns":4},{"damage":1,"enemies":"Centurion and Healer","floor":31,"turns":3},{"damage":27,"enemies":"Automaton","floor":33,"turns":8},{"damage":0,"enemies":"3 Shapes","floor":35,"turns":3},{"damage":0,"enemies":"Giant Head","floor":41,"turns":4},{"damage":5,"enemies":"Orb Walker","floor":42,"turns":3},{"damage":0,"enemies":"Maw","floor":45,"turns":5},{"damage":0,"enemies":"Nemesis","floor":46,"turns":5},{"damage":0,"enemies":"Giant Head","floor":48,"turns":7},{"damage":22,"enemies":"Donu and Deca","floor":50,"turns":7},{"damage":24,"enemies":"Awakened One","floor":51,"turns":18},{"damage":18,"enemies":"Shield and Spear","floor":55,"turns":7},{"damage":19,"enemies":"The Heart","floor":56,"turns":8}],"seed_played":"-6134298440876860916","potions_obtained":[{"floor":2,"key":"ColorlessPotion"},{"floor":3,"key":"SteroidPotion"},{"floor":18,"key":"Fruit Juice"},{"floor":24,"key":"GamblersBrew"},{"floor":28,"key":"Fire Potion"},{"floor":30,"key":"Fire Potion"},{"floor":33,"key":"Fire Potion"},{"floor":37,"key":"AttackPotion"},{"floor":41,"key":"Strength Potion"},{"floor":42,"key":"Poison Potion"},{"floor":45,"key":"DuplicationPotion"}],"is_trial":false,"path_per_floor":["M","M","M","M","M","R","$","E","T","M","R","M","E","?","R","B",null,"M","$","?","?","?","R","E","R","T","M","E","$","M","M","R","B",null,"M","?","?","?","?","R","E","M","T","$","M","E","T","E","R","B","B",null,"R","$","E","B",null],"character_chosen":"THE_SILENT","items_purchased":["Footwork","Toolbox","OrangePellets","Crippling Poison+1","After Image","Bouncing Flask+1","Blind+1","Pantograph","Noxious Fumes+1","Sling","FearPotion"],"campfire_rested":5,"item_purchase_floors":[7,19,29,29,44,44,44,54,54,54,54],"current_hp_per_floor":[53,53,53,50,50,50,50,35,35,35,35,30,19,19,19,10,48,40,40,40,40,23,41,39,58,58,54,29,29,29,28,47,20,54,54,54,54,54,45,62,62,57,57,57,57,57,57,57,57,35,11,49,62,62,44,43],"gold":416,"neow_bonus":"ONE_RARE_RELIC","is_daily":false,"chose_seed":false,"campfire_upgraded":3,"win_rate":0.0,"timestamp":1612144272,"path_taken":["M","M","M","M","M","R","$","E","T","?","R","M","E","?","R","BOSS","M","$","?","?","?","R","E","R","T","M","E","$","M","?","R","BOSS","M","?","?","?","?","R","E","M","T","?","M","E","?","E","R","BOSS","BOSS","R","$","E","BOSS"],"items_purchased_type":["Card","Relic","Relic","Card","Card","Card","Card","Relic","Card","Relic","Potion"],"build_version":"2020-12-22","purchased_purges":3,"victory":true,"max_hp_per_floor":[60,60,60,60,60,60,60,60,60,60,60,60,60,60,60,60,60,60,60,60,60,60,60,65,65,65,65,65,65,65,65,65,65,65,65,62,62,62,62,62,62,62,62,62,62,62,62,62,62,62,62,62,62,62,62,62],"relic_stats":{"OrangePellets":[11],"Gremlin Horn":[10,10],"Torii":64,"counters":[27,160],"Mummified Hand":[47],"Pantograph":18,"Letter Opener":[20],"MawBank":36,"obtain_stats":[{"Gremlin Horn":9,"The Specimen":28,"Torii":41,"Nilry\u0027s Codex":22,"Omamori":8,"Letter Opener":55,"Frozen Egg 2":47,"MawBank":26,"Ancient Tea Set":34,"Sling":54,"White Beast Statue":24,"Old Coin":46,"Calling Bell":34,"Du-Vu Doll":48,"OrangePellets":29,"Mummified Hand":34,"Pantograph":54,"Toolbox":19,"Fusion Hammer":17,"Toxic Egg 2":13,"TungstenRod":0,"Ring of the Snake":0,"Pocketwatch":34},{"Gremlin Horn":6,"The Specimen":14,"Torii":19,"Nilry\u0027s Codex":11,"Omamori":6,"Letter Opener":26,"Frozen Egg 2":22,"MawBank":12,"Ancient Tea Set":17,"Sling":25,"White Beast Statue":12,"Old Coin":22,"Calling Bell":17,"Du-Vu Doll":23,"OrangePellets":14,"Mummified Hand":17,"Pantograph":25,"Toolbox":11,"Fusion Hammer":10,"Toxic Egg 2":9,"TungstenRod":0,"Ring of the Snake":0,"Pocketwatch":17},{"Gremlin Horn":33,"The Specimen":78,"Torii":100,"Nilry\u0027s Codex":64,"Omamori":33,"Letter Opener":152,"Frozen Egg 2":113,"MawBank":69,"Ancient Tea Set":93,"Sling":145,"White Beast Statue":69,"Old Coin":113,"Calling Bell":93,"Du-Vu Doll":120,"OrangePellets":78,"Mummified Hand":93,"Pantograph":145,"Toolbox":64,"Fusion Hammer":60,"Toxic Egg 2":48,"TungstenRod":0,"Ring of the Snake":0,"Pocketwatch":93}],"TungstenRod":88,"Ring of the Snake":[54],"Pocketwatch":[35]},"card_choices":[{"not_picked":["Eviscerate","Flechettes"],"picked":"Quick Slash","floor":1},{"not_picked":["Underhanded Strike","Backflip"],"picked":"Flying Knee","floor":2},{"not_picked":["Escape Plan","Backflip"],"picked":"Tools of the Trade","floor":3},{"not_picked":["Well Laid Plans","Quick Slash"],"picked":"Masterful Stab","floor":4},{"not_picked":["Acrobatics","Reflex"],"picked":"Underhanded Strike","floor":5},{"not_picked":["Unload","Dagger Throw","Slice"],"picked":"SKIP","floor":8},{"not_picked":["Dagger Throw","Footwork"],"picked":"Bouncing Flask","floor":10},{"not_picked":["Blade Dance","Riddle With Holes"],"picked":"Backflip","floor":12},{"not_picked":["Dagger Throw","Poisoned Stab"],"picked":"Blade Dance+1","floor":13},{"not_picked":["Envenom","Unload"],"picked":"Night Terror+1","floor":16},{"not_picked":["Dagger Throw","Sucker Punch"],"picked":"Distraction+1","floor":18},{"not_picked":["Accuracy","Quick Slash"],"picked":"Finisher","floor":24},{"not_picked":["Flying Knee+1","Backflip+1"],"picked":"Acrobatics+1","floor":27},{"not_picked":["Underhanded Strike","Distraction+1"],"picked":"Venomology+1","floor":28},{"not_picked":["Bane","Skewer"],"picked":"Predator","floor":30},{"not_picked":["Outmaneuver+1","Blur+1"],"picked":"Catalyst+1","floor":31},{"not_picked":["Grand Finale","Die Die Die"],"picked":"After Image","floor":33},{"not_picked":["PiercingWail+1","Dodge and Roll+1"],"picked":"Malaise+1","floor":35},{"not_picked":["Purity+1","Magnetism"],"picked":"Good Instincts+1","floor":39},{"not_picked":["Violence+1","HandOfGreed"],"picked":"Good Instincts+1","floor":39},{"not_picked":["Dash","Dagger Throw"],"picked":"Deadly Poison+1","floor":41},{"not_picked":["Dodge and Roll+1","Poisoned Stab"],"picked":"Backflip+1","floor":42},{"not_picked":["Crippling Poison+1","Quick Slash"],"picked":"Acrobatics+1","floor":45},{"not_picked":["Dash+1","Deadly Poison+1"],"picked":"Corpse Explosion+1","floor":46},{"not_picked":["Prepared+1","Sucker Punch","Venomology+1"],"picked":"SKIP","floor":48},{"not_picked":["Prepared+1","Choke","Caltrops+1"],"picked":"SKIP","floor":55}],"player_experience":1531048,"relics_obtained":[{"floor":8,"key":"Omamori"},{"floor":9,"key":"Gremlin Horn"},{"floor":13,"key":"Toxic Egg 2"},{"floor":22,"key":"Nilry\u0027s Codex"},{"floor":24,"key":"White Beast Statue"},{"floor":26,"key":"MawBank"},{"floor":28,"key":"The Specimen"},{"floor":34,"key":"Ancient Tea Set"},{"floor":34,"key":"Mummified Hand"},{"floor":34,"key":"Pocketwatch"},{"floor":41,"key":"Torii"},{"floor":46,"key":"Old Coin"},{"floor":47,"key":"Frozen Egg 2"},{"floor":48,"key":"Du-Vu Doll"},{"floor":55,"key":"Letter Opener"}],"event_choices":[{"damage_healed":0,"gold_gain":0,"player_choice":"Searched \u00270\u0027 times","damage_taken":0,"max_hp_gain":0,"max_hp_loss":0,"event_name":"Dead Adventurer","floor":14,"gold_loss":0},{"damage_healed":0,"gold_gain":0,"player_choice":"Upgraded","damage_taken":0,"max_hp_gain":0,"max_hp_loss":0,"event_name":"Upgrade Shrine","floor":20,"gold_loss":0,"cards_upgraded":["Tools of the Trade"]},{"damage_healed":0,"gold_gain":0,"player_choice":"Simplicity","damage_taken":0,"max_hp_gain":0,"max_hp_loss":0,"event_name":"Back to Basics","floor":21,"gold_loss":0,"cards_upgraded":["Strike_G","Strike_G","Strike_G","Strike_G","Defend_G","Defend_G","Defend_G","Defend_G","Defend_G"]},{"damage_healed":0,"gold_gain":0,"player_choice":"Obtained Book","damage_taken":21,"max_hp_gain":0,"max_hp_loss":0,"event_name":"Cursed Tome","floor":22,"gold_loss":0},{"damage_healed":0,"gold_gain":0,"player_choice":"Max HP","damage_taken":0,"max_hp_gain":0,"max_hp_loss":3,"event_name":"Winding Halls","floor":36,"gold_loss":0},{"damage_healed":0,"gold_gain":0,"player_choice":"Bought 1 Potion","damage_taken":0,"max_hp_gain":0,"max_hp_loss":0,"event_name":"The Woman in Blue","floor":37,"gold_loss":0},{"damage_healed":0,"gold_gain":999,"player_choice":"Gold","damage_taken":0,"max_hp_gain":0,"max_hp_loss":0,"event_name":"MindBloom","floor":38,"gold_loss":0,"cards_obtained":["Normality","Normality"]},{"damage_healed":0,"gold_gain":0,"player_choice":"Memory 3","damage_taken":10,"max_hp_gain":0,"max_hp_loss":0,"event_name":"SensoryStone","floor":39,"gold_loss":0}],"is_beta":false,"boss_relics":[{"not_picked":["Astrolabe","Snecko Eye"],"picked":"Fusion Hammer"},{"not_picked":["Sozu","Empty Cage"],"picked":"Calling Bell"}],"items_purged_floors":[7,44,54],"is_endless":false,"potions_floor_spawned":[2,3,5,18,24,27,28,30,31,33,35,41,42,45,46,48,55],"ascension_level":20}}