{"host":"x8sop9v6zw8yitbt","time":1612216539,"event":{"mods":["BaseMod","Best Route Mod","Block Reminder","Challenge The Spire","Colored Powertips","Dark Map","DeckTracker","Minty Spire (QoL Compilation)","Permanent Neow","Quick Restart","Rare Cards Sparkle","Reliquary","Spicy Shops","Spikes Relics","StSLib","Virulent Crown"],"gold_per_floor":[118,131,131,145,158,158,197,197,246,290,290,137,137,157,157,278,278,302,401,401,401,420,454,454,492,492,492,535,555,586,632,632,632,632],"floor_reached":33,"language":"ENG","playtime":994,"items_purged":["Strike_G"],"score":504,"play_id":"63cfe344-2763-4ad9-abd2-306654f76cb2","local_time":"20210201165539","daily_mods":["Specialized"],"is_ascension_mode":true,"campfire_choices":[{"data":"Catalyst","floor":6,"key":"SMITH"},{"data":"Neutralize","floor":8,"key":"SMITH"},{"floor":11,"key":"REST"},{"data":"Footwork","floor":15,"key":"SMITH"},{"data":"Blur","floor":24,"key":"SMITH"},{"data":"Deadly Poison","floor":27,"key":"SMITH"},{"data":"Deadly Poison","floor":32,"key":"SMITH"}],"circlet_count":0,"master_deck":["Strike_G+1","Strike_G+1","Strike_G+1","Strike_G+1","Defend_G+1","Defend_G+1","Defend_G+1","Defend_G+1","Defend_G+1","Survivor","Neutralize+1","Deadly Poison","Deadly Poison","Deadly Poison+1","Deadly Poison+1","Deadly Poison+1","Catalyst+1","Blur+1","Footwork+1","Well Laid Plans+1"],"relics":["Ring of the Snake","Golden Idol","Sundial","reliquary:RadioactivePellet","Anchor","Busted Crown","Pantograph","reliquary:BoilingFlask","LugNut","FossilizedHelix","Tiny Chest","Boot"],"acts_visited":["Exordium","TheCity"],"potions_floor_usage":[7,22,23],"damage_taken":[{"damage":1,"enemies":"Cultist","floor":1,"turns":3},{"damage":2,"enemies":"Small Slimes","floor":2,"turns":5},{"damage":2,"enemies":"2 Louse","floor":4,"turns":3},{"damage":9,"enemies":"Exordium Wildlife","floor":5,"turns":4},{"damage":30,"enemies":"3 Sentries","floor":7,"turns":12},{"damage":8,"enemies":"Lagavulin","floor":10,"turns":3},{"damage":1,"enemies":"Large Slime","floor":14,"turns":5},{"damage":0,"enemies":"Hexaghost","floor":16,"turns":7},{"damage":0,"enemies":"Chosen","floor":18,"turns":3},{"damage":2,"enemies":"2 Thieves","floor":22,"turns":4},{"damage":3,"enemies":"Book of Stabbing","floor":23,"turns":5},{"damage":5,"enemies":"Slavers","floor":25,"turns":7},{"damage":0,"enemies":"Gremlin Leader","floor":28,"turns":6},{"damage":0,"enemies":"Sentry and Sphere","floor":29,"turns":5},{"damage":0,"enemies":"Book of Stabbing","floor":30,"turns":3},{"damage":0,"enemies":"Collector","floor":33,"turns":3}],"seed_played":"-4966283358495040851","potions_obtained":[{"floor":5,"key":"Swift Potion"},{"floor":10,"key":"CunningPotion"},{"floor":16,"key":"Strength Potion"},{"floor":18,"key":"GamblersBrew"},{"floor":25,"key":"LiquidMemories"},{"floor":30,"key":"PowerPotion"}],"is_trial":true,"path_per_floor":["M","M","?","M","M","R","E","R","T","E","R","$","?","M","R","B",null,"M","?","?","?","M","E","R","E","T","R","E","M","E","T","R","B"],"character_chosen":"THE_SILENT","items_purchased":["Footwork"],"campfire_rested":1,"item_purchase_floors":[12],"current_hp_per_floor":[69,67,65,63,54,54,24,24,24,16,35,35,22,21,21,21,65,65,65,65,65,63,60,60,55,55,55,55,55,55,55,55,65,65],"gold":632,"neow_bonus":"","is_daily":false,"chose_seed":false,"campfire_upgraded":6,"win_rate":0.0,"timestamp":1612216539,"path_taken":["M","M","?","M","M","R","E","R","T","E","R","$","?","M","R","BOSS","M","?","?","?","M","E","R","E","T","R","E","M","E","?","R","BOSS"],"items_purchased_type":["Card"],"build_version":"2020-12-22","purchased_purges":1,"victory":false,"max_hp_per_floor":[70,70,65,65,65,65,65,65,65,65,65,65,65,65,65,65,65,65,65,65,65,65,65,65,65,65,65,65,65,65,65,65,65,65],"card_choices":[{"not_picked":["Cloak And Dagger","Poisoned Stab","Sucker Punch"],"picked":"SKIP","floor":1},{"not_picked":["Dagger Spray","Predator","Envenom"],"picked":"SKIP","floor":2},{"not_picked":["Sucker Punch","Quick Slash"],"picked":"Catalyst","floor":4},{"not_picked":["Deadly Poison","Concentrate"],"picked":"Blur","floor":5},{"not_picked":["Dagger Spray","Backflip","Glass Knife"],"picked":"SKIP","floor":7},{"not_picked":["Night Terror","Sucker Punch","Underhanded Strike"],"picked":"SKIP","floor":10},{"not_picked":["Bane","Reflex","All Out Attack"],"picked":"SKIP","floor":14},{"not_picked":["Dagger Spray"],"picked":"SKIP","floor":18},{"not_picked":[],"picked":"Well Laid Plans+1","floor":22},{"not_picked":["Flying Knee"],"picked":"SKIP","floor":23},{"not_picked":["Cloak And Dagger"],"picked":"SKIP","floor":25},{"not_picked":["A Thousand Cuts"],"picked":"SKIP","floor":28},{"not_picked":["Backflip"],"picked":"SKIP","floor":29},{"not_picked":["Poisoned Stab"],"picked":"SKIP","floor":30}],"player_experience":876311,"relics_obtained":[{"floor":7,"key":"Sundial"},{"floor":9,"key":"reliquary:RadioactivePellet"},{"floor":10,"key":"Anchor"},{"floor":23,"key":"Pantograph"},{"floor":25,"key":"reliquary:BoilingFlask"},{"floor":26,"key":"LugNut"},{"floor":28,"key":"FossilizedHelix"},{"floor":30,"key":"Tiny Chest"},{"floor":31,"key":"Boot"}],"event_choices":[{"damage_healed":0,"gold_gain":0,"player_choice":"Lose Max HP","damage_taken":0,"relics_obtained":["Golden Idol"],"max_hp_gain":0,"max_hp_loss":5,"event_name":"Golden Idol","floor":3,"gold_loss":0},{"damage_healed":0,"gold_gain":0,"player_choice":"Entered Light","damage_taken":13,"max_hp_gain":0,"max_hp_loss":0,"event_name":"Shining Light","floor":13,"gold_loss":0,"cards_upgraded":["Strike_G","Deadly Poison"]},{"damage_healed":0,"gold_gain":99,"player_choice":"Stole From Cult","damage_taken":0,"max_hp_gain":0,"max_hp_loss":0,"event_name":"Nest","floor":19,"gold_loss":0},{"damage_healed":0,"gold_gain":0,"player_choice":"Simplicity","damage_taken":0,"max_hp_gain":0,"max_hp_loss":0,"event_name":"Back to Basics","floor":20,"gold_loss":0,"cards_upgraded":["Strike_G","Strike_G","Strike_G","Defend_G","Defend_G","Defend_G","Defend_G","Defend_G"]},{"damage_healed":0,"gold_gain":0,"player_choice":"Ignored","damage_taken":0,"max_hp_gain":0,"max_hp_loss":0,"event_name":"Ghosts","floor":21,"gold_loss":0}],"is_beta":false,"boss_relics":[{"not_picked":["Sandwich","reliquary:WritOfMandamus"],"picked":"Busted Crown"}],"items_purged_floors":[12],"is_endless":false,"potions_floor_spawned":[5,10,16,18,25,30],"killed_by":"Collector","ascension_level":1}}