{"host":"v3mpq6flurzldi5g","time":1612222664,"event":{"mods":["AchievementEnabler","BaseMod","Colored Powertips","Highlight Path","Minty Spire (QoL Compilation)","StSLib"],"gold_per_floor":[116,129,147,222,222,222,240,240,240,257,273,47,47,47,47,120,120,135,135,234,149,159,159,159,91,91,19,19,35,68,87,87,87,87],"floor_reached":33,"language":"ENG","playtime":1575,"items_purged":["Strike_G"],"score":446,"play_id":"21559f6e-685b-4c07-8a0e-fc0a881aeeab","local_time":"20210201183744","is_ascension_mode":true,"campfire_choices":[{"data":"Neutralize","floor":6.0,"key":"SMITH"},{"floor":8.0,"key":"REST"},{"data":"Glass Knife","floor":13.0,"key":"SMITH"},{"data":"Blur","floor":15.0,"key":"SMITH"},{"floor":23.0,"key":"REST"},{"data":"Accuracy","floor":28.0,"key":"SMITH"},{"floor":32.0,"key":"REST"}],"circlet_count":0,"master_deck":["AscendersBane","Strike_G","Strike_G","Strike_G","Defend_G+1","Defend_G","Defend_G+1","Defend_G","Defend_G","Survivor","Neutralize+1","Deadly Poison","Infinite Blades","Blur+1","Glass Knife+1","Infinite Blades","Quick Slash","Infinite Blades","Doubt","Accuracy+1","Cloak And Dagger","Blur+1","Accuracy"],"relics":["Ring of the Snake","Anchor","Gambling Chip","Lee\u0027s Waffle","Cursed Key","FossilizedHelix","Ginger","StrikeDummy"],"acts_visited":["Exordium","TheCity"],"potions_floor_usage":[],"damage_taken":[{"damage":0.0,"enemies":"2 Louse","floor":1.0,"turns":3.0},{"damage":0.0,"enemies":"Small Slimes","floor":2.0,"turns":3.0},{"damage":1.0,"enemies":"Jaw Worm","floor":3.0,"turns":5.0},{"damage":6.0,"enemies":"Exordium Wildlife","floor":7.0,"turns":6.0},{"damage":0.0,"enemies":"2 Fungi Beasts","floor":10.0,"turns":4.0},{"damage":4.0,"enemies":"Red Slaver","floor":11.0,"turns":4.0},{"damage":40.0,"enemies":"Slime Boss","floor":16.0,"turns":13.0},{"damage":2.0,"enemies":"3 Byrds","floor":18.0,"turns":6.0},{"damage":9.0,"enemies":"Shell Parasite","floor":22.0,"turns":4.0},{"damage":9.0,"enemies":"Centurion and Healer","floor":29.0,"turns":5.0},{"damage":31.0,"enemies":"Gremlin Leader","floor":30.0,"turns":8.0},{"damage":8.0,"enemies":"Snake Plant","floor":31.0,"turns":4.0},{"damage":58,"enemies":"Automaton","floor":33,"turns":10}],"seed_played":"-7280314709545112117","potions_obtained":[{"floor":10.0,"key":"GamblersBrew"},{"floor":16.0,"key":"Poison Potion"},{"floor":18.0,"key":"ColorlessPotion"}],"is_trial":false,"path_per_floor":["M","M","M","?","?","R","M","R","T","M","M","$","R","?","R","B",null,"M","?","?","?","M","R","?","$","T","$","R","M","E","M","R","B"],"character_chosen":"THE_SILENT","items_purchased":["Lee\u0027s Waffle","Infinite Blades","Accuracy"],"campfire_rested":3,"item_purchase_floors":[12,25,27],"current_hp_per_floor":[63,63,62,51,56,56,50,72,72,72,68,82,82,66,66,26,68,66,50,50,50,41,67,67,67,67,67,67,58,27,19,45,0,0],"gold":87,"neow_bonus":"RANDOM_COMMON_RELIC","is_daily":false,"chose_seed":false,"campfire_upgraded":4,"win_rate":0.0,"timestamp":1612222664,"path_taken":["M","M","M","?","?","R","M","R","T","M","M","$","R","?","R","BOSS","M","?","?","?","M","R","?","$","T","$","R","?","E","M","R","BOSS"],"items_purchased_type":["Relic","Card","Card"],"build_version":"2020-12-22","purchased_purges":1,"victory":false,"max_hp_per_floor":[70,70,70,70,75,75,75,75,75,75,75,82,82,82,82,82,82,82,87,87,87,87,87,87,87,87,87,87,87,87,87,87,87,87],"card_choices":[{"not_picked":["Quick Slash","Dodge and Roll"],"picked":"Deadly Poison","floor":1.0},{"not_picked":["Bane","Accuracy"],"picked":"Infinite Blades","floor":2.0},{"not_picked":["Deadly Poison","Prepared"],"picked":"Blur","floor":3.0},{"not_picked":["Backflip","Concentrate"],"picked":"Glass Knife","floor":7.0},{"not_picked":["Outmaneuver","Distraction","Flying Knee"],"picked":"SKIP","floor":10.0},{"not_picked":["Dodge and Roll","Deflect","Acrobatics"],"picked":"SKIP","floor":11.0},{"not_picked":["Prepared","Finisher"],"picked":"Infinite Blades","floor":18.0},{"not_picked":["Riddle With Holes","Catalyst","Predator"],"picked":"SKIP","floor":22.0},{"not_picked":["Quick Slash","Prepared"],"picked":"Cloak And Dagger","floor":29.0},{"not_picked":["Catalyst","Flying Knee"],"picked":"Blur+1","floor":30.0},{"not_picked":["Dagger Spray+1","Blur+1"],"picked":"Accuracy","floor":31.0}],"player_experience":1097108,"relics_obtained":[{"floor":9.0,"key":"Gambling Chip"},{"floor":26.0,"key":"Ginger"},{"floor":30.0,"key":"StrikeDummy"}],"event_choices":[{"damage_healed":0.0,"max_hp_gain":0.0,"max_hp_loss":0.0,"gold_gain":75.0,"event_name":"World of Goop","player_choice":"Gather Gold","floor":4.0,"gold_loss":0.0,"damage_taken":11.0},{"damage_healed":0.0,"max_hp_gain":5.0,"max_hp_loss":0.0,"gold_gain":0.0,"event_name":"Big Fish","player_choice":"Donut","floor":5.0,"gold_loss":0.0,"damage_taken":0.0},{"damage_healed":0.0,"max_hp_gain":0.0,"max_hp_loss":0.0,"gold_gain":0.0,"event_name":"Shining Light","player_choice":"Entered Light","floor":14.0,"gold_loss":0.0,"damage_taken":16.0,"cards_upgraded":["Defend_G","Defend_G"]},{"damage_healed":0.0,"max_hp_gain":5.0,"max_hp_loss":0.0,"gold_gain":0.0,"event_name":"Forgotten Altar","player_choice":"Shed Blood","floor":19.0,"gold_loss":0.0,"damage_taken":21.0},{"damage_healed":0.0,"max_hp_gain":0.0,"max_hp_loss":0.0,"gold_gain":99.0,"event_name":"Nest","player_choice":"Stole From Cult","floor":20.0,"gold_loss":0.0,"damage_taken":0.0},{"damage_healed":0.0,"max_hp_gain":0.0,"max_hp_loss":0.0,"gold_gain":0.0,"event_name":"Addict","player_choice":"Obtained Relic","floor":21.0,"gold_loss":85.0,"damage_taken":0.0,"relics_obtained":["FossilizedHelix"]},{"damage_healed":0.0,"max_hp_gain":0.0,"max_hp_loss":0.0,"gold_gain":0.0,"cards_transformed":["Strike_G"],"event_name":"Transmorgrifier","player_choice":"Transformed","floor":24.0,"gold_loss":0.0,"damage_taken":0.0,"cards_obtained":["Quick Slash"]}],"is_beta":false,"boss_relics":[{"not_picked":["SacredBark","Black Star"],"picked":"Cursed Key"}],"items_purged_floors":[12],"is_endless":false,"potions_floor_spawned":[10,16,18],"killed_by":"Automaton","ascension_level":13}}