{"host":"skvwuvqqk8x6jusd","time":1612138427,"event":{"mods":["AchievementEnabler","BaseMod","Colored Map","Colored Powertips","Highlight Path","Minty Spire (QoL Compilation)","Relic Stats","Slay-I"],"gold_per_floor":[216,234,249,264,274,274,274,6,6,20,36,55,74,88,88,192,192,207,217,95,107,118,55,55,67,94,18,30,129,145,164,164,265,265,280,280,280,106,116,116,116,129,152,170,189,189,205,0,0,0],"floor_reached":51,"language":"ENG","playtime":1602,"items_purged":["Defend_R","Defend_R","Defend_R"],"score":653,"play_id":"4a50a854-b1a9-4e25-9afc-05678a5c08e4","local_time":"20210201001347","is_ascension_mode":false,"campfire_choices":[{"data":"Seeing Red","floor":6,"key":"SMITH"},{"data":"Inflame","floor":15,"key":"SMITH"},{"data":"Heavy Blade","floor":24,"key":"SMITH"},{"floor":32,"key":"REST"},{"data":"Flex","floor":46,"key":"SMITH"},{"floor":49,"key":"REST"}],"circlet_count":0,"master_deck":["Strike_R","Strike_R","Strike_R","Strike_R","Bash","Iron Wave","Seeing Red+1","Heavy Blade+1","Clash","Iron Wave","Inflame+1","Pummel","Battle Trance","Sword Boomerang","Headbutt+1","Seeing Red+1","Flex+1","Whirlwind","Double Tap","Flex+1","Clash","Battle Trance+1","Power Through","Heavy Blade","Spot Weakness"],"relics":["Burning Blood","Membership Card","Orichalcum","SlaversCollar","Lantern","Happy Flower","Vajra","Sozu","Pen Nib","Toolbox","Art of War","Red Mask"],"acts_visited":["Exordium","TheCity","TheBeyond"],"potions_floor_usage":[16,25,25,30,33,50,50],"damage_taken":[{"damage":1,"enemies":"Cultist","floor":1,"turns":3},{"damage":9,"enemies":"2 Louse","floor":2,"turns":3},{"damage":1,"enemies":"Jaw Worm","floor":3,"turns":3},{"damage":22,"enemies":"Exordium Wildlife","floor":4,"turns":5},{"damage":6,"enemies":"3 Louse","floor":5,"turns":2},{"damage":8,"enemies":"Gremlin Gang","floor":10,"turns":4},{"damage":5,"enemies":"Looter","floor":11,"turns":3},{"damage":12,"enemies":"Large Slime","floor":12,"turns":5},{"damage":7,"enemies":"2 Fungi Beasts","floor":13,"turns":3},{"damage":1,"enemies":"Exordium Thugs","floor":14,"turns":3},{"damage":26,"enemies":"Hexaghost","floor":16,"turns":9},{"damage":4,"enemies":"Chosen","floor":18,"turns":3},{"damage":12,"enemies":"Shell Parasite","floor":19,"turns":3},{"damage":15,"enemies":"Cultist and Chosen","floor":21,"turns":5},{"damage":31,"enemies":"Snake Plant","floor":22,"turns":3},{"damage":1,"enemies":"3 Cultists","floor":25,"turns":3},{"damage":5,"enemies":"Sentry and Sphere","floor":28,"turns":3},{"damage":22,"enemies":"Shelled Parasite and Fungi","floor":30,"turns":3},{"damage":0,"enemies":"Snake Plant","floor":31,"turns":2},{"damage":58,"enemies":"Collector","floor":33,"turns":5},{"damage":25,"enemies":"3 Shapes","floor":35,"turns":2},{"damage":1,"enemies":"3 Darklings","floor":39,"turns":2},{"damage":6,"enemies":"Transient","floor":42,"turns":5},{"damage":18,"enemies":"Maw","floor":44,"turns":5},{"damage":10,"enemies":"Spire Growth","floor":45,"turns":2},{"damage":11,"enemies":"Jaw Worm Horde","floor":47,"turns":3},{"damage":64,"enemies":"Awakened One","floor":50,"turns":6}],"seed_played":"282633953831122550","potions_obtained":[{"floor":5,"key":"SpeedPotion"},{"floor":12,"key":"LiquidBronze"},{"floor":14,"key":"Explosive Potion"},{"floor":16,"key":"ColorlessPotion"},{"floor":19,"key":"Explosive Potion"},{"floor":21,"key":"Explosive Potion"},{"floor":25,"key":"Swift Potion"},{"floor":30,"key":"BlessingOfTheForge"},{"floor":31,"key":"Strength Potion"}],"is_trial":false,"path_per_floor":["M","M","M","M","M","R","?","$","T","M","M","M","M","M","R","B",null,"M","M","$","M","M","$","R","M","T","$","M","?","M","M","R","B",null,"M","?","?","$","M","?","?","M","T","M","M","R","M","?","R","B",null],"character_chosen":"IRONCLAD","items_purchased":["Iron Wave","Membership Card","Inflame","Lantern","Vajra","Pen Nib","Clash","Toolbox"],"campfire_rested":2,"item_purchase_floors":[8,8,8,20,27,38,38,38],"current_hp_per_floor":[80,77,80,64,64,64,64,64,64,62,63,57,56,61,61,41,80,80,74,74,65,40,40,40,45,45,45,46,46,30,36,60,8,80,61,61,61,61,66,66,66,66,66,54,50,50,45,45,69,11],"gold":0,"neow_bonus":"HUNDRED_GOLD","is_daily":false,"chose_seed":false,"campfire_upgraded":4,"win_rate":0.0,"timestamp":1612138427,"path_taken":["M","M","?","M","M","R","?","$","T","M","M","?","M","M","R","BOSS","M","M","$","M","?","?","R","M","T","$","M","?","M","M","R","BOSS","M","?","?","$","?","?","?","M","T","?","?","R","M","?","R","BOSS"],"items_purchased_type":["Card","Relic","Card","Relic","Relic","Relic","Card","Relic"],"build_version":"2020-12-22","purchased_purges":3,"victory":true,"max_hp_per_floor":[80,80,80,80,80,80,80,80,80,80,80,80,80,80,80,80,80,80,80,80,80,80,80,80,80,80,80,80,80,80,80,80,80,80,80,80,80,80,80,80,80,80,80,80,80,80,80,80,80,80],"relic_stats":{"Sozu":2,"Happy Flower":[12],"counters":[27,98],"Pen Nib":[7],"Art of War":[1],"Orichalcum":[144],"obtain_stats":[{"Sozu":34,"SlaversCollar":17,"Lantern":20,"Happy Flower":26,"Vajra":27,"Toolbox":38,"Pen Nib":38,"Art of War":43,"Red Mask":48,"Membership Card":8,"Orichalcum":9,"Burning Blood":0},{"Sozu":20,"SlaversCollar":11,"Lantern":13,"Happy Flower":16,"Vajra":16,"Toolbox":21,"Pen Nib":21,"Art of War":23,"Red Mask":26,"Membership Card":5,"Orichalcum":5,"Burning Blood":0},{"Sozu":73,"SlaversCollar":43,"Lantern":49,"Happy Flower":60,"Vajra":60,"Toolbox":75,"Pen Nib":75,"Art of War":82,"Red Mask":92,"Membership Card":16,"Orichalcum":16,"Burning Blood":0}],"Burning Blood":153},"card_choices":[{"not_picked":["Heavy Blade","Clothesline"],"picked":"Iron Wave","floor":1},{"not_picked":["Intimidate","Feel No Pain"],"picked":"Seeing Red","floor":2},{"not_picked":["Combust","Body Slam"],"picked":"Heavy Blade","floor":3},{"not_picked":["Perfected Strike","Thunderclap"],"picked":"Clash","floor":4},{"not_picked":["Reckless Charge","Havoc"],"picked":"Headbutt","floor":5},{"not_picked":["Body Slam","Evolve"],"picked":"Pummel","floor":10},{"not_picked":["Shrug It Off","Searing Blow"],"picked":"Battle Trance","floor":11},{"not_picked":["Rupture","Anger"],"picked":"Sword Boomerang","floor":12},{"not_picked":["Evolve","Blood for Blood","Hemokinesis"],"picked":"SKIP","floor":13},{"not_picked":["Second Wind","Armaments","Perfected Strike"],"picked":"SKIP","floor":14},{"not_picked":["Infernal Blade","Pommel Strike"],"picked":"Headbutt+1","floor":18},{"not_picked":["Perfected Strike","Twin Strike+1","Shrug It Off"],"picked":"SKIP","floor":19},{"not_picked":["Second Wind","Bloodletting","Uppercut"],"picked":"SKIP","floor":21},{"not_picked":["True Grit","Warcry+1","Armaments"],"picked":"SKIP","floor":22},{"not_picked":["Ghostly Armor","Thunderclap"],"picked":"Seeing Red+1","floor":25},{"not_picked":["Wild Strike","Fire Breathing+1"],"picked":"Flex","floor":28},{"not_picked":["Corruption","Shrug It Off"],"picked":"Whirlwind","floor":30},{"not_picked":["Armaments","Havoc+1","Thunderclap+1"],"picked":"SKIP","floor":31},{"not_picked":["Demon Form","Barricade"],"picked":"Double Tap","floor":33},{"not_picked":["Clothesline+1","Shrug It Off+1"],"picked":"Flex+1","floor":35},{"not_picked":["Anger+1","Shockwave"],"picked":"Battle Trance+1","floor":39},{"not_picked":["Havoc+1","Shockwave+1","Battle Trance+1"],"picked":"SKIP","floor":42},{"not_picked":["Clash+1","Rage+1"],"picked":"Heavy Blade","floor":44},{"not_picked":["Thunderclap","Burning Pact"],"picked":"Spot Weakness","floor":45},{"not_picked":["Burning Pact","Combust","Shrug It Off"],"picked":"SKIP","floor":47}],"player_experience":629318,"relics_obtained":[{"floor":9,"key":"Orichalcum"},{"floor":26,"key":"Happy Flower"},{"floor":43,"key":"Art of War"}],"event_choices":[{"damage_healed":0,"gold_gain":0,"player_choice":"Ignored","damage_taken":0,"max_hp_gain":0,"max_hp_loss":0,"event_name":"Transmorgrifier","floor":7,"gold_loss":0},{"damage_healed":0,"gold_gain":99,"player_choice":"Stole From Cult","damage_taken":0,"max_hp_gain":0,"max_hp_loss":0,"event_name":"Nest","floor":29,"gold_loss":0},{"damage_healed":0,"gold_gain":0,"player_choice":"Ignored","damage_taken":0,"max_hp_gain":0,"max_hp_loss":0,"event_name":"Mysterious Sphere","floor":36,"gold_loss":0},{"cards_removed":["Defend_R"],"damage_healed":0,"gold_gain":0,"player_choice":"Purged","damage_taken":0,"max_hp_gain":0,"max_hp_loss":0,"event_name":"Purifier","floor":37,"gold_loss":0},{"cards_removed":["Headbutt"],"damage_healed":0,"gold_gain":0,"player_choice":"Removed Attack","damage_taken":0,"max_hp_gain":0,"max_hp_loss":0,"event_name":"Falling","floor":40,"gold_loss":0},{"damage_healed":0,"gold_gain":0,"cards_transformed":["Strike_R"],"player_choice":"Transformed","damage_taken":0,"max_hp_gain":0,"max_hp_loss":0,"event_name":"Transmorgrifier","floor":41,"gold_loss":0,"cards_obtained":["Power Through"]},{"damage_healed":0,"gold_gain":0,"player_choice":"Paid","damage_taken":0,"relics_obtained":["Red Mask"],"max_hp_gain":0,"max_hp_loss":0,"event_name":"Tomb of Lord Red Mask","floor":48,"gold_loss":205}],"is_beta":false,"boss_relics":[{"not_picked":["Empty Cage","Cursed Key"],"picked":"SlaversCollar"},{"not_picked":["Pandora\u0027s Box","Astrolabe"],"picked":"Sozu"}],"items_purged_floors":[8,20,23],"is_endless":false,"potions_floor_spawned":[5,12,14,16,19,21,25,30,31,39,42],"ascension_level":0}}