{"host":"Stephanie","time":1612207974,"event":{"mods":["BaseMod","Colored Powertips","Minty Spire (QoL Compilation)","Rare Cards Sparkle","Relic Stats","StSLib","The Marked"],"gold_per_floor":[12,27,45,220,220,220,236,236,286,317,346,379,379,417,417,536,536,554,469,489,115,147,190,190,230,255,389,416,416,416],"floor_reached":29,"language":"ENG","playtime":2018,"items_purged":["theMarked:Strike"],"score":295,"play_id":"83b9b869-d1e9-4bd5-bcce-3b33389053ff","local_time":"20210201143254","is_ascension_mode":true,"campfire_choices":[{"data":"theMarked:Opportunist","floor":6,"key":"SMITH"},{"data":"theMarked:ChainLightning","floor":8,"key":"SMITH"},{"floor":15,"key":"REST"},{"floor":24,"key":"REST"}],"circlet_count":0,"master_deck":["theMarked:Strike","theMarked:Strike","theMarked:Strike","theMarked:Strike","theMarked:Defend","theMarked:Defend+1","theMarked:Defend","theMarked:Defend+1","theMarked:SoldierOfQuellstein","theMarked:DispelDoubt","theMarked:MuscleMemory","theMarked:Opportunist+1","theMarked:ChainLightning+1","Doubt","theMarked:Electrify","theMarked:Panic","theMarked:HeightenedSenses","theMarked:Toughness","CurseOfTheBell","theMarked:ElectricStrings+1","theMarked:SwordAndMagic+1","theMarked:WastefulAttack+1","theMarked:ElectricStrings+1","theMarked:Levitate"],"relics":["theMarked:ArtifactOfAir","War Paint","Toy Ornithopter","InkBottle","Odd Mushroom","Art of War","Golden Idol","Akabeko","Calling Bell","Happy Flower","Ornamental Fan","CaptainsWheel","Molten Egg 2","CeramicFish","Ancient Tea Set","MealTicket","Meat on the Bone","Gambling Chip"],"acts_visited":["Exordium","TheCity"],"potions_floor_usage":[10,12,12,14,23,23,29],"damage_taken":[{"damage":3,"enemies":"Jaw Worm","floor":1,"turns":3},{"damage":0,"enemies":"Small Slimes","floor":2,"turns":3},{"damage":6,"enemies":"Cultist","floor":3,"turns":4},{"damage":16,"enemies":"3 Louse","floor":7,"turns":3},{"damage":15,"enemies":"3 Sentries","floor":10,"turns":5},{"damage":15,"enemies":"The Mushroom Lair","floor":11,"turns":5},{"damage":10,"enemies":"Gremlin Nob","floor":12,"turns":3},{"damage":10,"enemies":"3 Sentries","floor":14,"turns":5},{"damage":30,"enemies":"Slime Boss","floor":16,"turns":7},{"damage":10,"enemies":"3 Byrds","floor":18,"turns":8},{"damage":1,"enemies":"Spheric Guardian","floor":20,"turns":4},{"damage":15,"enemies":"Centurion and Healer","floor":22,"turns":7},{"damage":31,"enemies":"Gremlin Leader","floor":23,"turns":9},{"damage":15,"enemies":"Slavers","floor":25,"turns":4},{"damage":12,"enemies":"Colosseum Slavers","floor":27,"turns":4},{"damage":14,"enemies":"Colosseum Nobs","floor":27,"turns":6},{"damage":8,"enemies":"Cultist and Chosen","floor":28,"turns":7},{"damage":35,"enemies":"Book of Stabbing","floor":29,"turns":6}],"seed_played":"7891260411321835727","potions_obtained":[{"floor":1,"key":"Strength Potion"},{"floor":7,"key":"LiquidBronze"},{"floor":11,"key":"EssenceOfSteel"},{"floor":12,"key":"Explosive Potion"},{"floor":16,"key":"LiquidMemories"},{"floor":22,"key":"Energy Potion"},{"floor":27,"key":"SteroidPotion"},{"floor":28,"key":"EssenceOfSteel"}],"is_trial":false,"path_per_floor":["M","M","M","?","?","R","M","R","T","E","?","E","?","E","R","B",null,"M","?","M","$","M","E","R","E","T","?","M","E"],"character_chosen":"THE_DEFAULT","items_purchased":["CeramicFish","Ancient Tea Set"],"campfire_rested":2,"item_purchase_floors":[21,21],"current_hp_per_floor":[67,67,61,61,61,61,45,45,45,35,20,20,20,15,34,4,65,55,55,54,54,39,18,37,22,22,20,24,0,0],"gold":416,"neow_bonus":"THREE_RARE_CARDS","is_daily":false,"chose_seed":false,"campfire_upgraded":2,"win_rate":0.0,"timestamp":1612207974,"path_taken":["M","M","M","?","?","R","?","R","T","E","?","E","?","E","R","BOSS","M","?","M","$","M","E","R","E","T","?","M","E"],"items_purchased_type":["Relic","Relic"],"build_version":"2020-12-18","purchased_purges":1,"victory":false,"max_hp_per_floor":[70,70,70,70,70,70,70,70,70,70,70,70,65,65,65,65,65,65,65,65,65,65,65,65,65,65,65,65,65,65],"relic_stats":{"Happy Flower":[18],"counters":[18,93],"Golden Idol":89,"CeramicFish":36,"War Paint":["theMarked:Defend","theMarked:Defend"],"Ornamental Fan":[76],"Gambling Chip":[5],"MealTicket":0,"Art of War":[7],"obtain_stats":[{"Happy Flower":17,"Golden Idol":13,"CeramicFish":21,"War Paint":5,"Odd Mushroom":11,"Ancient Tea Set":21,"Akabeko":14,"Calling Bell":17,"theMarked:ArtifactOfAir":0,"CaptainsWheel":17,"Ornamental Fan":17,"Gambling Chip":27,"Molten Egg 2":19,"MealTicket":23,"Art of War":12,"Toy Ornithopter":9,"InkBottle":10,"Meat on the Bone":25},{"Happy Flower":9,"Golden Idol":7,"CeramicFish":11,"War Paint":3,"Odd Mushroom":6,"Ancient Tea Set":11,"Akabeko":8,"Calling Bell":9,"theMarked:ArtifactOfAir":0,"CaptainsWheel":9,"Ornamental Fan":9,"Gambling Chip":16,"Molten Egg 2":10,"MealTicket":13,"Art of War":7,"Toy Ornithopter":4,"InkBottle":5,"Meat on the Bone":14},{"Happy Flower":38,"Golden Idol":26,"CeramicFish":50,"War Paint":10,"Odd Mushroom":23,"Ancient Tea Set":50,"Akabeko":31,"Calling Bell":38,"theMarked:ArtifactOfAir":0,"CaptainsWheel":38,"Ornamental Fan":38,"Gambling Chip":80,"Molten Egg 2":46,"MealTicket":66,"Art of War":26,"Toy Ornithopter":13,"InkBottle":18,"Meat on the Bone":70}],"Toy Ornithopter":35,"InkBottle":[25],"Meat on the Bone":36},"card_choices":[{"not_picked":["theMarked:UnarmedFury","theMarked:FavorableWinds"],"picked":"theMarked:DispelDoubt","floor":0},{"not_picked":["theMarked:TakeCover","theMarked:BanishingStrike"],"picked":"theMarked:MuscleMemory","floor":1},{"not_picked":["theMarked:ChainLightning","theMarked:RepellingDischarge"],"picked":"theMarked:Opportunist","floor":2},{"not_picked":["theMarked:TunnelVision","theMarked:TakeCover"],"picked":"theMarked:ChainLightning","floor":3},{"not_picked":["theMarked:TunnelVision","theMarked:RepellingDischarge","theMarked:ShockingTouch"],"picked":"SKIP","floor":7},{"not_picked":["theMarked:Pokerface","theMarked:BanishingStrike"],"picked":"theMarked:Electrify","floor":10},{"not_picked":["theMarked:EnhanceMovement","theMarked:WardOff"],"picked":"theMarked:Panic","floor":11},{"not_picked":["theMarked:SwordAndMagic","theMarked:TunnelVision","theMarked:ElectricStrings"],"picked":"SKIP","floor":12},{"not_picked":["theMarked:WastefulAttack","theMarked:Improvise"],"picked":"theMarked:HeightenedSenses","floor":14},{"not_picked":["theMarked:TurnInvisible","theMarked:TakeOffHeels"],"picked":"theMarked:Toughness","floor":16},{"not_picked":["theMarked:WardOff","theMarked:WastefulAttack","theMarked:Memento"],"picked":"SKIP","floor":18},{"not_picked":["theMarked:PowerFlow","theMarked:ResourceFulStrike+1"],"picked":"theMarked:ElectricStrings+1","floor":20},{"not_picked":["theMarked:BanishingStrike+1","theMarked:ElectricStrings+1"],"picked":"theMarked:SwordAndMagic+1","floor":22},{"not_picked":["theMarked:Electrify","theMarked:Seal"],"picked":"theMarked:WastefulAttack+1","floor":23},{"not_picked":["theMarked:EnhanceMovement+1","theMarked:Improvise+1","theMarked:RogueSparks"],"picked":"SKIP","floor":25},{"not_picked":["theMarked:ChainLightning+1","theMarked:BanishingStrike+1"],"picked":"theMarked:ElectricStrings+1","floor":27},{"not_picked":["theMarked:Frustration+1","theMarked:Aftermath"],"picked":"theMarked:Levitate","floor":28}],"player_experience":888836,"relics_obtained":[{"floor":5,"key":"War Paint"},{"floor":9,"key":"Toy Ornithopter"},{"floor":10,"key":"InkBottle"},{"floor":11,"key":"Odd Mushroom"},{"floor":12,"key":"Art of War"},{"floor":14,"key":"Akabeko"},{"floor":17,"key":"Happy Flower"},{"floor":17,"key":"Ornamental Fan"},{"floor":17,"key":"CaptainsWheel"},{"floor":23,"key":"MealTicket"},{"floor":25,"key":"Meat on the Bone"},{"floor":27,"key":"Gambling Chip"}],"event_choices":[{"damage_healed":0,"gold_gain":175,"player_choice":"AGREE","damage_taken":0,"max_hp_gain":0,"max_hp_loss":0,"event_name":"Liars Game","floor":4,"gold_loss":0,"cards_obtained":["Doubt"]},{"damage_healed":0,"gold_gain":0,"player_choice":"Relic","damage_taken":0,"max_hp_gain":0,"max_hp_loss":0,"event_name":"Wheel of Change","floor":5,"gold_loss":0},{"damage_healed":0,"gold_gain":0,"player_choice":"Fought Mushrooms","damage_taken":0,"max_hp_gain":0,"max_hp_loss":0,"event_name":"Mushrooms","floor":11,"gold_loss":0},{"damage_healed":0,"gold_gain":0,"player_choice":"Lose Max HP","damage_taken":0,"relics_obtained":["Golden Idol"],"max_hp_gain":0,"max_hp_loss":5,"event_name":"Golden Idol","floor":13,"gold_loss":0},{"damage_healed":0,"gold_gain":0,"player_choice":"Obtained Relic","damage_taken":0,"relics_obtained":["Molten Egg 2"],"max_hp_gain":0,"max_hp_loss":0,"event_name":"Addict","floor":19,"gold_loss":85},{"damage_healed":0,"gold_gain":0,"player_choice":"Fight","damage_taken":0,"max_hp_gain":0,"max_hp_loss":0,"event_name":"Colosseum","floor":27,"gold_loss":0},{"damage_healed":0,"gold_gain":0,"player_choice":"Fought Nobs","damage_taken":0,"max_hp_gain":0,"max_hp_loss":0,"event_name":"Colosseum","floor":27,"gold_loss":0}],"is_beta":true,"boss_relics":[{"not_picked":["Runic Pyramid","Runic Dome"],"picked":"Calling Bell"}],"items_purged_floors":[21],"is_endless":false,"potions_floor_spawned":[1,7,11,12,16,22,27,27,28],"killed_by":"Book of Stabbing","ascension_level":1}}