{"host":"vrsxkkch9ccrec7k","time":1612179885,"event":{"mods":["Act Like it!","BaseMod","Bestiary","Better Altar","Better Match","Better Note","Better Sensory Stone","Better Skull","Better Third Choice","Better Vampires","Downfall","Minty Spire (QoL Compilation)","Permanent Neow","Relic Stats","Spicy Shops","StSLib"],"gold_per_floor":[399,416,435,83,83,83,83,83,98,118,135,163,178,0,11,11,11,11],"floor_reached":16,"language":"ENG","playtime":1403,"items_purged":["downfall:Malfunctioning","sneckomod:Strike"],"score":135,"play_id":"c1c6d5d8-4891-485f-9c91-dd5b584c1ed1","local_time":"20210201064445","is_ascension_mode":true,"campfire_choices":[{"data":"sneckomod:TailWhip","floor":1,"key":"SMITH"}],"circlet_count":0,"master_deck":["sneckomod:Strike","sneckomod:Strike","sneckomod:Defend","sneckomod:Defend","sneckomod:Defend","sneckomod:TailWhip+1","sneckomod:SnekBite","sneckomod:Unknown","sneckomod:Unknown","sneckomod:IronFang","sneckomod:UnknownStrength","sneckomod:Restock","sneckomod:TrashToTreasure","sneckomod:SoulRoll","sneckomod:UnknownRarePower","sneckomod:UnknownRareSkill","sneckomod:UnknownRarePower","sneckomod:Rotation","Fiend Fire"],"relics":["sneckomod:SneckoSoul","Old Coin","Membership Card","sneckomod:ConfusingCodex","FossilizedHelix","Potion Belt","Dream Catcher","sneckomod:RareBoosterPack"],"acts_visited":["Exordium"],"potions_floor_usage":[12,12,16,16,16,16],"damage_taken":[{"damage":6,"enemies":"2 Louse","floor":2,"turns":2},{"damage":12,"enemies":"Jaw Worm","floor":3,"turns":4},{"damage":0,"enemies":"downfall:FleeingMerchant","floor":4,"turns":4},{"damage":0,"enemies":"Small Slimes","floor":9,"turns":2},{"damage":1,"enemies":"Exordium Thugs","floor":10,"turns":3},{"damage":0,"enemies":"2 Fungi Beasts","floor":11,"turns":4},{"damage":10,"enemies":"Lagavulin","floor":12,"turns":5},{"damage":5,"enemies":"Gremlin Gang","floor":13,"turns":5},{"damage":0,"enemies":"downfall:FleeingMerchant","floor":14,"turns":4},{"damage":0,"enemies":"Red Slaver","floor":15,"turns":4},{"damage":48,"enemies":"DF_ARCHETYPE_STREAMLINE","floor":16,"turns":14}],"seed_played":"4896483066682374062","potions_obtained":[{"floor":2,"key":"BlessingOfTheForge"},{"floor":8,"key":"Ancient Potion"},{"floor":8,"key":"Slimebound:ThreeZeroPotion"},{"floor":8,"key":"champ:CounterPotion"},{"floor":12,"key":"Ancient Potion"},{"floor":15,"key":"hexamod:SoulburnPotion"}],"is_trial":false,"path_per_floor":["R","M","M","$","?","?","T","?","M","M","M","E","M","$","M","B"],"character_chosen":"THE_SNECKO","items_purchased":["Membership Card","sneckomod:ConfusingCodex","FossilizedHelix","sneckomod:RareBoosterPack","LiquidBronze"],"campfire_rested":0,"item_purchase_floors":[4,4,4,14,14],"current_hp_per_floor":[81,75,63,63,63,63,63,63,63,62,62,52,47,47,47,0,0,0],"gold":11,"neow_bonus":"ONE_RARE_RELIC","is_daily":false,"chose_seed":false,"campfire_upgraded":1,"win_rate":0.0,"timestamp":1612179885,"path_taken":["R","M","M","$","?","?","T","?","M","M","M","E","?","$","M","BOSS"],"items_purchased_type":["Relic","Relic","Relic","Relic","Potion"],"build_version":"2020-12-22","purchased_purges":2,"victory":false,"max_hp_per_floor":[90,90,90,90,90,90,90,90,90,90,90,90,90,90,90,90,90,90],"relic_stats":{"Dream Catcher":0,"counters":[11,51],"obtain_stats":[{"Potion Belt":7,"Dream Catcher":12,"sneckomod:ConfusingCodex":4,"Membership Card":4,"sneckomod:SneckoSoul":0,"sneckomod:RareBoosterPack":14,"FossilizedHelix":4,"Old Coin":0},{"Potion Belt":3,"Dream Catcher":7,"sneckomod:ConfusingCodex":3,"Membership Card":3,"sneckomod:SneckoSoul":0,"sneckomod:RareBoosterPack":9,"FossilizedHelix":3,"Old Coin":0},{"Potion Belt":10,"Dream Catcher":24,"sneckomod:ConfusingCodex":10,"Membership Card":10,"sneckomod:SneckoSoul":0,"sneckomod:RareBoosterPack":33,"FossilizedHelix":10,"Old Coin":0}]},"card_choices":[{"not_picked":["sneckomod:DiceBlock","sneckomod:SoulRoll"],"picked":"sneckomod:IronFang","floor":2},{"not_picked":["sneckomod:SnekBeam","sneckomod:DiceBlock"],"picked":"sneckomod:UnknownStrength","floor":3},{"not_picked":["sneckomod:IronFang","sneckomod:DiceBlock","sneckomod:UnknownBlock"],"picked":"SKIP","floor":4},{"not_picked":["sneckomod:RainOfDice","sneckomod:QuickMove"],"picked":"sneckomod:Restock","floor":9},{"not_picked":["sneckomod:SoulDraw","sneckomod:SoulRoll"],"picked":"sneckomod:TrashToTreasure","floor":10},{"not_picked":["sneckomod:UnknownCommonSkill","sneckomod:DiceBoulder","sneckomod:Unknown1Cost"],"picked":"SKIP","floor":11},{"not_picked":["sneckomod:UnknownBlock","sneckomod:QuickBite"],"picked":"sneckomod:SoulRoll","floor":12},{"not_picked":["sneckomod:DefensiveFlair","sneckomod:UnknownStrike","sneckomod:DiceBlock"],"picked":"SKIP","floor":13},{"not_picked":["sneckomod:MixItUp","sneckomod:DiceBlock"],"picked":"sneckomod:UnknownRarePower","floor":14},{"not_picked":["sneckomod:TrashToTreasure","sneckomod:SoulRoll"],"picked":"sneckomod:Rotation","floor":15}],"player_experience":1856359,"relics_obtained":[{"floor":7,"key":"Potion Belt"},{"floor":12,"key":"Dream Catcher"}],"event_choices":[{"damage_healed":0,"gold_gain":0,"player_choice":"LEAVE","damage_taken":0,"max_hp_gain":0,"max_hp_loss":0,"event_name":"betterThird:BetterScrap","floor":6,"gold_loss":0,"cards_obtained":["Vengeance"]},{"damage_healed":0,"gold_gain":0,"player_choice":"Got Potions","damage_taken":0,"max_hp_gain":0,"max_hp_loss":0,"event_name":"Lab","floor":8,"gold_loss":0}],"is_beta":false,"boss_relics":[],"items_purged_floors":[4,14],"is_endless":false,"potions_floor_spawned":[2,11,12,15],"killed_by":"DF_ARCHETYPE_STREAMLINE","ascension_level":6}}