{"host":"jxmsv4d84jcvxth5","time":1612139797,"event":{"mods":["BaseMod","Colored Map","Minty Spire (QoL Compilation)","Relic Stats","StSLib"],"gold_per_floor":[112,132,151,151,19,19,46,46,115,143,160,174,203,219,219,219,219],"floor_reached":16,"language":"ENG","playtime":1171,"items_purged":["Strike_R"],"score":244,"play_id":"a3d0fbdd-8fc1-4de4-b435-6b558548b38a","local_time":"20210131193637","is_ascension_mode":true,"campfire_choices":[{"data":"Bash","floor":6,"key":"SMITH"},{"data":"Blood for Blood","floor":8,"key":"SMITH"},{"data":"True Grit","floor":15,"key":"SMITH"}],"circlet_count":0,"master_deck":["AscendersBane","Strike_R","Strike_R","Strike_R","Strike_R","Defend_R","Defend_R+1","Defend_R+1","Defend_R","Bash+1","Pommel Strike","Iron Wave","Combust","Blood for Blood+1","Sword Boomerang","Warcry","True Grit+1"],"relics":["Burning Blood","NeowsBlessing","Anchor","Meat on the Bone","Regal Pillow","War Paint"],"acts_visited":["Exordium"],"potions_floor_usage":[10,13,16,16],"damage_taken":[{"damage":0,"enemies":"Small Slimes","floor":1,"turns":1},{"damage":0,"enemies":"Cultist","floor":2,"turns":1},{"damage":0,"enemies":"2 Louse","floor":3,"turns":1},{"damage":21,"enemies":"3 Sentries","floor":7,"turns":6},{"damage":8,"enemies":"Gremlin Nob","floor":10,"turns":3},{"damage":21,"enemies":"Exordium Thugs","floor":11,"turns":5},{"damage":2,"enemies":"Lots of Slimes","floor":12,"turns":2},{"damage":23,"enemies":"Lagavulin","floor":13,"turns":6},{"damage":6,"enemies":"Large Slime","floor":14,"turns":4},{"damage":54,"enemies":"Hexaghost","floor":16,"turns":9}],"seed_played":"8202233860261574005","potions_obtained":[{"floor":1,"key":"LiquidMemories"},{"floor":10,"key":"Ancient Potion"},{"floor":13,"key":"Fire Potion"}],"is_trial":false,"path_per_floor":["M","M","M","?","$","R","E","R","T","E","M","M","E","M","R","B"],"character_chosen":"IRONCLAD","items_purchased":["PowerPotion"],"campfire_rested":0,"item_purchase_floors":[5],"current_hp_per_floor":[74,75,75,75,75,75,60,60,60,58,55,59,54,54,54,0,0],"gold":219,"neow_bonus":"THREE_ENEMY_KILL","is_daily":false,"chose_seed":false,"campfire_upgraded":3,"win_rate":0.0,"timestamp":1612139797,"path_taken":["M","M","M","?","$","R","E","R","T","E","?","M","E","M","R","BOSS"],"items_purchased_type":["Potion"],"build_version":"2020-12-22","purchased_purges":1,"victory":false,"max_hp_per_floor":[75,75,75,75,75,75,75,75,75,75,75,75,75,75,75,75,75],"relic_stats":{"Regal Pillow":0,"counters":[10,38],"War Paint":["Defend_R","Defend_R"],"obtain_stats":[{"Anchor":7,"Regal Pillow":10,"NeowsBlessing":0,"War Paint":13,"Burning Blood":0,"Meat on the Bone":9},{"Anchor":4,"Regal Pillow":5,"NeowsBlessing":0,"War Paint":8,"Burning Blood":0,"Meat on the Bone":4},{"Anchor":9,"Regal Pillow":12,"NeowsBlessing":0,"War Paint":25,"Burning Blood":0,"Meat on the Bone":9}],"Burning Blood":43,"Meat on the Bone":24},"card_choices":[{"not_picked":["Rage","Power Through"],"picked":"Pommel Strike","floor":1},{"not_picked":["Twin Strike","Armaments"],"picked":"Iron Wave","floor":2},{"not_picked":["Havoc","Clash"],"picked":"Combust","floor":3},{"not_picked":["Anger","Offering"],"picked":"Blood for Blood","floor":7},{"not_picked":["Cleave","Bludgeon"],"picked":"Sword Boomerang","floor":10},{"not_picked":["Uppercut","Sentinel","Thunderclap"],"picked":"SKIP","floor":11},{"not_picked":["Pummel","Headbutt"],"picked":"Warcry","floor":12},{"not_picked":["Rampage","Havoc","Anger"],"picked":"SKIP","floor":13},{"not_picked":["Rampage","Havoc","Anger"],"picked":"SKIP","floor":13},{"not_picked":["Anger","Clash"],"picked":"True Grit","floor":14}],"player_experience":1535507,"relics_obtained":[{"floor":7,"key":"Anchor"},{"floor":9,"key":"Meat on the Bone"},{"floor":10,"key":"Regal Pillow"},{"floor":13,"key":"War Paint"}],"event_choices":[{"damage_healed":0,"gold_gain":0,"player_choice":"0 cards matched","damage_taken":0,"max_hp_gain":0,"max_hp_loss":0,"event_name":"Match and Keep!","floor":4,"gold_loss":0,"cards_obtained":[]}],"is_beta":false,"boss_relics":[],"items_purged_floors":[5],"is_endless":false,"potions_floor_spawned":[1,10,12,13],"killed_by":"Hexaghost","ascension_level":20}}