{"host":"fuszjwm6fqgjjp4d","time":1612140021,"event":{"mods":["BaseMod","Bestiary","Colored Map","DeckTracker","Minty Spire (QoL Compilation)","Permanent Neow","Relic Sorter","Relic Stats","StSLib"],"gold_per_floor":[215,234,334,6,6,49,49,49,49,49,83,102,126,139,139,139,139],"floor_reached":16,"language":"ENG","playtime":454,"items_purged":[],"score":220,"play_id":"5467de72-d13a-439b-9569-5c84fc1eeeaf","local_time":"20210131184021","is_ascension_mode":true,"campfire_choices":[{"data":"Barrage","floor":7,"key":"SMITH"},{"data":"Barrage","floor":10,"key":"SMITH"},{"floor":15,"key":"REST"}],"circlet_count":0,"master_deck":["AscendersBane","Strike_B","Strike_B","Strike_B","Defend_B","Defend_B","Defend_B","Defend_B","Zap","Dualcast","Cold Snap","Coolheaded","Barrage+1","Barrage+1","Glacier","Static Discharge"],"relics":["Cracked Core","Pear","Golden Idol","Dream Catcher","Torii","White Beast Statue"],"acts_visited":["Exordium"],"potions_floor_usage":[13,14,14],"damage_taken":[{"damage":2,"enemies":"Jaw Worm","floor":1,"turns":4},{"damage":0,"enemies":"Cultist","floor":2,"turns":4},{"damage":42,"enemies":"Lagavulin","floor":6,"turns":9},{"damage":25,"enemies":"3 Sentries","floor":11,"turns":9},{"damage":0,"enemies":"2 Louse","floor":12,"turns":4},{"damage":2,"enemies":"Red Slaver","floor":13,"turns":3},{"damage":2,"enemies":"Gremlin Gang","floor":14,"turns":4},{"damage":22,"enemies":"Hexaghost","floor":16,"turns":9}],"seed_played":"-5640060234143539747","potions_obtained":[{"floor":6,"key":"Weak Potion"},{"floor":12,"key":"Energy Potion"},{"floor":13,"key":"DuplicationPotion"},{"floor":14,"key":"Explosive Potion"}],"is_trial":false,"path_per_floor":["M","M","?","$","?","E","R","?","T","R","E","M","M","M","R","B"],"character_chosen":"DEFECT","items_purchased":["Barrage","Pear"],"campfire_rested":1,"item_purchase_floors":[4,4],"current_hp_per_floor":[62,62,62,72,72,30,30,30,30,30,5,5,3,1,22,0,0],"gold":139,"neow_bonus":"HUNDRED_GOLD","is_daily":false,"chose_seed":false,"campfire_upgraded":2,"win_rate":0.0,"timestamp":1612140021,"path_taken":["M","M","?","$","?","E","R","?","T","R","E","M","M","?","R","BOSS"],"items_purchased_type":["Card","Relic"],"build_version":"2020-12-22","purchased_purges":0,"victory":false,"max_hp_per_floor":[71,71,71,81,73,73,73,73,73,73,73,73,73,73,73,73,73],"relic_stats":{"Dream Catcher":1,"Torii":14,"counters":[8,46],"Golden Idol":28,"obtain_stats":[{"Dream Catcher":6,"Pear":4,"Torii":9,"Golden Idol":5,"Cracked Core":0,"White Beast Statue":11},{"Dream Catcher":3,"Pear":2,"Torii":3,"Golden Idol":2,"Cracked Core":0,"White Beast Statue":4},{"Dream Catcher":17,"Pear":8,"Torii":17,"Golden Idol":8,"Cracked Core":0,"White Beast Statue":26}]},"card_choices":[{"not_picked":["Sweeping Beam","Redo"],"picked":"Cold Snap","floor":1},{"not_picked":["Sweeping Beam","Skim"],"picked":"Coolheaded","floor":2},{"not_picked":["Steam","Rebound"],"picked":"Barrage","floor":6},{"not_picked":["Skim","Turbo","Reinforced Body"],"picked":"SKIP","floor":11},{"not_picked":["Gash","Hyperbeam","Steam"],"picked":"SKIP","floor":12},{"not_picked":["Beam Cell","Redo","Coolheaded"],"picked":"SKIP","floor":13},{"not_picked":["Stack","Loop"],"picked":"Glacier","floor":14},{"not_picked":["Genetic Algorithm","Storm"],"picked":"Static Discharge","floor":15}],"player_experience":1408531,"relics_obtained":[{"floor":6,"key":"Dream Catcher"},{"floor":9,"key":"Torii"},{"floor":11,"key":"White Beast Statue"}],"event_choices":[{"damage_healed":0,"gold_gain":100,"player_choice":"Gold","damage_taken":0,"max_hp_gain":0,"max_hp_loss":0,"event_name":"Wheel of Change","floor":3,"gold_loss":0},{"damage_healed":0,"gold_gain":0,"player_choice":"Lose Max HP","damage_taken":0,"relics_obtained":["Golden Idol"],"max_hp_gain":0,"max_hp_loss":8,"event_name":"Golden Idol","floor":5,"gold_loss":0},{"cards_removed":["Strike_B"],"damage_healed":0,"gold_gain":0,"player_choice":"Offered Basic","damage_taken":0,"max_hp_gain":0,"max_hp_loss":0,"event_name":"Bonfire Elementals","floor":8,"gold_loss":0}],"is_beta":false,"boss_relics":[],"items_purged_floors":[],"is_endless":false,"potions_floor_spawned":[6,12,13,14],"killed_by":"Hexaghost","ascension_level":20}}