{"host":"d61fcf2p3sjwe6yo","time":1612183495,"event":{"mods":["AchievementEnabler","BaseMod","Colored Map","Downfall","Minty Spire (QoL Compilation)","StSLib","SuperFastMode"],"gold_per_floor":[199,218,234,234,249,268,291,302,313,328,228,228,228,228,245,245,245,245],"floor_reached":16,"language":"ENG","playtime":679,"items_purged":[],"score":158,"play_id":"993bd2ca-99d0-444a-b283-e2815555d9ed","local_time":"20210201154455","is_ascension_mode":true,"campfire_choices":[{"floor":1,"key":"RECALL"}],"circlet_count":0,"master_deck":["AscendersBane","sneckomod:Strike","sneckomod:Strike","sneckomod:Strike","sneckomod:Defend","sneckomod:Defend+1","sneckomod:Defend","sneckomod:TailWhip+1","sneckomod:SnekBite","sneckomod:Unknown+1","sneckomod:Unknown","sneckomod:Restock","sneckomod:UnknownUncommonPower+1","sneckomod:UnknownCommonSkill","sneckomod:UnknownCommonAttack","Shrug It Off","downfall:Malfunctioning","Dodge and Roll","sneckomod:UnknownStrength"],"relics":["sneckomod:SneckoSoul","MealTicket","downfall:HeartBlessingRed","downfall:BrokenWingStatue"],"acts_visited":["Exordium"],"potions_floor_usage":[9,9],"damage_taken":[{"damage":5,"enemies":"2 Louse","floor":2,"turns":4},{"damage":2,"enemies":"Jaw Worm","floor":3,"turns":4},{"damage":0,"enemies":"Cultist","floor":5,"turns":4},{"damage":10,"enemies":"Large Slime","floor":6,"turns":6},{"damage":10,"enemies":"Blue Slaver","floor":8,"turns":5},{"damage":7,"enemies":"Exordium Thugs","floor":9,"turns":6},{"damage":3,"enemies":"2 Fungi Beasts","floor":10,"turns":5},{"damage":0,"enemies":"3 Louse","floor":15,"turns":3},{"damage":33,"enemies":"SI_SHIV_ARCHETYPE","floor":16,"turns":8}],"seed_played":"-5988467741643375822","potions_obtained":[{"floor":2,"key":"ColorlessPotion"},{"floor":5,"key":"PowerPotion"},{"floor":6,"key":"sneckomod:MuddlingPotion"},{"floor":8,"key":"Block Potion"}],"is_trial":false,"path_per_floor":["R","M","M","?","M","M","T","M","M","M","R","?","R","?","M","B"],"character_chosen":"THE_SNECKO","items_purchased":[],"campfire_rested":0,"item_purchase_floors":[],"current_hp_per_floor":[81,76,74,79,79,69,69,59,52,49,49,49,49,49,49,16,16,16],"gold":245,"neow_bonus":"HUNDRED_GOLD","is_daily":false,"chose_seed":false,"campfire_upgraded":0,"win_rate":0.0,"timestamp":1612183495,"path_taken":["R","M","M","?","M","M","T","M","M","M","R","?","R","?","M","BOSS"],"items_purchased_type":[],"build_version":"2020-12-22","purchased_purges":0,"victory":false,"max_hp_per_floor":[90,90,90,95,95,95,95,95,95,95,95,95,95,95,95,95,95,95],"card_choices":[{"not_picked":["sneckomod:TrashToTreasure","sneckomod:DiceCrush"],"picked":"sneckomod:UnknownBlock","floor":2},{"not_picked":["sneckomod:MixItUp","sneckomod:RainOfDice","sneckomod:DiceBoulder"],"picked":"SKIP","floor":3},{"not_picked":["sneckomod:Nope","sneckomod:IronFang"],"picked":"sneckomod:Restock","floor":5},{"not_picked":["sneckomod:SoulCleanse","sneckomod:Rotation"],"picked":"sneckomod:UnknownCommonSkill","floor":6},{"not_picked":["sneckomod:DiceCrush","sneckomod:DiceBlock"],"picked":"sneckomod:UnknownUncommonPower","floor":8},{"not_picked":["sneckomod:IronFang","sneckomod:WideSting"],"picked":"sneckomod:UnknownCommonSkill","floor":9},{"not_picked":["sneckomod:UnknownDraw","sneckomod:Unknown0Cost"],"picked":"sneckomod:UnknownCommonAttack","floor":10},{"not_picked":["sneckomod:UnknownBlock","sneckomod:Unknown1Cost"],"picked":"sneckomod:UnknownStrength","floor":15}],"player_experience":742992,"relics_obtained":[{"floor":7,"key":"MealTicket"}],"event_choices":[{"damage_healed":0,"gold_gain":0,"player_choice":"Donut","damage_taken":0,"max_hp_gain":5,"max_hp_loss":0,"event_name":"Big Fish","floor":4,"gold_loss":0}],"is_beta":false,"boss_relics":[],"items_purged_floors":[],"is_endless":false,"potions_floor_spawned":[2,5,6,8],"killed_by":"SI_SHIV_ARCHETYPE","ascension_level":13}}