{"host":"jm9833yuloeli2yd","time":1612199919,"event":{"mods":["BaseMod","Better Altar","Better Match","Better Note","Better Sensory Stone","Better Skull","Better Third Choice","Better Vampires","BetterRewards","Colored Map","Colored Powertips","DeckTracker","Minty Spire (QoL Compilation)","Permanent Neow","Quick Restart","StSLib","SuperFastMode"],"gold_per_floor":[112,125,90,90,105,138,138,138,162,192,192,202,219,232,232,232,232],"floor_reached":16,"language":"ENG","playtime":463,"items_purged":[],"score":224,"play_id":"3b487fad-ab52-4d08-87b2-0cbd148f6f2c","local_time":"20210201121839","is_ascension_mode":true,"campfire_choices":[{"data":"Sweeping Beam","floor":8,"key":"SMITH"},{"floor":11,"key":"REST"},{"data":"Beam Cell","floor":15,"key":"SMITH"}],"circlet_count":0,"master_deck":["AscendersBane","Strike_B+1","Strike_B","Strike_B","Strike_B","Defend_B","Defend_B","Defend_B","Defend_B","Zap","Dualcast","Genetic Algorithm","Rebound+1","Self Repair","Sweeping Beam+1","Beam Cell","Beam Cell+1","White Noise","Coolheaded"],"relics":["Nuclear Battery","Nunchaku","Pen Nib","Whetstone"],"acts_visited":["Exordium"],"potions_floor_usage":[6,10,16],"damage_taken":[{"damage":12,"enemies":"Jaw Worm","floor":1,"turns":4},{"damage":3,"enemies":"2 Louse","floor":2,"turns":4},{"damage":2,"enemies":"Cultist","floor":5,"turns":4},{"damage":35,"enemies":"Lagavulin","floor":6,"turns":8},{"damage":31,"enemies":"Gremlin Nob","floor":10,"turns":4},{"damage":10,"enemies":"Lots of Slimes","floor":12,"turns":4},{"damage":8,"enemies":"Exordium Thugs","floor":13,"turns":3},{"damage":0,"enemies":"Large Slime","floor":14,"turns":3},{"damage":47,"enemies":"Hexaghost","floor":16,"turns":9}],"seed_played":"3890213702927843845","potions_obtained":[{"floor":4,"key":"SmokeBomb"},{"floor":4,"key":"Energy Potion"},{"floor":5,"key":"ColorlessPotion"},{"floor":6,"key":"AttackPotion"},{"floor":12,"key":"SteroidPotion"},{"floor":13,"key":"Regen Potion"}],"is_trial":false,"path_per_floor":["M","M","?","?","M","E","$","R","T","E","R","M","M","M","R","B"],"character_chosen":"DEFECT","items_purchased":[],"campfire_rested":1,"item_purchase_floors":[],"current_hp_per_floor":[52,49,66,66,64,36,36,36,36,12,33,30,22,29,29,0,0],"gold":232,"neow_bonus":"BOSS_RELIC","is_daily":false,"chose_seed":false,"campfire_upgraded":2,"win_rate":0.0,"timestamp":1612199919,"path_taken":["M","M","?","?","M","E","$","R","T","E","R","M","M","?","R","BOSS"],"items_purchased_type":[],"build_version":"2020-12-22","purchased_purges":0,"victory":false,"max_hp_per_floor":[71,71,71,71,71,71,71,71,71,71,71,71,71,71,71,71,71],"card_choices":[{"not_picked":["Beam Cell","Blizzard"],"picked":"Genetic Algorithm","floor":1},{"not_picked":["Force Field","Chaos"],"picked":"Rebound","floor":2},{"not_picked":["Hologram","Consume"],"picked":"Self Repair","floor":5},{"not_picked":["Coolheaded","Barrage"],"picked":"Sweeping Beam","floor":6},{"not_picked":["Stack","Capacitor"],"picked":"Beam Cell","floor":10},{"not_picked":["Leap","Hologram"],"picked":"Beam Cell","floor":12},{"not_picked":["Leap","Turbo"],"picked":"White Noise","floor":13},{"not_picked":["Genetic Algorithm","Sweeping Beam"],"picked":"Coolheaded","floor":14}],"player_experience":1354752,"relics_obtained":[{"floor":6,"key":"Nunchaku"},{"floor":9,"key":"Pen Nib"},{"floor":10,"key":"Whetstone"}],"event_choices":[{"damage_healed":17,"gold_gain":0,"player_choice":"Healed","damage_taken":0,"max_hp_gain":0,"max_hp_loss":0,"event_name":"The Cleric","floor":3,"gold_loss":35},{"damage_healed":0,"gold_gain":0,"player_choice":"Got Potions","damage_taken":0,"max_hp_gain":0,"max_hp_loss":0,"event_name":"Lab","floor":4,"gold_loss":0}],"is_beta":false,"boss_relics":[],"items_purged_floors":[],"is_endless":false,"potions_floor_spawned":[5,6,12,13],"killed_by":"Hexaghost","ascension_level":20}}