{"host":"j0tja808rg8hkg8v","time":1612200252,"event":{"mods":["Aspiration","BaseMod","Colored Powertips","Downfall","Energized Spire","Hermit","Infinite Spire","Ironclad Rager","Magitek Elite","Minty Spire (QoL Compilation)","Relic Stats","Replay The Spire","StSLib","The Bladedancer","The Cursed","The Disciple","The Runesmith"],"gold_per_floor":[114,130,130,155,155,199,220,220,220,220,244,262,278,297,297,422,422,445,544,535,555,555,555],"floor_reached":22,"language":"ENG","playtime":1851,"items_purged":[],"score":202,"play_id":"ec53c60b-484e-4402-b144-5f26332390b7","local_time":"20210201172412","is_ascension_mode":true,"campfire_choices":[{"floor":8,"key":"REST"},{"data":"Runesmith:Reinforce","floor":10,"key":"SMITH"},{"floor":15,"key":"DIG"}],"circlet_count":0,"master_deck":["Runesmith:Strike_RS","Runesmith:Strike_RS","Runesmith:Strike_RS","Runesmith:Defend_RS","Runesmith:Defend_RS","Runesmith:CraftFirestone","Runesmith:Fortify+1","Runesmith:EnergizedChisel","Runesmith:Reinforce+1","Runesmith:StaticCage","Runesmith:PerfectChisel","Runesmith:CraftMagma","Runesmith:EnergizedChisel","Runesmith:HeatedChisel","aspiration:UnbridledHammer","Runesmith:ChiselStab","Runesmith:UnlimitedPower"],"relics":["Runesmith:BrokenRuby","Golden Idol","Regal Pillow","Iron Hammer","Counterbalance","Empty Cage"],"acts_visited":["Exordium","TheCity"],"potions_floor_usage":[20,20],"damage_taken":[{"damage":0,"enemies":"Jaw Worm","floor":1,"turns":3},{"damage":0,"enemies":"Cultist","floor":2,"turns":3},{"damage":0,"enemies":"Small Slimes","floor":4,"turns":3},{"damage":4,"enemies":"Lagavulin","floor":6,"turns":8},{"damage":12,"enemies":"Gremlin Gang","floor":7,"turns":5},{"damage":0,"enemies":"2 Fungi Beasts","floor":11,"turns":4},{"damage":5,"enemies":"Lots of Slimes","floor":12,"turns":4},{"damage":5,"enemies":"3 Louse","floor":13,"turns":3},{"damage":0,"enemies":"2 Fungi Beasts","floor":14,"turns":4},{"damage":33,"enemies":"Hexaghost","floor":16,"turns":9},{"damage":0,"enemies":"Spheric Guardian","floor":18,"turns":3},{"damage":5,"enemies":"2 Thieves","floor":20,"turns":4},{"damage":30,"enemies":"3 Cultists","floor":21,"turns":6},{"damage":36,"enemies":"Snake Plant","floor":22,"turns":5}],"seed_played":"4578581175905304092","potions_obtained":[{"floor":1,"key":"SpeedPotion"},{"floor":7,"key":"Slimebound:ThreeZeroPotion"},{"floor":12,"key":"SpeedPotion"},{"floor":14,"key":"Strength Potion"},{"floor":21,"key":"Dexterity Potion"}],"is_trial":false,"path_per_floor":["M","M","?","M","?","E","M","R","T","R","M","M","M","M","R","B",null,"M","?","M","M","M"],"character_chosen":"RUNESMITH_CLASS","items_purchased":[],"campfire_rested":1,"item_purchase_floors":[],"current_hp_per_floor":[70,70,53,53,53,49,37,70,70,70,70,65,60,60,60,27,70,70,70,65,35,0,0],"gold":555,"neow_bonus":"UPGRADE_CARD","is_daily":false,"chose_seed":false,"campfire_upgraded":1,"win_rate":0.0,"timestamp":1612200252,"path_taken":["M","M","?","M","?","E","M","R","T","R","M","M","M","?","R","BOSS","M","?","M","M","M"],"items_purchased_type":[],"build_version":"2020-12-22","purchased_purges":0,"victory":false,"max_hp_per_floor":[70,70,70,70,70,70,70,70,70,70,70,70,70,70,70,70,70,70,70,70,70,70,70],"relic_stats":{"Regal Pillow":12,"counters":[14,64],"Golden Idol":72,"obtain_stats":[{"Runesmith:BrokenRuby":0,"Regal Pillow":6,"Golden Idol":3,"Counterbalance":15,"Iron Hammer":9,"Empty Cage":17},{"Runesmith:BrokenRuby":0,"Regal Pillow":4,"Golden Idol":2,"Counterbalance":9,"Iron Hammer":5,"Empty Cage":10},{"Runesmith:BrokenRuby":0,"Regal Pillow":17,"Golden Idol":6,"Counterbalance":37,"Iron Hammer":22,"Empty Cage":46}]},"card_choices":[{"not_picked":["Runesmith:CraftProtectio","Runesmith:Retool"],"picked":"Runesmith:EnergizedChisel","floor":1},{"not_picked":["Runesmith:UnstableHammer","Runesmith:RuneHurl"],"picked":"Runesmith:Reinforce","floor":2},{"not_picked":["Runesmith:HammerThrow","Runesmith:OneForEveryone","Runesmith:HeatExchange"],"picked":"SKIP","floor":4},{"not_picked":["Runesmith:HammerAndChisel","Runesmith:MakeshiftArmor"],"picked":"Runesmith:PerfectChisel","floor":6},{"not_picked":["Runesmith:Repurpose","Runesmith:UnstableHammer"],"picked":"Runesmith:CraftMagma","floor":7},{"not_picked":["Runesmith:Repurpose","Runesmith:CraftMagma"],"picked":"Runesmith:EnergizedChisel","floor":11},{"not_picked":["Runesmith:ChaoticBlast","Runesmith:UnstableHammer"],"picked":"Runesmith:HeatedChisel","floor":12},{"not_picked":["Runesmith:CraftProtectio","Runesmith:HeatExchange"],"picked":"aspiration:UnbridledHammer","floor":13},{"not_picked":["Runesmith:Superposition","Runesmith:ElementalConversion"],"picked":"Runesmith:ChiselStab","floor":14},{"not_picked":["Runesmith:CreatorForm","Runesmith:ReplicatingBarrier"],"picked":"Runesmith:UnlimitedPower","floor":16},{"not_picked":["Runesmith:MakeshiftArmor","Runesmith:StaticCage","Runesmith:Empowerment"],"picked":"SKIP","floor":18},{"not_picked":["Runesmith:Grindstone+1","Runesmith:Superposition","Runesmith:UnstableHammer"],"picked":"SKIP","floor":20},{"not_picked":["Runesmith:DoubleUp","Runesmith:RunicBlueprint","Runesmith:Grindstone+1"],"picked":"SKIP","floor":21}],"player_experience":66933,"relics_obtained":[{"floor":6,"key":"Regal Pillow"},{"floor":9,"key":"Iron Hammer"},{"floor":15,"key":"Counterbalance"}],"event_choices":[{"damage_healed":0,"gold_gain":0,"player_choice":"Take Damage","damage_taken":17,"relics_obtained":["Golden Idol"],"max_hp_gain":0,"max_hp_loss":0,"event_name":"Golden Idol","floor":3,"gold_loss":0},{"damage_healed":0,"gold_gain":0,"cards_transformed":["Runesmith:Defend_RS"],"player_choice":"Transformed","damage_taken":0,"max_hp_gain":0,"max_hp_loss":0,"event_name":"Transmorgrifier","floor":5,"gold_loss":0,"cards_obtained":["Runesmith:StaticCage"]},{"damage_healed":0,"gold_gain":99,"player_choice":"Stole From Cult","damage_taken":0,"max_hp_gain":0,"max_hp_loss":0,"event_name":"Nest","floor":19,"gold_loss":0}],"is_beta":false,"boss_relics":[{"not_picked":["aspiration:DefectSkillbook","ReplayTheSpireMod:DimensionalGlitch"],"picked":"Empty Cage"}],"items_purged_floors":[],"is_endless":false,"potions_floor_spawned":[1,7,12,14,21],"killed_by":"Snake Plant","ascension_level":1}}