{"host":"rtczl7o4e2em2rmi","time":1612217670,"event":{"mods":["AchievementEnabler","BaseMod","Bestiary","Block Reminder","Minty Spire (QoL Compilation)","Permanent Neow","Relic Filter","Relic Stats","StSLib"],"gold_per_floor":[116,134,42,42,142,170,170,181,181,196,196,196,526,546,546,649,649,665,56,70,70,70],"floor_reached":21,"language":"ZHS","playtime":941,"items_purged":[],"score":302,"play_id":"9a6d2431-86a7-44d9-a9e5-cfb1e14389f2","local_time":"20210201171430","is_ascension_mode":true,"campfire_choices":[{"floor":7.0,"key":"REST"},{"data":"Zap","floor":12.0,"key":"SMITH"},{"floor":15.0,"key":"REST"}],"circlet_count":0,"master_deck":["AscendersBane","Strike_B","Strike_B","Strike_B","Defend_B","Defend_B","Defend_B","Defend_B","Zap+1","Dualcast","Streamline","Turbo","Self Repair","Go for the Eyes","Capacitor","Self Repair","Conserve Battery","Go for the Eyes","Cold Snap","Echo Form","Compile Driver","Panache","FTL","Defragment","Auto Shields","Flash of Steel","Self Repair"],"relics":["Cracked Core","StoneCalendar","Unceasing Top","Meat on the Bone","Old Coin","Philosopher\u0027s Stone","Membership Card","MealTicket","Bronze Scales"],"acts_visited":["Exordium","TheCity"],"potions_floor_usage":[21],"damage_taken":[{"damage":3.0,"enemies":"2 Louse","floor":1.0,"turns":3.0},{"damage":0.0,"enemies":"Small Slimes","floor":2.0,"turns":2.0},{"damage":44.0,"enemies":"Lagavulin","floor":6.0,"turns":7.0},{"damage":1.0,"enemies":"Cultist","floor":8.0,"turns":3.0},{"damage":0.0,"enemies":"3 Louse","floor":10.0,"turns":6.0},{"damage":35.0,"enemies":"3 Sentries","floor":13.0,"turns":7.0},{"damage":43.0,"enemies":"Gremlin Gang","floor":14.0,"turns":6.0},{"damage":38.0,"enemies":"Slime Boss","floor":16.0,"turns":7.0},{"damage":28.0,"enemies":"Shell Parasite","floor":18.0,"turns":7.0},{"damage":19.0,"enemies":"Spheric Guardian","floor":20.0,"turns":4.0},{"damage":112,"enemies":"Cultist and Chosen","floor":21,"turns":6}],"seed_played":"850830373728311262","potions_obtained":[{"floor":1.0,"key":"EssenceOfSteel"},{"floor":6.0,"key":"FairyPotion"},{"floor":11.0,"key":"Fruit Juice"},{"floor":11.0,"key":"EntropicBrew"},{"floor":11.0,"key":"DistilledChaos"},{"floor":18.0,"key":"PotionOfCapacity"},{"floor":20.0,"key":"FocusPotion"}],"is_trial":false,"path_per_floor":["M","M","$","?","?","E","R","M","T","M","?","R","E","M","R","B",null,"M","$","M","M"],"character_chosen":"DEFECT","items_purchased":["Self Repair","Go for the Eyes","Membership Card","Panache","FTL","Defragment","MealTicket","Auto Shields","Bronze Scales","Flash of Steel"],"campfire_rested":2,"item_purchase_floors":[3,3,19,19,19,19,19,19,19,19],"current_hp_per_floor":[65,65,65,58,58,21,43,49,49,63,68,68,59,42,66,54,74,60,60,55,0,0],"gold":70,"neow_bonus":"RANDOM_COMMON_RELIC","is_daily":false,"chose_seed":false,"campfire_upgraded":1,"win_rate":0.0,"timestamp":1612217670,"path_taken":["M","M","$","?","?","E","R","M","T","?","?","R","E","M","R","BOSS","M","$","M","M"],"items_purchased_type":["Card","Card","Relic","Card","Card","Card","Relic","Card","Relic","Card"],"build_version":"2020-12-22","purchased_purges":0,"victory":false,"max_hp_per_floor":[75,75,75,75,75,75,75,75,75,75,80,80,80,80,80,80,80,80,80,80,80,80],"relic_stats":{"counters":[11,58],"Bronze Scales":[30],"StoneCalendar":[147],"MealTicket":0,"obtain_stats":[{"Bronze Scales":19,"StoneCalendar":0,"Philosopher\u0027s Stone":17,"MealTicket":19,"Membership Card":19,"Cracked Core":0,"Unceasing Top":6,"Meat on the Bone":9,"Old Coin":13},{"Bronze Scales":9,"StoneCalendar":0,"Philosopher\u0027s Stone":8,"MealTicket":9,"Membership Card":9,"Cracked Core":0,"Unceasing Top":3,"Meat on the Bone":4,"Old Coin":6},{"Bronze Scales":48,"StoneCalendar":0,"Philosopher\u0027s Stone":41,"MealTicket":48,"Membership Card":48,"Cracked Core":0,"Unceasing Top":12,"Meat on the Bone":15,"Old Coin":28}],"Unceasing Top":[7],"Meat on the Bone":36},"card_choices":[{"not_picked":["Static Discharge","Lockon"],"picked":"Streamline","floor":1.0},{"not_picked":["Compile Driver","Rebound"],"picked":"Turbo","floor":2.0},{"not_picked":["Reprogram","Rebound"],"picked":"Capacitor","floor":6.0},{"not_picked":["Auto Shields","Sweeping Beam"],"picked":"Self Repair","floor":8.0},{"not_picked":["Compile Driver","Redo"],"picked":"Conserve Battery","floor":10.0},{"not_picked":["Amplify","Hello World"],"picked":"Go for the Eyes","floor":13.0},{"not_picked":["Redo","Hologram"],"picked":"Cold Snap","floor":14.0},{"not_picked":["Biased Cognition","Machine Learning"],"picked":"Echo Form","floor":16.0},{"not_picked":["Leap","Chaos"],"picked":"Compile Driver","floor":18.0},{"not_picked":["Steam Power","Go for the Eyes"],"picked":"Self Repair","floor":20.0}],"player_experience":525440,"relics_obtained":[{"floor":6.0,"key":"Unceasing Top"},{"floor":9.0,"key":"Meat on the Bone"},{"floor":13.0,"key":"Old Coin"}],"event_choices":[{"cards_removed":["Strike_B"],"damage_healed":0.0,"max_hp_gain":0.0,"max_hp_loss":0.0,"gold_gain":0.0,"event_name":"Golden Wing","player_choice":"Card Removal","floor":4.0,"gold_loss":0.0,"damage_taken":7.0},{"damage_healed":0.0,"max_hp_gain":0.0,"max_hp_loss":0.0,"gold_gain":100.0,"event_name":"Golden Shrine","player_choice":"Pray","floor":5.0,"gold_loss":0.0,"damage_taken":0.0},{"damage_healed":0.0,"max_hp_gain":0.0,"max_hp_loss":0.0,"gold_gain":0.0,"event_name":"Lab","player_choice":"Got Potions","floor":11.0,"gold_loss":0.0,"damage_taken":0.0}],"is_beta":false,"boss_relics":[{"not_picked":["SacredBark","Nuclear Battery"],"picked":"Philosopher\u0027s Stone"}],"items_purged_floors":[],"is_endless":false,"potions_floor_spawned":[1,6,8,10,18,20],"killed_by":"Cultist and Chosen","ascension_level":12}}