{"host":"17jxu4722zcujg93","time":1612168121,"event":{"mods":["BaseMod","Colored Map","Downfall","Minty Spire (QoL Compilation)","StSLib"],"gold_per_floor":[0,14,0,0,0,34,34,34,61,61,95,95,156,156,169,269,269,169,184,94,94,94,94,120,132,149,176,176,176,208,208,219,319,319,219,271,282,297,311,339,339,370,370,395,395,410,410,441,457,457],"floor_reached":51,"language":"ENG","playtime":5136,"items_purged":["Slimebound:DivideAndConquer"],"score":1077,"play_id":"278e5988-773a-43fc-9d3c-4b795cfc7cd3","local_time":"20210201002841","is_ascension_mode":true,"campfire_choices":[{"data":"Slimebound:Split","floor":1,"key":"SMITH"},{"data":"Slimebound:SamplingLick","floor":12,"key":"SMITH"},{"data":"Slimebound:CorrosiveSpit","floor":18,"key":"SMITH"},{"data":"Slimebound:FirmFortitude","floor":35,"key":"SMITH"},{"data":"Slimebound:SamplingLick","floor":43,"key":"SMITH"},{"data":"Slimebound:MegaLick","floor":45,"key":"SMITH"},{"data":"Slimebound:Nibble","floor":47,"key":"SMITH"}],"circlet_count":0,"master_deck":["Slimebound:Split+1","Slimebound:CorrosiveSpit+1","Slimebound:LevelUp+1","Slimebound:LeechEnergy","Slimebound:ComboTackle","Slimebound:SamplingLick+1","Slimebound:Schlurp","Slimebound:SplitLeeching","Slimebound:SplitLeeching","Slimebound:LeechLife","Slimebound:MassRepurpose","Slimebound:SlimeTap","Slimebound:Nibble+1","Slimebound:SlimeTap","Slimebound:SplitLeeching","Slimebound:SplitMire","Slimebound:FirmFortitude+1","Slimebound:LeechingTouch","Slimebound:SplitAcid+1","Slimebound:Equalize+1","Slimebound:RollThrough","Slimebound:SlimeTap","Slimebound:RallyTheTroops","CurseOfTheBell","Slimebound:SamplingLick+1","Slimebound:GoopSpray+1","Slimebound:SamplingLick+1","Slimebound:Nibble+1","Slimebound:SplitMire+1","Slimebound:MegaLick+1","Slimebound:HauntingLick+1"],"relics":["Slimebound:AbsorbEndCombat","WingedGreaves","Kunai","Eternal Feather","Odd Mushroom","Girya","StoneCalendar","Pandora\u0027s Box","downfall:HeartBlessingBlue","Tiny Chest","Bronze Scales","Enchiridion","Anchor","Gremlin Horn","Calling Bell","Slimebound:AggressiveSlimeRelic","Pear","Ginger","downfall:HeartBlessingGreen","Unceasing Top","Smiling Mask","Darkstone Periapt","Mercury Hourglass","Shovel","Bag of Marbles"],"acts_visited":["Exordium","TheCity","TheBeyond"],"potions_floor_usage":[9,16,16,26,36,40,42],"damage_taken":[{"damage":5,"enemies":"2 Louse","floor":2,"turns":3},{"damage":2,"enemies":"downfall:FleeingMerchant","floor":3,"turns":4},{"damage":18,"enemies":"Gremlin Nob","floor":6,"turns":4},{"damage":25,"enemies":"The Mushroom Lair","floor":9,"turns":6},{"damage":10,"enemies":"Lagavulin","floor":11,"turns":5},{"damage":30,"enemies":"Gremlin Nob","floor":13,"turns":4},{"damage":2,"enemies":"Small Slimes","floor":15,"turns":3},{"damage":20,"enemies":"WA_ARCHETYPE_RETAIN","floor":16,"turns":6},{"damage":0,"enemies":"3 Byrds","floor":19,"turns":3},{"damage":6,"enemies":"downfall:FleeingMerchant","floor":20,"turns":4},{"damage":8,"enemies":"Spheric Guardian","floor":25,"turns":4},{"damage":6,"enemies":"Snake Plant","floor":26,"turns":3},{"damage":0,"enemies":"Book of Stabbing","floor":27,"turns":3},{"damage":10,"enemies":"Book of Stabbing","floor":29,"turns":3},{"damage":0,"enemies":"Gremlin Leader","floor":30,"turns":5},{"damage":15,"enemies":"Centurion and Healer","floor":32,"turns":2},{"damage":19,"enemies":"IC_MUSHROOM_ARCHETYPE","floor":33,"turns":5},{"damage":7,"enemies":"2 Orb Walkers","floor":36,"turns":2},{"damage":0,"enemies":"3 Shapes","floor":37,"turns":3},{"damage":0,"enemies":"Orb Walker","floor":38,"turns":2},{"damage":0,"enemies":"3 Darklings","floor":39,"turns":3},{"damage":2,"enemies":"Reptomancer","floor":40,"turns":4},{"damage":0,"enemies":"Nemesis","floor":42,"turns":5},{"damage":0,"enemies":"Reptomancer","floor":44,"turns":3},{"damage":2,"enemies":"Jaw Worm Horde","floor":46,"turns":2},{"damage":27,"enemies":"Nemesis","floor":48,"turns":5},{"damage":0,"enemies":"Sphere and 2 Shapes","floor":49,"turns":2},{"damage":56,"enemies":"SI_POISON_ARCHETYPE","floor":50,"turns":4}],"seed_played":"-5319453522411167459","potions_obtained":[{"floor":2,"key":"GamblersBrew"},{"floor":6,"key":"Regen Potion"},{"floor":11,"key":"Ancient Potion"},{"floor":13,"key":"DuplicationPotion"},{"floor":19,"key":"AttackPotion"},{"floor":30,"key":"Block Potion"},{"floor":32,"key":"Slimebound:ThreeZeroPotion"},{"floor":33,"key":"LiquidMemories"},{"floor":38,"key":"SpeedPotion"},{"floor":40,"key":"DistilledChaos"},{"floor":44,"key":"Weak Potion"}],"is_trial":false,"path_per_floor":["R","M","$","?","?","E","T","?","?","T","E","R","?","?","M","B",null,"R","M","$","?","?","?","T","M","M","E","?","?","E","T","M","B",null,"R","?","M","M","M","E","T","E","R","E","R","M","R","E","M","B",null],"character_chosen":"SLIMEBOUND","items_purchased":[],"campfire_rested":0,"item_purchase_floors":[],"current_hp_per_floor":[65,62,64,69,69,54,54,54,49,49,47,56,34,34,36,24,70,80,80,80,80,80,65,65,67,75,79,63,57,77,77,85,69,95,95,92,95,95,95,95,95,95,95,95,95,93,95,70,72,71],"gold":457,"neow_bonus":"ONE_RARE_RELIC","is_daily":false,"chose_seed":false,"campfire_upgraded":7,"win_rate":0.0,"timestamp":1612168121,"path_taken":["R","M","$","?","?","E","T","?","?","?","E","R","?","?","M","BOSS","R","M","$","?","?","?","T","M","?","E","?","?","E","?","M","BOSS","R","?","M","M","M","E","T","E","R","E","R","M","R","E","M","BOSS"],"items_purchased_type":[],"build_version":"2020-12-22","purchased_purges":1,"victory":true,"max_hp_per_floor":[65,65,65,70,70,70,70,70,70,70,70,70,70,70,70,70,70,80,80,80,80,80,85,85,85,85,85,85,85,85,85,85,85,95,95,95,95,95,95,95,95,95,95,95,95,95,95,95,95,95],"card_choices":[{"not_picked":["Slimebound:FlameTackle","Slimebound:Dissolve"],"picked":"Slimebound:LevelUp","floor":2},{"not_picked":["Slimebound:ServeAndProtect","Slimebound:SplitBruiser"],"picked":"Slimebound:LeechEnergy","floor":3},{"not_picked":["Slimebound:FinishingTackle","Slimebound:ViciousTackle"],"picked":"Slimebound:ComboTackle","floor":6},{"not_picked":["Slimebound:DisruptingSlam","Slimebound:BestDefense"],"picked":"Slimebound:SamplingLick","floor":9},{"not_picked":["Slimebound:PrepareCrush","Slimebound:SplitAcid"],"picked":"Slimebound:Schlurp","floor":11},{"not_picked":["Slimebound:LivingWall","Slimebound:FinishingTackle"],"picked":"Slimebound:SplitLeeching","floor":13},{"not_picked":["Slimebound:WasteNot","Slimebound:ComboTackle"],"picked":"Slimebound:SplitLeeching","floor":15},{"not_picked":["Slimebound:WasteNot","Slimebound:PrepareCrush"],"picked":"Slimebound:LeechLife","floor":16},{"not_picked":["Slimebound:SplitBruiser+1","Slimebound:GoopTackle"],"picked":"Slimebound:SlimeTap","floor":19},{"not_picked":["Slimebound:LeechEnergy","Slimebound:SlimeSpikes"],"picked":"Slimebound:SplitLeeching","floor":20},{"not_picked":["Slimebound:Gluttony","Slimebound:ProtectTheBoss","Slimebound:Nibble"],"picked":"SKIP","floor":25},{"not_picked":["Slimebound:Prepare+1","Slimebound:ProtectTheBoss"],"picked":"Slimebound:SplitAcid+1","floor":26},{"not_picked":["Slimebound:FinishingTackle","Slimebound:SelfFormingGoo"],"picked":"Slimebound:Equalize+1","floor":27},{"not_picked":["Slimebound:Chomp","Slimebound:LeechEnergy"],"picked":"Slimebound:RollThrough","floor":30},{"not_picked":["Slimebound:SlimeBarrage","Slimebound:SplitLeeching"],"picked":"Slimebound:SlimeTap","floor":32},{"not_picked":["Slimebound:LeechLife","Slimebound:DouseInSlime"],"picked":"Slimebound:RallyTheTroops","floor":33},{"not_picked":["Slimebound:DivideAndConquer+1","Slimebound:SlimeBrawl"],"picked":"Slimebound:SamplingLick+1","floor":36},{"not_picked":["Slimebound:Prepare+1","Slimebound:PressTheAttack"],"picked":"Slimebound:GoopSpray+1","floor":37},{"not_picked":["Slimebound:SlimeBrawl","Slimebound:LeechEnergy+1"],"picked":"Slimebound:SamplingLick","floor":38},{"not_picked":["Slimebound:LivingWall+1","Slimebound:FinishingTackle+1"],"picked":"Slimebound:Nibble+1","floor":39},{"not_picked":["Slimebound:PressTheAttack+1","Slimebound:Schlurp+1"],"picked":"Slimebound:SplitMire+1","floor":40},{"not_picked":["Slimebound:LivingWall+1","Slimebound:DivideAndConquer+1","Slimebound:OneTwoCombo"],"picked":"SKIP","floor":42},{"not_picked":["Slimebound:Chomp","Slimebound:CheckThePlaybook"],"picked":"Slimebound:MegaLick","floor":44},{"not_picked":["Slimebound:SamplingLick+1","Slimebound:RejuvenatingLick"],"picked":"Slimebound:HauntingLick+1","floor":46},{"not_picked":["Slimebound:TongueLash+1","Slimebound:Prepare","Slimebound:LeechingTouch"],"picked":"SKIP","floor":48},{"not_picked":["Slimebound:PressTheAttack+1","Slimebound:DivideAndConquer+1","Slimebound:LeechLife"],"picked":"SKIP","floor":49}],"player_experience":159700,"relics_obtained":[{"floor":6,"key":"Kunai"},{"floor":7,"key":"Eternal Feather"},{"floor":9,"key":"Odd Mushroom"},{"floor":11,"key":"Girya"},{"floor":13,"key":"StoneCalendar"},{"floor":24,"key":"Tiny Chest"},{"floor":27,"key":"Bronze Scales"},{"floor":28,"key":"Enchiridion"},{"floor":30,"key":"Anchor"},{"floor":31,"key":"Gremlin Horn"},{"floor":34,"key":"Slimebound:AggressiveSlimeRelic"},{"floor":34,"key":"Pear"},{"floor":34,"key":"Ginger"},{"floor":36,"key":"Unceasing Top"},{"floor":40,"key":"Smiling Mask"},{"floor":41,"key":"Darkstone Periapt"},{"floor":42,"key":"Mercury Hourglass"},{"floor":44,"key":"Shovel"},{"floor":48,"key":"Bag of Marbles"}],"event_choices":[{"damage_healed":0,"gold_gain":0,"player_choice":"Donut","damage_taken":0,"max_hp_gain":5,"max_hp_loss":0,"event_name":"Big Fish","floor":4,"gold_loss":0},{"cards_removed":["downfall:Malfunctioning"],"damage_healed":0,"gold_gain":0,"player_choice":"Card Removal","damage_taken":0,"max_hp_gain":0,"max_hp_loss":0,"event_name":"The Cleric","floor":8,"gold_loss":0},{"damage_healed":0,"gold_gain":0,"player_choice":"Fought Mushrooms","damage_taken":0,"max_hp_gain":0,"max_hp_loss":0,"event_name":"Mushrooms","floor":9,"gold_loss":0},{"damage_healed":0,"gold_gain":0,"player_choice":"Read","damage_taken":0,"max_hp_gain":0,"max_hp_loss":0,"event_name":"The Library","floor":21,"gold_loss":0,"cards_obtained":["Slimebound:SplitMire"]},{"damage_healed":0,"gold_gain":0,"cards_transformed":["Slimebound:GoopTackle","Slimebound:Tackle"],"player_choice":"Became Test Subject","damage_taken":0,"max_hp_gain":0,"max_hp_loss":0,"event_name":"Drug Dealer","floor":22,"gold_loss":0,"cards_obtained":["Slimebound:FirmFortitude","Slimebound:LeechingTouch"]},{"damage_healed":0,"gold_gain":0,"player_choice":"Fight","damage_taken":0,"max_hp_gain":0,"max_hp_loss":0,"event_name":"Mysterious Sphere","floor":36,"gold_loss":0}],"is_beta":false,"boss_relics":[{"not_picked":["bronze:MakeshiftBattery","Slimebound:AbsorbEndCombatUpgraded"],"picked":"Pandora\u0027s Box"},{"not_picked":["Slimebound:TarBlob","Astrolabe"],"picked":"Calling Bell"}],"items_purged_floors":[20],"is_endless":false,"potions_floor_spawned":[2,6,11,13,19,29,30,32,33,38,40,44,48],"ascension_level":1}}