{"host":"cfv8orgc8997ql4r","time":1612209044,"event":{"mods":["AchievementEnabler","BaseMod","DeckTracker","Keyboard Shortcuts","Minty Spire (QoL Compilation)"],"gold_per_floor":[113,123,143,143,162,162,189,206,206,219,246,246,259,269,269,269,269],"floor_reached":16,"language":"KOR","playtime":495,"items_purged":[],"score":139,"play_id":"069564a9-9725-4bd3-8700-21a7a7d9590a","local_time":"20210202045044","is_ascension_mode":true,"campfire_choices":[{"data":"Burning Pact","floor":6.0,"key":"SMITH"},{"floor":15,"key":"REST"}],"circlet_count":0,"master_deck":["Strike_R","Strike_R","Strike_R","Strike_R","Strike_R","Defend_R","Defend_R","Defend_R","Defend_R","Bash","Heavy Blade","Shrug It Off","Burning Pact+1","Dual Wield","Perfected Strike","Armaments","Cleave+1"],"relics":["Burning Blood","Juzu Bracelet","The Courier","Molten Egg 2","Red Skull"],"acts_visited":["Exordium"],"potions_floor_usage":[11,11,16],"damage_taken":[{"damage":6.0,"enemies":"Cultist","floor":1.0,"turns":4.0},{"damage":6.0,"enemies":"2 Louse","floor":2.0,"turns":3.0},{"damage":7.0,"enemies":"Jaw Worm","floor":3.0,"turns":3.0},{"damage":15.0,"enemies":"Exordium Wildlife","floor":5.0,"turns":5.0},{"damage":36.0,"enemies":"Gremlin Nob","floor":7.0,"turns":5.0},{"damage":7.0,"enemies":"2 Fungi Beasts","floor":8.0,"turns":4.0},{"damage":25.0,"enemies":"Large Slime","floor":10.0,"turns":4.0},{"damage":30,"enemies":"3 Sentries","floor":11,"turns":6},{"damage":5,"enemies":"Blue Slaver","floor":13,"turns":3},{"damage":8,"enemies":"2 Fungi Beasts","floor":14,"turns":3},{"damage":37,"enemies":"Slime Boss","floor":16,"turns":10}],"seed_played":"-7786295167294578673","potions_obtained":[{"floor":2.0,"key":"Regen Potion"},{"floor":5.0,"key":"PowerPotion"},{"floor":8.0,"key":"LiquidMemories"},{"floor":10.0,"key":"SmokeBomb"},{"floor":11,"key":"FearPotion"}],"is_trial":false,"path_per_floor":["M","M","M","?","M","R","E","M","T","M","E","?","M","M","R","B"],"character_chosen":"IRONCLAD","items_purchased":[],"campfire_rested":1,"item_purchase_floors":[],"current_hp_per_floor":[80,80,79,84,75,75,45,44,44,25,15,15,16,14,39,2,2],"gold":269,"neow_bonus":"THREE_CARDS","is_daily":false,"chose_seed":false,"campfire_upgraded":1,"win_rate":0.0,"timestamp":1612209044,"path_taken":["M","?","M","?","M","R","E","M","T","M","E","?","M","M","R","BOSS"],"items_purchased_type":[],"build_version":"2020-12-22","purchased_purges":0,"victory":false,"max_hp_per_floor":[80,80,80,85,85,85,85,85,85,85,85,85,85,85,85,85,85],"card_choices":[{"not_picked":["Anger","Thunderclap"],"picked":"Heavy Blade","floor":0.0},{"not_picked":["Pommel Strike","Cleave"],"picked":"Shrug It Off","floor":1.0},{"not_picked":["Combust","Iron Wave","Cleave"],"picked":"SKIP","floor":2.0},{"not_picked":["Cleave","Clothesline"],"picked":"Burning Pact","floor":3.0},{"not_picked":["Barricade","Warcry"],"picked":"Dual Wield","floor":5.0},{"not_picked":["Headbutt","Reckless Charge"],"picked":"Perfected Strike","floor":7.0},{"not_picked":["Dual Wield","Sentinel","Disarm"],"picked":"SKIP","floor":8.0},{"not_picked":["Clash","Shrug It Off","Twin Strike"],"picked":"SKIP","floor":10.0},{"not_picked":["Sword Boomerang+1","Burning Pact","Shockwave"],"picked":"SKIP","floor":11},{"not_picked":["Sever Soul+1","Anger+1"],"picked":"Armaments","floor":13},{"not_picked":["Clash+1","Pommel Strike+1"],"picked":"Cleave+1","floor":14}],"player_experience":190138,"relics_obtained":[{"floor":7.0,"key":"Juzu Bracelet"},{"floor":9.0,"key":"The Courier"},{"floor":11,"key":"Molten Egg 2"}],"event_choices":[{"damage_healed":0.0,"max_hp_gain":5.0,"max_hp_loss":0.0,"gold_gain":0.0,"event_name":"Big Fish","player_choice":"Donut","floor":4.0,"gold_loss":0.0,"damage_taken":0.0},{"damage_healed":0,"gold_gain":0,"player_choice":"Searched \u00271\u0027 times","damage_taken":0,"relics_obtained":["Red Skull"],"max_hp_gain":0,"max_hp_loss":0,"event_name":"Dead Adventurer","floor":12,"gold_loss":0}],"is_beta":false,"boss_relics":[],"items_purged_floors":[],"is_endless":false,"potions_floor_spawned":[2,5,8,10,11],"killed_by":"Slime Boss","ascension_level":4}}