{"host":"15dd7v8o90xso62x","time":1612176749,"event":{"mods":["BaseMod","Minty Spire (QoL Compilation)","Quick Restart","StSLib","SuperFastMode"],"gold_per_floor":[109,124,49,49,49,82,41,54,54,70,83,83,114,133,133,133,133],"floor_reached":16,"language":"KOR","playtime":405,"items_purged":[],"score":274,"play_id":"a1148336-4c44-421a-acc9-d3f8b490eadf","local_time":"20210201195229","is_ascension_mode":true,"campfire_choices":[{"data":"Blade Dance","floor":15,"key":"SMITH"}],"circlet_count":0,"master_deck":["AscendersBane","Strike_G","Strike_G","Strike_G","Strike_G","Defend_G","Defend_G","Defend_G","Defend_G","Survivor","Neutralize","Blade Dance+1","Tactician","Dagger Spray","PiercingWail","Backstab","Cloak And Dagger"],"relics":["Ring of the Snake","NeowsBlessing","Pear","Ancient Tea Set","SsserpentHead","InkBottle"],"acts_visited":["Exordium"],"potions_floor_usage":[13,16],"damage_taken":[{"damage":0.0,"enemies":"2 Louse","floor":1.0,"turns":1.0},{"damage":0.0,"enemies":"Jaw Worm","floor":2.0,"turns":1.0},{"damage":0.0,"enemies":"Lagavulin","floor":6.0,"turns":1.0},{"damage":1.0,"enemies":"Cultist","floor":8.0,"turns":4.0},{"damage":3.0,"enemies":"Looter","floor":10.0,"turns":3.0},{"damage":2.0,"enemies":"Gremlin Gang","floor":11.0,"turns":7.0},{"damage":29,"enemies":"Gremlin Nob","floor":13,"turns":4},{"damage":0,"enemies":"3 Louse","floor":14,"turns":2},{"damage":23,"enemies":"The Guardian","floor":16,"turns":12}],"seed_played":"3106268308865535536","potions_obtained":[{"floor":2.0,"key":"PowerPotion"},{"floor":6.0,"key":"DuplicationPotion"},{"floor":13,"key":"Swift Potion"}],"is_trial":false,"path_per_floor":["M","M","?","$","?","E","$","M","T","M","M","?","E","M","R","B"],"character_chosen":"THE_SILENT","items_purchased":["Tactician"],"campfire_rested":0,"item_purchase_floors":[7],"current_hp_per_floor":[59,59,59,59,59,69,69,68,68,65,63,63,34,34,34,11,11],"gold":133,"neow_bonus":"THREE_ENEMY_KILL","is_daily":false,"chose_seed":false,"campfire_upgraded":1,"win_rate":0.0,"timestamp":1612176749,"path_taken":["M","M","?","$","?","E","$","M","T","?","M","?","E","M","R","BOSS"],"items_purchased_type":["Card"],"build_version":"2020-12-22","purchased_purges":0,"victory":false,"max_hp_per_floor":[66,66,66,66,66,76,76,76,76,76,76,76,76,76,76,76,76],"card_choices":[{"not_picked":["Slice","Finisher","Choke"],"picked":"SKIP","floor":1.0},{"not_picked":["Deflect","Slice"],"picked":"Blade Dance","floor":2.0},{"not_picked":["Tools of the Trade","Heel Hook","Flechettes"],"picked":"SKIP","floor":6.0},{"not_picked":["Finisher","Masterful Stab"],"picked":"Dagger Spray","floor":8.0},{"not_picked":["Slice","Backflip"],"picked":"PiercingWail","floor":10.0},{"not_picked":["Predator","Quick Slash"],"picked":"Backstab","floor":11.0},{"not_picked":["Deadly Poison","Predator","Flying Knee"],"picked":"SKIP","floor":13},{"not_picked":["Outmaneuver","Backflip"],"picked":"Cloak And Dagger","floor":14}],"player_experience":920939,"relics_obtained":[{"floor":6.0,"key":"Pear"},{"floor":9.0,"key":"Ancient Tea Set"},{"floor":13,"key":"InkBottle"}],"event_choices":[{"cards_removed":["Defend_G"],"damage_healed":0.0,"max_hp_gain":0.0,"max_hp_loss":0.0,"gold_gain":0.0,"event_name":"The Cleric","player_choice":"Card Removal","floor":3.0,"gold_loss":75.0,"damage_taken":0.0},{"cards_removed":["Strike_G"],"damage_healed":0.0,"max_hp_gain":0.0,"max_hp_loss":0.0,"gold_gain":0.0,"event_name":"Purifier","player_choice":"Purged","floor":5.0,"gold_loss":0.0,"damage_taken":0.0},{"damage_healed":0.0,"max_hp_gain":0.0,"max_hp_loss":0.0,"gold_gain":0.0,"event_name":"FaceTrader","player_choice":"Trade","floor":12.0,"gold_loss":0.0,"damage_taken":0.0,"relics_obtained":["SsserpentHead"]}],"is_beta":false,"boss_relics":[],"items_purged_floors":[],"is_endless":false,"potions_floor_spawned":[2,6,8,10,13],"killed_by":"The Guardian","ascension_level":20}}