{"host":"msmkw03x1o7nq45i","time":1612210004,"event":{"mods":["AchievementEnabler","BaseMod","Bestiary","Colored Powertips","GifTheSpireLib","Highlight Path","Minty Spire (QoL Compilation)","Random Character Button","StSLib","everything is the same but u backflip on backflip"],"gold_per_floor":[113,127,202,219,219,219,246,259,286,304,318,3,3,3],"floor_reached":13,"language":"ENG","playtime":938,"items_purged":[],"score":152,"play_id":"d997eb15-3e4f-403d-a2e8-3585298e6235","local_time":"20210201220644","is_ascension_mode":true,"campfire_choices":[{"data":"Unload","floor":6,"key":"SMITH"}],"circlet_count":0,"master_deck":["AscendersBane","Strike_G","Strike_G","Strike_G","Strike_G","Defend_G","Defend_G","Defend_G","Defend_G","Defend_G","Survivor","Neutralize","Unload+1","Sucker Punch","Sucker Punch","Die Die Die","Tactician","Leg Sweep"],"relics":["Ring of the Snake","Snake Skull","Blood Vial","Meat on the Bone"],"acts_visited":["Exordium"],"potions_floor_usage":[7,13],"damage_taken":[{"damage":2,"enemies":"2 Louse","floor":1,"turns":4},{"damage":1,"enemies":"Jaw Worm","floor":2,"turns":3},{"damage":1,"enemies":"Cultist","floor":4,"turns":3},{"damage":17,"enemies":"3 Sentries","floor":7,"turns":10},{"damage":1,"enemies":"Exordium Thugs","floor":8,"turns":5},{"damage":7,"enemies":"Exordium Wildlife","floor":10,"turns":4},{"damage":0,"enemies":"Looter","floor":11,"turns":3},{"damage":25,"enemies":"Lagavulin","floor":13,"turns":5}],"seed_played":"-6337774776917738064","potions_obtained":[{"floor":1,"key":"DuplicationPotion"},{"floor":2,"key":"Strength Potion"},{"floor":10,"key":"Block Potion"}],"is_trial":false,"path_per_floor":["M","M","?","M","?","R","E","M","T","M","M","$","E"],"character_chosen":"THE_SILENT","items_purchased":["Meat on the Bone","Leg Sweep"],"campfire_rested":0,"item_purchase_floors":[12,12],"current_hp_per_floor":[57,56,45,44,44,44,27,26,26,21,23,23,0,0],"gold":3,"neow_bonus":"THREE_RARE_CARDS","is_daily":false,"chose_seed":false,"campfire_upgraded":1,"win_rate":0.0,"timestamp":1612210004,"path_taken":["M","M","?","M","?","R","E","M","T","M","?","$","E"],"items_purchased_type":["Relic","Card"],"build_version":"2020-12-22","purchased_purges":0,"victory":false,"max_hp_per_floor":[60,60,60,60,60,60,60,60,60,60,60,60,60,60],"card_choices":[{"not_picked":["Adrenaline","Envenom"],"picked":"Unload","floor":0},{"not_picked":["Flechettes","Bouncing Flask"],"picked":"Sucker Punch","floor":1},{"not_picked":["Deflect","Dodge and Roll","Infinite Blades"],"picked":"SKIP","floor":2},{"not_picked":["Bouncing Flask","Crippling Poison"],"picked":"Sucker Punch","floor":4},{"not_picked":["Doppelganger","Poisoned Stab"],"picked":"Die Die Die","floor":7},{"not_picked":["Dagger Spray","Quick Slash","Dagger Throw"],"picked":"SKIP","floor":8},{"not_picked":["Distraction","PiercingWail","Quick Slash"],"picked":"SKIP","floor":10},{"not_picked":["Accuracy","Masterful Stab"],"picked":"Tactician","floor":11}],"player_experience":451364,"relics_obtained":[{"floor":7,"key":"Snake Skull"},{"floor":9,"key":"Blood Vial"}],"event_choices":[{"damage_healed":0,"gold_gain":75,"player_choice":"Gather Gold","damage_taken":11,"max_hp_gain":0,"max_hp_loss":0,"event_name":"World of Goop","floor":3,"gold_loss":0},{"cards_removed":["Strike_G"],"damage_healed":0,"gold_gain":0,"player_choice":"Purged","damage_taken":0,"max_hp_gain":0,"max_hp_loss":0,"event_name":"Purifier","floor":5,"gold_loss":0}],"is_beta":false,"boss_relics":[],"items_purged_floors":[],"is_endless":false,"potions_floor_spawned":[1,2,10,11],"killed_by":"Lagavulin","ascension_level":15}}