{"host":"v2nniiiz7kpx7fwo","time":1612172823,"event":{"mods":["2.2 Compatiblity","AchievementEnabler","BaseMod","Colored Map","Colored Powertips","DeckTracker","Highlight Path","KOR Keyword Fix","Minty Spire (QoL Compilation)","Permanent Neow","Quick Restart","Rare Cards Sparkle","SuperFastMode"],"gold_per_floor":[117,135,66,84,7,38,48,48,48,48,48,60,78,111,111,188,188,201,212,46,60,60,86,86,117,117,129,129,141,141,168,168,240,240,252,252,266,266,266,266,293,293,316,316,226,261,261,288,288,288,288,288,28,61,61],"floor_reached":56,"language":"KOR","playtime":3467,"items_purged":["Strike_R"],"score":2068,"play_id":"e9f1dc0b-9536-43fa-aaf2-26a8e811476b","local_time":"20210201184703","is_ascension_mode":true,"campfire_choices":[{"data":"Bludgeon","floor":8.0,"key":"SMITH"},{"data":"Rampage","floor":10.0,"key":"SMITH"},{"floor":15.0,"key":"REST"},{"floor":24.0,"key":"REST"},{"data":"Shrug It Off","floor":28.0,"key":"SMITH"},{"floor":30.0,"key":"REST"},{"data":"Double Tap","floor":32.0,"key":"SMITH"},{"data":"Battle Trance","floor":40.0,"key":"SMITH"},{"floor":42.0,"key":"RECALL"},{"data":"Inflame","floor":44.0,"key":"SMITH"},{"data":"Bash","floor":47.0,"key":"SMITH"},{"data":"Exhume","floor":49.0,"key":"SMITH"},{"data":"Defend_R","floor":52.0,"key":"SMITH"}],"circlet_count":0,"master_deck":["AscendersBane","Defend_R","Defend_R+1","Defend_R+1","Defend_R","Bash+1","Bludgeon+1","Thunderclap","Headbutt","Battle Trance+1","Rampage+1","Cleave+1","Inflame+1","Double Tap+1","Barricade+1","Intimidate+1","Dramatic Entrance+1","Shrug It Off+1","Dropkick+1","Entrench+1","Blood for Blood+1","Body Slam+1","Metallicize+1","Exhume+1","Spot Weakness","Bandage Up","Disarm"],"relics":["Burning Blood","Bronze Scales","Molten Egg 2","Bottled Flame","Toy Ornithopter","Astrolabe","Enchiridion","Thread and Needle","Pantograph","Meat on the Bone","Eternal Feather","Coffee Dripper","Du-Vu Doll","Mummified Hand","Calipers","Lizard Tail"],"acts_visited":["Exordium","TheCity","TheBeyond","TheEnding"],"potions_floor_usage":[55],"damage_taken":[{"damage":1.0,"enemies":"Cultist","floor":1.0,"turns":3.0},{"damage":12.0,"enemies":"Jaw Worm","floor":2.0,"turns":2.0},{"damage":1.0,"enemies":"2 Louse","floor":4.0,"turns":3.0},{"damage":31.0,"enemies":"3 Sentries","floor":6.0,"turns":5.0},{"damage":15.0,"enemies":"Lots of Slimes","floor":7.0,"turns":3.0},{"damage":13.0,"enemies":"Blue Slaver","floor":12.0,"turns":2.0},{"damage":2.0,"enemies":"2 Fungi Beasts","floor":13.0,"turns":2.0},{"damage":0.0,"enemies":"Gremlin Nob","floor":14.0,"turns":2.0},{"damage":58.0,"enemies":"Hexaghost","floor":16.0,"turns":8.0},{"damage":28.0,"enemies":"3 Byrds","floor":18.0,"turns":3.0},{"damage":29.0,"enemies":"Shell Parasite","floor":19.0,"turns":5.0},{"damage":18.0,"enemies":"Snecko","floor":21.0,"turns":4.0},{"damage":20.0,"enemies":"Gremlin Leader","floor":23.0,"turns":5.0},{"damage":13.0,"enemies":"Book of Stabbing","floor":25.0,"turns":3.0},{"damage":6.0,"enemies":"Shelled Parasite and Fungi","floor":27.0,"turns":2.0},{"damage":14.0,"enemies":"Snake Plant","floor":29.0,"turns":2.0},{"damage":25.0,"enemies":"Slavers","floor":31.0,"turns":4.0},{"damage":45.0,"enemies":"Champ","floor":33.0,"turns":7.0},{"damage":14.0,"enemies":"3 Darklings","floor":35.0,"turns":4.0},{"damage":26.0,"enemies":"3 Shapes","floor":37.0,"turns":3.0},{"damage":56.0,"enemies":"Giant Head","floor":41.0,"turns":8.0},{"damage":27.0,"enemies":"Reptomancer","floor":46.0,"turns":4.0},{"damage":10.0,"enemies":"Nemesis","floor":48.0,"turns":7.0},{"damage":91.0,"enemies":"Awakened One","floor":50.0,"turns":6.0},{"damage":33.0,"enemies":"Shield and Spear","floor":54.0,"turns":5.0},{"damage":134,"enemies":"The Heart","floor":55,"turns":12}],"seed_played":"7722548808687877974","potions_obtained":[{"floor":2.0,"key":"Fruit Juice"},{"floor":11.0,"key":"Energy Potion"},{"floor":11.0,"key":"Fruit Juice"},{"floor":11.0,"key":"EssenceOfSteel"},{"floor":13.0,"key":"DuplicationPotion"},{"floor":16.0,"key":"Regen Potion"},{"floor":18.0,"key":"Strength Potion"},{"floor":19.0,"key":"Dexterity Potion"},{"floor":25.0,"key":"FearPotion"},{"floor":27.0,"key":"AttackPotion"},{"floor":41.0,"key":"Swift Potion"},{"floor":46.0,"key":"AttackPotion"},{"floor":54.0,"key":"PowerPotion"}],"is_trial":false,"path_per_floor":["M","M","$","M","?","E","M","R","T","R","?","M","M","E","R","B",null,"M","M","$","M","?","E","R","E","T","M","R","M","R","E","R","B",null,"M","?","M","?","?","R","E","R","T","R","?","E","R","E","R","B",null,"R","$","E","B",null],"character_chosen":"IRONCLAD","items_purchased":["Battle Trance","Dramatic Entrance+1","Energy Potion","SteroidPotion","Spot Weakness","Bandage Up"],"campfire_rested":3,"item_purchase_floors":[3,20,53,53,53,53],"current_hp_per_floor":[56,50,50,55,55,35,26,26,26,26,31,24,28,34,61,9,70,48,44,44,32,16,12,39,32,32,49,49,58,85,66,78,63,83,75,75,55,55,55,67,29,41,41,53,53,49,61,57,69,22,73,85,85,63,26],"gold":61,"neow_bonus":"THREE_RARE_CARDS","is_daily":false,"chose_seed":false,"campfire_upgraded":9,"win_rate":0.0,"timestamp":1612172823,"path_taken":["M","M","$","?","?","E","?","R","T","R","?","?","M","E","R","BOSS","M","M","$","M","?","E","R","E","T","M","R","M","R","E","R","BOSS","M","?","?","?","?","R","E","R","T","R","?","E","R","E","R","BOSS","R","$","E","BOSS"],"items_purchased_type":["Card","Card","Potion","Potion","Card","Card"],"build_version":"2020-12-22","purchased_purges":1,"victory":true,"max_hp_per_floor":[80,80,80,80,80,85,85,85,85,85,90,90,90,90,90,90,90,90,90,90,90,90,90,90,90,90,90,90,90,90,90,90,90,90,90,90,90,90,90,90,90,90,90,90,90,90,90,90,90,90,90,90,90,90,90],"card_choices":[{"not_picked":["Reaper","Double Tap"],"picked":"Bludgeon","floor":0.0},{"not_picked":["Flex","Perfected Strike"],"picked":"Thunderclap","floor":1.0},{"not_picked":["Clash","Armaments"],"picked":"Headbutt","floor":2.0},{"not_picked":["Iron Wave","Exhume"],"picked":"Rampage","floor":4.0},{"not_picked":["Clothesline+1","Searing Blow+1","Rage"],"picked":"SKIP","floor":6.0},{"not_picked":["Flex","Entrench"],"picked":"Cleave+1","floor":7.0},{"not_picked":["Warcry","Havoc","Heavy Blade+1"],"picked":"SKIP","floor":12.0},{"not_picked":["Warcry","Clothesline+1"],"picked":"Inflame","floor":13.0},{"not_picked":["Heavy Blade+1","Warcry"],"picked":"Double Tap","floor":14.0},{"not_picked":["Heavy Blade+1","Hemokinesis+1","Twin Strike+1"],"picked":"SKIP","floor":18.0},{"not_picked":["Headbutt+1","Perfected Strike+1"],"picked":"Intimidate+1","floor":19.0},{"not_picked":["Rupture","Heavy Blade+1"],"picked":"Shrug It Off","floor":21.0},{"not_picked":["Sword Boomerang+1","Disarm","Corruption"],"picked":"SKIP","floor":23.0},{"not_picked":["Pommel Strike+1","Cleave+1","Flex"],"picked":"SKIP","floor":25.0},{"not_picked":["Reckless Charge+1","Anger+1","Wild Strike+1"],"picked":"SKIP","floor":27.0},{"not_picked":["Perfected Strike+1","Pommel Strike+1","Clothesline+1"],"picked":"SKIP","floor":29.0},{"not_picked":["Shockwave+1","Seeing Red+1"],"picked":"Dropkick+1","floor":31.0},{"not_picked":["Clash+1","Shrug It Off+1"],"picked":"Entrench+1","floor":35.0},{"not_picked":["Headbutt+1","Inflame"],"picked":"Body Slam+1","floor":37.0},{"not_picked":["Armaments","Battle Trance","Intimidate"],"picked":"SKIP","floor":41.0},{"not_picked":["Disarm","Twin Strike+1"],"picked":"Metallicize+1","floor":46.0},{"not_picked":["Searing Blow+1","Dark Embrace+1"],"picked":"Exhume","floor":48.0},{"not_picked":["Anger+1","Bloodletting"],"picked":"Disarm","floor":54.0}],"player_experience":476943,"relics_obtained":[{"floor":6.0,"key":"Molten Egg 2"},{"floor":9.0,"key":"Bottled Flame"},{"floor":14.0,"key":"Toy Ornithopter"},{"floor":22.0,"key":"Enchiridion"},{"floor":23.0,"key":"Thread and Needle"},{"floor":25.0,"key":"Pantograph"},{"floor":26.0,"key":"Meat on the Bone"},{"floor":31.0,"key":"Eternal Feather"},{"floor":41.0,"key":"Du-Vu Doll"},{"floor":46.0,"key":"Mummified Hand"},{"floor":48.0,"key":"Calipers"},{"floor":54.0,"key":"Lizard Tail"}],"event_choices":[{"damage_healed":0.0,"max_hp_gain":0.0,"max_hp_loss":0.0,"gold_gain":0.0,"event_name":"WeMeetAgain","player_choice":"Paid Gold","floor":5.0,"gold_loss":77.0,"damage_taken":0.0,"relics_obtained":["Bronze Scales"]},{"damage_healed":0.0,"max_hp_gain":0.0,"max_hp_loss":0.0,"gold_gain":0.0,"event_name":"Lab","player_choice":"Got Potions","floor":11.0,"gold_loss":0.0,"damage_taken":0.0},{"damage_healed":0.0,"max_hp_gain":0.0,"max_hp_loss":0.0,"gold_gain":0.0,"event_name":"Cursed Tome","player_choice":"Obtained Book","floor":22.0,"gold_loss":0.0,"damage_taken":16.0},{"damage_healed":0.0,"max_hp_gain":0.0,"max_hp_loss":0.0,"gold_gain":0.0,"cards_transformed":["Anger"],"event_name":"Transmorgrifier","player_choice":"Transformed","floor":36.0,"gold_loss":0.0,"damage_taken":0.0,"cards_obtained":["Blood for Blood"]},{"damage_healed":0.0,"max_hp_gain":0.0,"max_hp_loss":0.0,"gold_gain":0.0,"event_name":"SensoryStone","player_choice":"Memory 1","floor":38.0,"gold_loss":0.0,"damage_taken":0.0},{"cards_removed":["Armaments"],"damage_healed":0.0,"max_hp_gain":0.0,"max_hp_loss":0.0,"gold_gain":0.0,"event_name":"Falling","player_choice":"Removed Skill","floor":39.0,"gold_loss":0.0,"damage_taken":0.0},{"cards_removed":["Strike_R"],"damage_healed":0.0,"max_hp_gain":0.0,"max_hp_loss":0.0,"gold_gain":0.0,"event_name":"Designer","player_choice":"Upgrade and Remove","floor":45.0,"gold_loss":90.0,"damage_taken":0.0,"cards_upgraded":["Defend_R"]}],"is_beta":false,"boss_relics":[{"not_picked":["Fusion Hammer","Black Star"],"picked":"Astrolabe"},{"not_picked":["Sozu","Cursed Key"],"picked":"Coffee Dripper"}],"items_purged_floors":[20],"is_endless":false,"potions_floor_spawned":[2,13,16,18,19,25,27,41,46,54],"ascension_level":13}}