{"host":"jwvz9sqego1wo43x","time":1612223432,"event":{"mods":["AchievementEnabler","BaseMod","Colored Map","Downfall","GifTheSpireLib","Minty Spire (QoL Compilation)","StSLib"],"gold_per_floor":[99,109,409,409,428,428,428,428,503,518,548,564,592,37,57,157,157,157,175,195,195,215,230,230,230,230,264,164,184,218,8,21,124,124,124,136,77,12,61,79,79,107,121,121,21,49,49,19,34,34,34,34],"floor_reached":50,"language":"ENG","playtime":1634,"items_purged":["downfall:Icky"],"score":705,"play_id":"b25800be-26ee-4d4a-86b0-773f03d6b426","local_time":"20210201235032","is_ascension_mode":true,"campfire_choices":[{"data":"bronze:Replicate","floor":1.0,"key":"SMITH"},{"data":"bronze:Philosophize","floor":6.0,"key":"SMITH"},{"data":"bronze:ChosenStrike","floor":8.0,"key":"SMITH"},{"data":"bronze:Repulsor","floor":18.0,"key":"SMITH"},{"floor":28.0,"key":"REST"},{"data":"Apotheosis","floor":35,"key":"SMITH"},{"floor":45,"key":"RECALL"},{"data":"1","floor":47,"key":"LIFT"}],"circlet_count":0,"master_deck":["bronze:Strike+1","bronze:Strike+1","bronze:Strike+1","bronze:Defend+1","bronze:Defend+1","bronze:Defend+1","bronze:Defend+1","bronze:Replicate+1","bronze:Goto+1","bronze:Philosophize+1","bronze:ChosenStrike+1","bronze:Boost","bronze:HardenedForm","bronze:Assembly","bronze:Repulsor+1","expansioncontent:DashGenerateEvil","bronze:Refactor","bronze:AlphaBuild","bronze:Shield","bronze:Fortify+1","bronze:Flail","bronze:ItsAFeature","bronze:Iterate","bronze:Allocate","bronze:BurnOut","Apotheosis+1","bronze:Terminator","bronze:Verify","bronze:Branch+1","bronze:Frontload+1","bronze:GetLatest","bronze:BronzeOrb","bronze:ClassDefault+1","Parasite","bronze:HardenedForm","bronze:InfiniteBeams","bronze:BugBarrage+1"],"relics":["bronze:PlatinumCore","bronze:CableSpool","The Courier","Anchor","Bag of Preparation","Bag of Marbles","Enchiridion","Gremlin Horn","bronze:ProtectiveGoggles","downfall:HeartBlessingGreen","HornCleat","Black Star","Mummified Hand","Bottled Tornado","Pocketwatch","Juzu Bracelet","Oddly Smooth Stone","StrikeDummy","downfall:HeartBlessingBlue","Girya","White Beast Statue"],"acts_visited":["Exordium","TheCity","TheBeyond"],"potions_floor_usage":[33,33,42,50,50,50],"damage_taken":[{"damage":3.0,"enemies":"Small Slimes","floor":2.0,"turns":3.0},{"damage":1.0,"enemies":"2 Louse","floor":5.0,"turns":2.0},{"damage":0.0,"enemies":"Cultist","floor":10.0,"turns":1.0},{"damage":15.0,"enemies":"Gremlin Nob","floor":11.0,"turns":3.0},{"damage":0.0,"enemies":"Exordium Wildlife","floor":12.0,"turns":1.0},{"damage":30.0,"enemies":"3 Sentries","floor":13.0,"turns":8.0},{"damage":0.0,"enemies":"downfall:FleeingMerchant","floor":14.0,"turns":4.0},{"damage":0.0,"enemies":"Red Slaver","floor":15.0,"turns":1.0},{"damage":20.0,"enemies":"WA_ARCHETYPE_RETAIN","floor":16.0,"turns":7.0},{"damage":0.0,"enemies":"Spheric Guardian","floor":19.0,"turns":2.0},{"damage":16.0,"enemies":"3 Cultists","floor":20.0,"turns":6.0},{"damage":17.0,"enemies":"Sentry and Sphere","floor":22.0,"turns":6.0},{"damage":0.0,"enemies":"Snecko","floor":23.0,"turns":3.0},{"damage":8.0,"enemies":"Book of Stabbing","floor":27.0,"turns":3.0},{"damage":0.0,"enemies":"Centurion and Healer","floor":29.0,"turns":3.0},{"damage":0.0,"enemies":"Gremlin Leader","floor":30.0,"turns":1.0},{"damage":0.0,"enemies":"downfall:FleeingMerchant","floor":31.0,"turns":4.0},{"damage":0.0,"enemies":"3 Cultists","floor":32.0,"turns":3.0},{"damage":31,"enemies":"SI_MIRROR_ARCHETYPE","floor":33,"turns":6},{"damage":0,"enemies":"Orb Walker","floor":36,"turns":2},{"damage":0,"enemies":"downfall:FleeingMerchant","floor":37,"turns":4},{"damage":0,"enemies":"2 Orb Walkers","floor":39,"turns":3},{"damage":0,"enemies":"3 Darklings","floor":40,"turns":1},{"damage":0,"enemies":"Reptomancer","floor":42,"turns":5},{"damage":0,"enemies":"Writhing Mass","floor":43,"turns":4},{"damage":10,"enemies":"Nemesis","floor":46,"turns":5},{"damage":20,"enemies":"4 Shapes","floor":49,"turns":1},{"damage":64,"enemies":"IC_BLOCK_ARCHETYPE","floor":50,"turns":2}],"seed_played":"-8589909880618411188","potions_obtained":[{"floor":2.0,"key":"Dexterity Potion"},{"floor":9.0,"key":"downfall:CursedFountainPotion"},{"floor":12.0,"key":"Swift Potion"},{"floor":13.0,"key":"Weak Potion"},{"floor":15.0,"key":"Regen Potion"},{"floor":16.0,"key":"Fire Potion"},{"floor":19.0,"key":"Explosive Potion"},{"floor":20.0,"key":"bronze:BurnAndBuffPotion"},{"floor":29.0,"key":"Explosive Potion"},{"floor":30.0,"key":"LiquidMemories"},{"floor":39,"key":"Swift Potion"},{"floor":40,"key":"bronze:BurnAndBuffPotion"},{"floor":42,"key":"BlessingOfTheForge"}],"is_trial":false,"path_per_floor":["R","M","?","?","M","R","T","R","?","M","E","M","E","$","M","B",null,"R","M","M","?","M","M","T","?","?","E","R","M","E","$","M","B",null,"R","M","$","$","?","M","T","E","M","?","R","E","R","$","M","B"],"character_chosen":"THE_AUTOMATON","items_purchased":["bronze:Repulsor","expansioncontent:DashGenerateEvil","Dexterity Potion","Bag of Preparation","Bag of Marbles","Apotheosis","bronze:Terminator","Mummified Hand","Bottled Tornado","bronze:GetLatest","bronze:InfiniteBeams"],"campfire_rested":1,"item_purchase_floors":[14,14,14,14,14,31,31,37,37,38,48],"current_hp_per_floor":[70,67,67,67,66,66,66,66,66,66,51,51,21,21,21,16,70,70,70,54,38,21,21,21,21,21,13,34,34,34,34,34,3,70,70,70,70,70,70,70,70,70,70,70,80,70,70,70,50,0,0,0],"gold":34,"neow_bonus":"UPGRADE_CARD","is_daily":false,"chose_seed":false,"campfire_upgraded":5,"win_rate":0.0,"timestamp":1612223432,"path_taken":["R","M","?","?","?","R","T","R","?","?","E","M","E","$","M","BOSS","R","M","?","?","M","M","T","?","?","E","R","?","E","?","M","BOSS","R","M","?","$","?","M","T","E","M","?","R","E","R","?","M","BOSS"],"items_purchased_type":["Card","Card","Potion","Relic","Relic","Card","Card","Relic","Relic","Card","Card"],"build_version":"2020-12-22","purchased_purges":1,"victory":false,"max_hp_per_floor":[70,70,70,70,70,70,70,70,70,70,70,70,70,70,70,70,70,70,70,70,70,70,70,70,70,70,70,70,70,70,70,70,70,70,70,70,70,70,70,70,70,70,70,70,80,80,80,80,80,80,80,80],"card_choices":[{"not_picked":["bronze:Overheat","bronze:BugBarrage"],"picked":"bronze:Philosophize","floor":2.0},{"not_picked":["bronze:Invalidate","bronze:BitShift","bronze:Shield"],"picked":"SKIP","floor":5.0},{"not_picked":["bronze:Separator","bronze:CloningBeam"],"picked":"bronze:Boost","floor":10.0},{"not_picked":["bronze:Separator","bronze:Boost"],"picked":"bronze:HardenedForm","floor":11.0},{"not_picked":["bronze:Overload","bronze:OilSpill","bronze:WildBeam"],"picked":"SKIP","floor":12.0},{"not_picked":["bronze:Turbo","bronze:OilSpill","bronze:NullPointer"],"picked":"SKIP","floor":13.0},{"not_picked":["bronze:Separator","bronze:ForceShield"],"picked":"bronze:Assembly","floor":14.0},{"not_picked":["bronze:ChosenStrike","bronze:Separator"],"picked":"bronze:Refactor","floor":15.0},{"not_picked":["bronze:FindAndReplace","bronze:ShipIt"],"picked":"bronze:AlphaBuild","floor":16.0},{"not_picked":["bronze:OilSpill","bronze:WhirlingStrike"],"picked":"bronze:Shield","floor":19.0},{"not_picked":["bronze:DarkDash","bronze:Deprecate","bronze:BitShift"],"picked":"SKIP","floor":20.0},{"not_picked":["bronze:WhirlingStrike","bronze:BugBarrage"],"picked":"bronze:Fortify+1","floor":22.0},{"not_picked":["bronze:DarkDash","bronze:WhirlingStrike"],"picked":"bronze:Flail","floor":23.0},{"not_picked":["bronze:Return","bronze:Constructor"],"picked":"bronze:ItsAFeature","floor":27.0},{"not_picked":["bronze:Overload","bronze:CloningBeam"],"picked":"bronze:Iterate","floor":29.0},{"not_picked":["bronze:Repair","bronze:Refactor"],"picked":"bronze:Allocate","floor":30.0},{"not_picked":["bronze:CloningBeam","bronze:BugBarrage"],"picked":"bronze:BurnOut","floor":31.0},{"not_picked":["bronze:CutThrough","bronze:InfiniteBeams+1","bronze:Shell"],"picked":"SKIP","floor":32.0},{"not_picked":["bronze:HyperBeam","bronze:CleanCode"],"picked":"bronze:Verify","floor":33},{"not_picked":["bronze:CutThrough","bronze:Turbo+1"],"picked":"bronze:Branch+1","floor":36},{"not_picked":["bronze:Philosophize","bronze:BuggyMess"],"picked":"bronze:Frontload+1","floor":37},{"not_picked":["bronze:BuggyMess+1","bronze:ChosenStrike+1"],"picked":"bronze:BronzeOrb","floor":39},{"not_picked":["bronze:Separator","bronze:Boost","bronze:Refactor"],"picked":"SKIP","floor":40},{"not_picked":["bronze:Assembly","bronze:Optimize"],"picked":"bronze:ClassDefault+1","floor":42},{"not_picked":["bronze:CloningBeam","bronze:OilSpill","bronze:DarkDash"],"picked":"SKIP","floor":43},{"not_picked":["bronze:DelayedGuard+1","bronze:DelayedSlice+1"],"picked":"bronze:HardenedForm","floor":46},{"not_picked":["bronze:Backtrace","bronze:ChosenStrike+1"],"picked":"bronze:BugBarrage+1","floor":49}],"player_experience":509883,"relics_obtained":[{"floor":7.0,"key":"bronze:CableSpool"},{"floor":11.0,"key":"The Courier"},{"floor":13.0,"key":"Anchor"},{"floor":21.0,"key":"Enchiridion"},{"floor":24.0,"key":"Gremlin Horn"},{"floor":27.0,"key":"bronze:ProtectiveGoggles"},{"floor":30.0,"key":"HornCleat"},{"floor":39,"key":"Pocketwatch"},{"floor":42,"key":"Juzu Bracelet"},{"floor":42,"key":"Oddly Smooth Stone"},{"floor":44,"key":"StrikeDummy"},{"floor":46,"key":"Girya"},{"floor":46,"key":"White Beast Statue"}],"event_choices":[{"damage_healed":0,"gold_gain":0,"player_choice":"Fight","damage_taken":0,"max_hp_gain":0,"max_hp_loss":0,"event_name":"Mysterious Sphere","floor":39,"gold_loss":0}],"is_beta":false,"boss_relics":[{"not_picked":["SlaversCollar","Fusion Hammer"],"picked":"bronze:PlatinumCore"},{"not_picked":["Empty Cage","Pandora\u0027s Box"],"picked":"Black Star"}],"items_purged_floors":[14],"is_endless":false,"potions_floor_spawned":[2,12,13,15,16,19,20,29,30,32,39,40,42,49],"killed_by":"IC_BLOCK_ARCHETYPE","ascension_level":1}}