{"host":"gfxjwtol062e9znw","time":1612186811,"event":{"mods":["BaseMod","Colored Map","Minty Spire (QoL Compilation)"],"gold_per_floor":[115,135,145,145,159,192,192,235,284,284,284,302,302,315,315,439,439,454,444,543,200,224,242,242,242,242,119,119,153,74,86,86,86,86],"floor_reached":33,"language":"ENG","playtime":1319,"items_purged":["Defend_B"],"score":346,"play_id":"0e643dbf-e351-445a-986d-1f1bd1b8e421","local_time":"20210202004011","is_ascension_mode":true,"campfire_choices":[{"floor":10,"key":"REST"},{"data":"Streamline","floor":13,"key":"SMITH"},{"data":"Dualcast","floor":15,"key":"SMITH"},{"data":"Hologram","floor":24,"key":"SMITH"},{"data":"Hyperbeam","floor":32,"key":"SMITH"}],"circlet_count":0,"master_deck":["Strike_B","Strike_B","Strike_B","Defend_B","Defend_B","Zap","Dualcast+1","Go for the Eyes","Streamline+1","BootSequence","Glacier","Conserve Battery","Glacier","Biased Cognition","Beam Cell+1","Barrage","Cold Snap","Hologram+1","Redo+1","Hyperbeam+1","Loop","Doom and Gloom","Cold Snap+1","Lockon","Doom and Gloom"],"relics":["Cracked Core","NeowsBlessing","MealTicket","Bloody Idol","Meat on the Bone","Juzu Bracelet","Eternal Feather","Inserter","Pantograph","Bottled Tornado","Bronze Scales"],"acts_visited":["Exordium","TheCity"],"potions_floor_usage":[6,23,29,29,33,33],"damage_taken":[{"damage":0,"enemies":"Cultist","floor":1,"turns":1},{"damage":0,"enemies":"Small Slimes","floor":2,"turns":1},{"damage":0,"enemies":"2 Louse","floor":3,"turns":1},{"damage":3,"enemies":"Blue Slaver","floor":5,"turns":3},{"damage":38,"enemies":"3 Sentries","floor":6,"turns":11},{"damage":18,"enemies":"Gremlin Nob","floor":8,"turns":5},{"damage":8,"enemies":"Large Slime","floor":12,"turns":6},{"damage":2,"enemies":"3 Louse","floor":14,"turns":4},{"damage":13,"enemies":"The Guardian","floor":16,"turns":15},{"damage":8,"enemies":"Chosen","floor":18,"turns":7},{"damage":5,"enemies":"2 Thieves","floor":19,"turns":4},{"damage":30,"enemies":"Centurion and Healer","floor":22,"turns":6},{"damage":9,"enemies":"Snake Plant","floor":23,"turns":4},{"damage":26,"enemies":"Gremlin Leader","floor":29,"turns":6},{"damage":0,"enemies":"Chosen and Byrds","floor":31,"turns":4},{"damage":80,"enemies":"Collector","floor":33,"turns":8}],"seed_played":"5449151846230000861","potions_obtained":[{"floor":2,"key":"ColorlessPotion"},{"floor":5,"key":"GamblersBrew"},{"floor":8,"key":"ColorlessPotion"},{"floor":22,"key":"Dexterity Potion"},{"floor":31,"key":"Weak Potion"}],"is_trial":false,"path_per_floor":["M","M","M","?","M","E","?","E","T","R","T","M","R","M","R","B",null,"M","M","?","$","M","M","R","?","T","$","?","E","$","M","R","B"],"character_chosen":"DEFECT","items_purchased":["Cold Snap","Pantograph","Block Potion","Doom and Gloom","Lockon"],"campfire_rested":1,"item_purchase_floors":[21,21,27,27,30],"current_hp_per_floor":[75,75,75,80,77,39,39,21,21,43,43,47,56,54,63,50,68,60,55,55,70,40,43,55,55,55,70,70,49,64,69,74,0,0],"gold":86,"neow_bonus":"THREE_ENEMY_KILL","is_daily":false,"chose_seed":false,"campfire_upgraded":4,"win_rate":0.0,"timestamp":1612186811,"path_taken":["M","?","?","?","M","E","?","E","T","R","?","M","R","M","R","BOSS","M","M","?","$","M","M","R","?","T","$","?","E","?","M","R","BOSS"],"items_purchased_type":["Card","Relic","Potion","Card","Card"],"build_version":"2020-12-22","purchased_purges":1,"victory":false,"max_hp_per_floor":[75,75,75,80,80,80,74,74,74,74,74,74,74,74,74,74,74,74,74,74,74,74,74,74,74,74,74,74,74,74,74,74,74,74],"card_choices":[{"not_picked":["Blizzard","Gash"],"picked":"Go for the Eyes","floor":1},{"not_picked":["Rebound","Undo"],"picked":"Streamline","floor":2},{"not_picked":["Gash","Turbo"],"picked":"BootSequence","floor":3},{"not_picked":["Go for the Eyes","Lockon"],"picked":"Glacier","floor":5},{"not_picked":["Capacitor","Cold Snap"],"picked":"Conserve Battery","floor":6},{"not_picked":["Scrape","Blizzard","Compile Driver"],"picked":"SKIP","floor":8},{"not_picked":["Rebound","Rip and Tear"],"picked":"Glacier","floor":12},{"not_picked":["Glacier","Genetic Algorithm","Compile Driver"],"picked":"SKIP","floor":14},{"not_picked":["Reboot","Creative AI"],"picked":"Biased Cognition","floor":16},{"not_picked":["Auto Shields","Self Repair"],"picked":"Beam Cell+1","floor":18},{"not_picked":["Leap","Stack","Barrage"],"picked":"SKIP","floor":19},{"not_picked":["Leap","Stack"],"picked":"Barrage","floor":19},{"not_picked":["Loop","Glacier"],"picked":"Hologram","floor":22},{"not_picked":["Rip and Tear","Fission"],"picked":"Redo+1","floor":23},{"not_picked":["Scrape+1","Compile Driver"],"picked":"Cold Snap+1","floor":29},{"not_picked":["Coolheaded+1","Stack+1"],"picked":"Doom and Gloom","floor":31}],"player_experience":61699,"relics_obtained":[{"floor":6,"key":"MealTicket"},{"floor":8,"key":"Meat on the Bone"},{"floor":9,"key":"Juzu Bracelet"},{"floor":11,"key":"Eternal Feather"},{"floor":26,"key":"Bottled Tornado"},{"floor":29,"key":"Bronze Scales"}],"event_choices":[{"damage_healed":0,"gold_gain":0,"player_choice":"Donut","damage_taken":0,"max_hp_gain":5,"max_hp_loss":0,"event_name":"Big Fish","floor":4,"gold_loss":0},{"damage_healed":0,"gold_gain":0,"player_choice":"Lose Max HP","damage_taken":0,"relics_obtained":["Golden Idol"],"max_hp_gain":0,"max_hp_loss":6,"event_name":"Golden Idol","floor":7,"gold_loss":0},{"damage_healed":0,"gold_gain":99,"player_choice":"Stole From Cult","damage_taken":0,"max_hp_gain":0,"max_hp_loss":0,"event_name":"Nest","floor":20,"gold_loss":0},{"damage_healed":0,"gold_gain":0,"cards_transformed":["Strike_B","Defend_B"],"player_choice":"Became Test Subject","damage_taken":0,"max_hp_gain":0,"max_hp_loss":0,"event_name":"Drug Dealer","floor":25,"gold_loss":0,"cards_obtained":["Hyperbeam","Loop"]},{"damage_healed":0,"gold_gain":0,"player_choice":"Gave Idol","damage_taken":0,"relics_obtained":["Bloody Idol"],"max_hp_gain":0,"max_hp_loss":0,"event_name":"Forgotten Altar","floor":28,"relics_lost":["Golden Idol"],"gold_loss":0}],"is_beta":false,"boss_relics":[{"not_picked":["Tiny House","Fusion Hammer"],"picked":"Inserter"}],"items_purged_floors":[21],"is_endless":false,"potions_floor_spawned":[2,5,8,22,31],"killed_by":"Collector","ascension_level":5}}