{"host":"59wnhi65kiwmnpg4","time":1612187537,"event":{"mods":["2.2 Compatiblity","AchievementEnabler","BaseMod","BetterRewards","Colored Map","Custom Start","Disable Question Mark Monsters","Highlight Path","Minty Spire (QoL Compilation)","Permanent Neow","Relic Sorter","Relic Stats"],"gold_per_floor":[114,170,245,297,297,297,25,52,131,131,189,189,234,234,234],"floor_reached":14,"language":"ENG","playtime":914,"items_purged":["Strike_G","Regret"],"score":196,"play_id":"6b89e36e-0702-4837-bd92-476516a27776","local_time":"20210201135217","is_ascension_mode":true,"campfire_choices":[{"data":"Bouncing Flask","floor":6,"key":"SMITH"},{"data":"HandOfGreed","floor":10,"key":"SMITH"},{"floor":12,"key":"REST"}],"circlet_count":0,"master_deck":["AscendersBane","Strike_G","Strike_G","Strike_G","Strike_G","Defend_G","Defend_G","Defend_G","Defend_G","Defend_G","Survivor","Neutralize","Footwork","Bouncing Flask+1","HandOfGreed+1","Footwork","Blade Dance","All Out Attack","Caltrops","Blur","Finisher","PiercingWail","Storm of Steel"],"relics":["Ring of the Snake","Strawberry","MealTicket","Ice Cream"],"acts_visited":["Exordium"],"potions_floor_usage":[11,11,11,13],"damage_taken":[{"damage":0,"enemies":"Cultist","floor":1,"turns":4},{"damage":0,"enemies":"2 Louse","floor":2,"turns":4},{"damage":0,"enemies":"Small Slimes","floor":4,"turns":6},{"damage":33,"enemies":"Lagavulin","floor":8,"turns":6},{"damage":14,"enemies":"3 Sentries","floor":11,"turns":9},{"damage":15,"enemies":"Exordium Thugs","floor":13,"turns":4},{"damage":41,"enemies":"Gremlin Nob","floor":14,"turns":3}],"seed_played":"2933076521348971106","potions_obtained":[{"floor":1,"key":"LiquidBronze"},{"floor":4,"key":"EntropicBrew"}],"is_trial":false,"path_per_floor":["M","M","?","M","?","R","$","E","T","R","E","R","M","E"],"character_chosen":"THE_SILENT","items_purchased":["Footwork","Bouncing Flask","HandOfGreed","Caltrops","Blur"],"campfire_rested":1,"item_purchase_floors":[0,0,0,7,7],"current_hp_per_floor":[59,59,48,48,55,55,55,22,22,22,8,29,14,0,0],"gold":234,"neow_bonus":"","is_daily":false,"chose_seed":false,"campfire_upgraded":2,"win_rate":0.0,"timestamp":1612187537,"path_taken":["M","M","?","M","?","R","$","E","T","R","E","R","M","E"],"items_purchased_type":["Card","Card","Card","Card","Card"],"build_version":"2020-12-22","purchased_purges":2,"victory":false,"max_hp_per_floor":[66,66,66,66,73,73,73,73,73,73,73,73,73,73,73],"relic_stats":{"counters":[13,52],"MealTicket":0,"obtain_stats":[{"Ice Cream":11,"Strawberry":5,"MealTicket":8,"PureWater":0},{"Ice Cream":11,"Strawberry":9,"MealTicket":10,"PureWater":0},{"Ice Cream":45,"Strawberry":30,"MealTicket":36,"PureWater":0}],"Ring of the Snake":[14]},"card_choices":[{"not_picked":["Predator","Slice"],"picked":"Footwork","floor":1},{"not_picked":["Masterful Stab","Calculated Gamble"],"picked":"Blade Dance","floor":2},{"not_picked":["Dagger Spray","Prepared"],"picked":"All Out Attack","floor":4},{"not_picked":["Dodge and Roll","Underhanded Strike"],"picked":"Finisher","floor":8},{"not_picked":["Infinite Blades","Deadly Poison"],"picked":"PiercingWail","floor":11},{"not_picked":["Underhanded Strike","Backflip"],"picked":"Storm of Steel","floor":13}],"player_experience":868878,"relics_obtained":[{"floor":8,"key":"MealTicket"},{"floor":11,"key":"Ice Cream"}],"event_choices":[{"damage_healed":0,"gold_gain":75,"player_choice":"Gather Gold","damage_taken":11,"max_hp_gain":0,"max_hp_loss":0,"event_name":"World of Goop","floor":3,"gold_loss":0},{"damage_healed":0,"gold_gain":0,"player_choice":"Box","damage_taken":0,"relics_obtained":["Strawberry"],"max_hp_gain":0,"max_hp_loss":0,"event_name":"Big Fish","floor":5,"gold_loss":0,"cards_obtained":["Regret"]}],"is_beta":false,"boss_relics":[],"items_purged_floors":[0,7],"is_endless":false,"potions_floor_spawned":[1,4,8],"killed_by":"Gremlin Nob","ascension_level":20}}