{"host":"7jl348xfsxr8glry","time":1612186405,"event":{"mods":["AchievementEnabler","BaseMod","Colored Map","Minty Spire (QoL Compilation)","Random Character Button","Unceasing Turn Reminder"],"gold_per_floor":[117,117,19,19,31,31,106,106,184,214,214,27,37,48,48,148,148,166,166,166,166,186,186,20,47,47,47,73,73,35,48,48,143,143,153,168,168,186,196,196,196,196,196,223,233,10,10,21,21,21,21],"floor_reached":50,"language":"ENG","playtime":2623,"items_purged":["Regret","Strike_R+1"],"score":611,"play_id":"f55c04e5-46a7-4fe8-82f7-2f677f8389fd","local_time":"20210202003325","is_ascension_mode":true,"campfire_choices":[{"data":"Spot Weakness","floor":6,"key":"SMITH"},{"data":"Heavy Blade","floor":8,"key":"SMITH"},{"floor":15,"key":"RECALL"},{"data":"Demon Form","floor":23,"key":"SMITH"},{"floor":27,"key":"REST"},{"floor":29,"key":"REST"},{"floor":32,"key":"REST"},{"floor":40,"key":"REST"},{"floor":42,"key":"REST"},{"floor":47,"key":"REST"},{"floor":49,"key":"REST"}],"circlet_count":0,"master_deck":["Strike_R+1","Defend_R+1","Defend_R+1","Defend_R+1","Defend_R+1","Bash+1","Spot Weakness+1","Heavy Blade+1","Metallicize","Bash+1","Uppercut+1","Demon Form+1","Armaments","Seeing Red","Limit Break+1","Berserk+1","Shockwave+1","Iron Wave+1","Flex+1","Shrug It Off","Pommel Strike","Demon Form","Wild Strike+1","Heavy Blade","Thunderclap+1"],"relics":["Burning Blood","Anchor","The Courier","CaptainsWheel","Lee\u0027s Waffle","Astrolabe","Whetstone","Incense Burner","Omamori","Kunai","Calling Bell","Vajra","Gremlin Horn","Ginger","White Beast Statue","Potion Belt"],"acts_visited":["Exordium","TheCity","TheBeyond"],"potions_floor_usage":[16,16,18,28,36,45,45,48,50,50,50,50],"damage_taken":[{"damage":6,"enemies":"Cultist","floor":1,"turns":3},{"damage":0,"enemies":"Small Slimes","floor":5,"turns":3},{"damage":10,"enemies":"3 Sentries","floor":10,"turns":7},{"damage":0,"enemies":"2 Louse","floor":13,"turns":2},{"damage":0,"enemies":"Red Slaver","floor":14,"turns":4},{"damage":41,"enemies":"Hexaghost","floor":16,"turns":6},{"damage":24,"enemies":"3 Byrds","floor":18,"turns":5},{"damage":2,"enemies":"Spheric Guardian","floor":22,"turns":5},{"damage":43,"enemies":"Gremlin Leader","floor":25,"turns":8},{"damage":29,"enemies":"Book of Stabbing","floor":28,"turns":7},{"damage":15,"enemies":"Centurion and Healer","floor":31,"turns":5},{"damage":18,"enemies":"Automaton","floor":33,"turns":6},{"damage":1,"enemies":"Orb Walker","floor":35,"turns":4},{"damage":16,"enemies":"3 Darklings","floor":36,"turns":7},{"damage":63,"enemies":"Spire Growth","floor":38,"turns":7},{"damage":10,"enemies":"Jaw Worm Horde","floor":39,"turns":5},{"damage":49,"enemies":"Nemesis","floor":44,"turns":5},{"damage":2,"enemies":"Sphere and 2 Shapes","floor":45,"turns":5},{"damage":35,"enemies":"Spire Growth","floor":48,"turns":4},{"damage":54,"enemies":"Donu and Deca","floor":50,"turns":6}],"seed_played":"4455401257616076132","potions_obtained":[{"floor":1,"key":"BlessingOfTheForge"},{"floor":5,"key":"FearPotion"},{"floor":13,"key":"Energy Potion"},{"floor":16,"key":"Explosive Potion"},{"floor":25,"key":"Block Potion"},{"floor":33,"key":"Fire Potion"},{"floor":35,"key":"FearPotion"},{"floor":44,"key":"Energy Potion"},{"floor":45,"key":"Dexterity Potion"},{"floor":48,"key":"PowerPotion"}],"is_trial":false,"path_per_floor":["M","?","$","?","M","R","?","R","T","E","?","$","M","M","R","B",null,"M","?","?","?","M","R","$","E","T","R","E","R","$","M","R","B",null,"M","M","$","M","M","R","?","R","T","E","M","$","R","M","R","B"],"character_chosen":"IRONCLAD","items_purchased":["Heavy Blade","Demon Form","Lee\u0027s Waffle","Whetstone","Shrug It Off","Pommel Strike","Energy Potion","DistilledChaos","PowerPotion"],"campfire_rested":7,"item_purchase_floors":[3,12,12,24,24,30,46,46,46],"current_hp_per_floor":[80,80,80,80,80,80,69,69,69,65,65,87,87,87,87,52,87,69,69,69,87,87,87,87,50,50,76,53,79,79,70,87,75,87,87,77,77,20,16,42,42,68,68,25,29,29,55,26,52,0,0],"gold":21,"neow_bonus":"UPGRADE_CARD","is_daily":false,"chose_seed":false,"campfire_upgraded":3,"win_rate":0.0,"timestamp":1612186405,"path_taken":["M","?","$","?","?","R","?","R","T","E","?","$","?","M","R","BOSS","M","?","?","?","M","R","$","E","T","R","E","R","$","M","R","BOSS","M","M","$","M","M","R","?","R","T","E","M","?","R","?","R","BOSS"],"items_purchased_type":["Card","Card","Relic","Relic","Card","Card","Potion","Potion","Potion"],"build_version":"2020-12-22","purchased_purges":2,"victory":false,"max_hp_per_floor":[80,80,80,80,80,80,80,80,80,80,80,87,87,87,87,87,87,87,87,87,87,87,87,87,87,87,87,87,87,87,87,87,87,87,87,87,87,87,87,87,87,87,87,87,87,87,87,87,87,87,87],"card_choices":[{"not_picked":["Havoc","Wild Strike"],"picked":"Spot Weakness","floor":1},{"not_picked":["Clash","Combust"],"picked":"Metallicize","floor":5},{"not_picked":["Shockwave","Fire Breathing","Carnage"],"picked":"SKIP","floor":10},{"not_picked":["Power Through","Combust"],"picked":"Armaments","floor":13},{"not_picked":["Warcry","Burning Pact"],"picked":"Seeing Red","floor":14},{"not_picked":["Clothesline+1","Headbutt+1"],"picked":"Iron Wave+1","floor":18},{"not_picked":["Disarm","Body Slam"],"picked":"Flex+1","floor":22},{"not_picked":["Uppercut","Perfected Strike","Armaments"],"picked":"SKIP","floor":25},{"not_picked":["Carnage","Warcry","Headbutt"],"picked":"SKIP","floor":28},{"not_picked":["Headbutt","Anger","Warcry"],"picked":"SKIP","floor":31},{"not_picked":["Impervious","Juggernaut"],"picked":"Demon Form","floor":33},{"not_picked":["Warcry","Headbutt+1","Whirlwind"],"picked":"SKIP","floor":35},{"not_picked":["Shrug It Off","Combust"],"picked":"Wild Strike+1","floor":36},{"not_picked":["Perfected Strike+1","Iron Wave","True Grit+1"],"picked":"SKIP","floor":38},{"not_picked":["Havoc+1","Evolve"],"picked":"Heavy Blade","floor":39},{"not_picked":["Armaments","Pummel+1","Blood for Blood+1"],"picked":"SKIP","floor":44},{"not_picked":["Rampage+1","Wild Strike"],"picked":"Thunderclap+1","floor":45},{"not_picked":["Sever Soul","Heavy Blade","Reaper"],"picked":"SKIP","floor":48}],"player_experience":215392,"relics_obtained":[{"floor":10,"key":"CaptainsWheel"},{"floor":25,"key":"Incense Burner"},{"floor":26,"key":"Omamori"},{"floor":28,"key":"Kunai"},{"floor":34,"key":"Vajra"},{"floor":34,"key":"Gremlin Horn"},{"floor":34,"key":"Ginger"},{"floor":43,"key":"White Beast Statue"},{"floor":44,"key":"Potion Belt"}],"event_choices":[{"damage_healed":0,"gold_gain":0,"player_choice":"Box","damage_taken":0,"relics_obtained":["Anchor"],"max_hp_gain":0,"max_hp_loss":0,"event_name":"Big Fish","floor":2,"gold_loss":0,"cards_obtained":["Regret"]},{"damage_healed":0,"gold_gain":0,"player_choice":"Gave Potion","damage_taken":0,"relics_obtained":["The Courier"],"max_hp_gain":0,"max_hp_loss":0,"event_name":"WeMeetAgain","floor":4,"gold_loss":0},{"damage_healed":0,"gold_gain":75,"player_choice":"Gather Gold","damage_taken":11,"max_hp_gain":0,"max_hp_loss":0,"event_name":"World of Goop","floor":7,"gold_loss":0},{"damage_healed":0,"gold_gain":0,"player_choice":"2 cards matched","damage_taken":0,"max_hp_gain":0,"max_hp_loss":0,"event_name":"Match and Keep!","floor":11,"gold_loss":0,"cards_obtained":["Bash","Uppercut"]},{"damage_healed":0,"gold_gain":0,"player_choice":"Simplicity","damage_taken":0,"max_hp_gain":0,"max_hp_loss":0,"event_name":"Back to Basics","floor":19,"gold_loss":0,"cards_upgraded":["Strike_R","Strike_R","Defend_R","Defend_R","Defend_R","Defend_R"]},{"damage_healed":0,"gold_gain":0,"player_choice":"Ignored","damage_taken":0,"max_hp_gain":0,"max_hp_loss":0,"event_name":"Vampires","floor":20,"gold_loss":0},{"damage_healed":29,"gold_gain":0,"player_choice":"Heal","damage_taken":0,"max_hp_gain":0,"max_hp_loss":0,"event_name":"The Library","floor":21,"gold_loss":0},{"damage_healed":0,"gold_gain":0,"player_choice":"0 cards matched","damage_taken":0,"max_hp_gain":0,"max_hp_loss":0,"event_name":"Match and Keep!","floor":41,"gold_loss":0,"cards_obtained":[]}],"is_beta":false,"boss_relics":[{"not_picked":["Pandora\u0027s Box","Ectoplasm"],"picked":"Astrolabe"},{"not_picked":["Black Blood","Sozu"],"picked":"Calling Bell"}],"items_purged_floors":[3,46],"is_endless":false,"potions_floor_spawned":[1,5,13,16,25,33,35,44,45,48],"killed_by":"Donu and Deca","ascension_level":3}}