{"host":"edndssuekvzbh3is","time":1612209387,"event":{"mods":["BaseMod","Colored Map","Colored Powertips","Minty Spire (QoL Compilation)","SuperFastMode"],"gold_per_floor":[113,124,140,157,171,171,196,196,221,221,236,236,255,289,289,385,385,402,419,18,29,29,29,29,29],"floor_reached":24,"language":"ENG","playtime":627,"items_purged":[],"score":377,"play_id":"80035898-b7b5-4cf8-9471-9ab81173c4b8","local_time":"20210201145627","is_ascension_mode":true,"campfire_choices":[{"data":"Cleave","floor":6,"key":"SMITH"},{"data":"Shockwave","floor":8,"key":"SMITH"},{"data":"Hemokinesis","floor":12,"key":"SMITH"},{"data":"Pommel Strike","floor":15,"key":"SMITH"},{"floor":23,"key":"REST"}],"circlet_count":0,"master_deck":["Strike_R","Strike_R","Strike_R","Strike_R","Strike_R","Defend_R","Defend_R","Defend_R","Defend_R","Bash","Shockwave+1","Anger","Cleave+1","Ghostly Armor","Barricade","Hemokinesis+1","Pommel Strike+1","Bloodletting","Offering","Twin Strike+1","Shrug It Off","Reaper","Flame Barrier+1"],"relics":["Burning Blood","Happy Flower","Anchor","PreservedInsect","Strawberry","SacredBark","Question Card"],"acts_visited":["Exordium","TheCity"],"potions_floor_usage":[2,7,16,16,16],"damage_taken":[{"damage":6,"enemies":"Cultist","floor":1,"turns":3},{"damage":10,"enemies":"2 Louse","floor":2,"turns":4},{"damage":4,"enemies":"Small Slimes","floor":3,"turns":3},{"damage":11,"enemies":"2 Fungi Beasts","floor":4,"turns":3},{"damage":0,"enemies":"Large Slime","floor":5,"turns":5},{"damage":20,"enemies":"Gremlin Nob","floor":7,"turns":4},{"damage":0,"enemies":"Lots of Slimes","floor":11,"turns":3},{"damage":2,"enemies":"Looter","floor":13,"turns":2},{"damage":7,"enemies":"Lagavulin","floor":14,"turns":3},{"damage":4,"enemies":"Hexaghost","floor":16,"turns":9},{"damage":16,"enemies":"2 Thieves","floor":18,"turns":4},{"damage":25,"enemies":"Spheric Guardian","floor":19,"turns":4},{"damage":53,"enemies":"Snecko","floor":21,"turns":8},{"damage":41,"enemies":"Sentry and Sphere","floor":24,"turns":6}],"seed_played":"3970992230961034622","potions_obtained":[{"floor":0,"key":"ColorlessPotion"},{"floor":0,"key":"EssenceOfSteel"},{"floor":0,"key":"Fruit Juice"},{"floor":2,"key":"AttackPotion"},{"floor":4,"key":"Block Potion"},{"floor":13,"key":"Block Potion"},{"floor":21,"key":"Ancient Potion"}],"is_trial":false,"path_per_floor":["M","M","M","M","M","R","E","R","T","?","M","R","M","E","R","B",null,"M","M","$","M","?","R","M"],"character_chosen":"IRONCLAD","items_purchased":["Reaper","Question Card"],"campfire_rested":1,"item_purchase_floors":[20,20],"current_hp_per_floor":[72,73,75,70,76,76,62,62,62,62,68,68,72,78,78,80,89,79,60,60,13,13,40,0,0],"gold":29,"neow_bonus":"THREE_SMALL_POTIONS","is_daily":false,"chose_seed":false,"campfire_upgraded":4,"win_rate":0.0,"timestamp":1612209387,"path_taken":["M","M","M","M","M","R","E","R","T","?","M","R","?","E","R","BOSS","M","M","$","M","?","R","M"],"items_purchased_type":["Card","Relic"],"build_version":"2020-12-22","purchased_purges":0,"victory":false,"max_hp_per_floor":[80,85,85,85,85,85,85,85,85,85,85,85,85,92,92,92,92,92,92,92,92,92,92,92,92],"card_choices":[{"not_picked":["Armaments","Headbutt"],"picked":"Shockwave","floor":1},{"not_picked":["Havoc","Second Wind"],"picked":"Anger","floor":2},{"not_picked":["Pummel","Sword Boomerang"],"picked":"Cleave","floor":3},{"not_picked":["Perfected Strike","Power Through"],"picked":"Ghostly Armor","floor":4},{"not_picked":["Sword Boomerang","Havoc"],"picked":"Burning Pact","floor":5},{"not_picked":["Flex","Clothesline"],"picked":"Barricade","floor":7},{"not_picked":["Perfected Strike","Heavy Blade"],"picked":"Hemokinesis","floor":11},{"not_picked":["Clothesline","Armaments"],"picked":"Pommel Strike","floor":13},{"not_picked":["Wild Strike","True Grit"],"picked":"Bloodletting","floor":14},{"not_picked":["Berserk","Limit Break"],"picked":"Offering","floor":16},{"not_picked":["Iron Wave","Warcry+1"],"picked":"Twin Strike+1","floor":18},{"not_picked":["Pommel Strike","Anger"],"picked":"Shrug It Off","floor":19},{"not_picked":["True Grit","Shockwave+1","Sword Boomerang+1"],"picked":"Flame Barrier","floor":21}],"player_experience":346752,"relics_obtained":[{"floor":7,"key":"Happy Flower"},{"floor":9,"key":"Anchor"},{"floor":14,"key":"Strawberry"}],"event_choices":[{"cards_removed":["Burning Pact"],"damage_healed":0,"gold_gain":0,"player_choice":"Gave Card","damage_taken":0,"relics_obtained":["PreservedInsect"],"max_hp_gain":0,"max_hp_loss":0,"event_name":"WeMeetAgain","floor":10,"gold_loss":0},{"damage_healed":0,"gold_gain":0,"player_choice":"Upgraded","damage_taken":0,"max_hp_gain":0,"max_hp_loss":0,"event_name":"Upgrade Shrine","floor":22,"gold_loss":0,"cards_upgraded":["Flame Barrier"]}],"is_beta":false,"boss_relics":[{"not_picked":["Empty Cage","Sozu"],"picked":"SacredBark"}],"items_purged_floors":[],"is_endless":false,"potions_floor_spawned":[1,2,4,13,14,21],"killed_by":"Sentry and Sphere","ascension_level":9}}