{"host":"knspyp6dy614fx6e","time":1612179329,"event":{"mods":["ATMod(阿瑾Mod)","Aspiration","BaseMod","Better Altar","Better Skull","Better Third Choice","Card Filter","DeckTracker","Dota2Spire","Energized Spire","Jedi Mod","Minty Spire (QoL Compilation)","Quick Restart","Relic Filter Mod","Relic Stats","Reliquary","Shop Mod","Spicy Shops","StSLib","TestMod","Waifu the Spire","【遗物卡牌】REMEMod"],"gold_per_floor":[113,413,413,430,20,20,53,63,89,106,106,138,158,158,158,254,254,273,198,198,218,218,245,263,263,263],"floor_reached":25,"language":"ZHS","playtime":934,"items_purged":[],"score":397,"play_id":"2776b0a3-8a70-4d54-96a4-159c277d8681","local_time":"20210201193529","is_ascension_mode":true,"campfire_choices":[{"data":"AT_KneejerkReflex","floor":6.0,"key":"SMITH"},{"data":"Storm of Steel","floor":15.0,"key":"SMITH"}],"circlet_count":0,"master_deck":["AscendersBane","Strike_G","Strike_G","Strike_G","Defend_G","Defend_G","Defend_G","Defend_G","Defend_G","Survivor","Neutralize","All Out Attack","Reflex","Madness+1","Storm of Steel+1","Reflex","Injury","Calculated Gamble+1","Deflect+1","Slice+1"],"relics":["AT_ATBox","testmod-TestBox","REME_ComplimentaryCards","testmod-Muramasa","AT_SunfireAegis","Toxic Egg 2","Nunchaku","testmod-Fanaticism","Kunai","Bag of Marbles"],"acts_visited":["Exordium","TheCity"],"potions_floor_usage":[25],"damage_taken":[{"damage":4.0,"enemies":"Small Slimes","floor":1.0,"turns":5.0},{"damage":2.0,"enemies":"Jaw Worm","floor":4.0,"turns":6.0},{"damage":10.0,"enemies":"3 Sentries","floor":7.0,"turns":5.0},{"damage":0.0,"enemies":"2 Louse","floor":8.0,"turns":2.0},{"damage":10.0,"enemies":"Exordium Thugs","floor":10.0,"turns":4.0},{"damage":0.0,"enemies":"Gremlin Nob","floor":12.0,"turns":1.0},{"damage":0.0,"enemies":"Looter","floor":13.0,"turns":3.0},{"damage":8.0,"enemies":"Hexaghost","floor":16.0,"turns":4.0},{"damage":0.0,"enemies":"3 Byrds","floor":18.0,"turns":2.0},{"damage":49.0,"enemies":"2 Thieves","floor":21.0,"turns":4.0},{"damage":7.0,"enemies":"Gremlin Leader","floor":23.0,"turns":5.0},{"damage":0.0,"enemies":"3 Cultists","floor":24.0,"turns":3.0},{"damage":65,"enemies":"REME_1_Revenger","floor":25,"turns":3}],"seed_played":"-3158814230604541073","potions_obtained":[{"floor":4.0,"key":"FearPotion"},{"floor":7.0,"key":"testmod-EscapePotion"},{"floor":12.0,"key":"Strength Potion"},{"floor":13.0,"key":"REME_GoldPotion"},{"floor":21.0,"key":"testmod-TimePotion"},{"floor":23.0,"key":"Swift Potion"}],"is_trial":false,"path_per_floor":["M","?","?","M","$","R","E","M","T","M","?","E","M","?","R","B",null,"M","?","?","M","?","E","M","E"],"character_chosen":"THE_SILENT","items_purchased":["testmod-Muramasa","AT_KneejerkReflex","Storm of Steel"],"campfire_rested":0,"item_purchase_floors":[5,5,5],"current_hp_per_floor":[59,59,64,62,62,62,52,52,52,42,42,42,42,42,42,34,60,60,60,60,39,61,61,61,0,0],"gold":263,"neow_bonus":"ONE_RARE_RELIC","is_daily":false,"chose_seed":false,"campfire_upgraded":2,"win_rate":0.0,"timestamp":1612179329,"path_taken":["M","?","?","M","$","R","E","M","T","M","?","E","M","?","R","BOSS","M","?","?","M","?","E","M","E"],"items_purchased_type":["Relic","Undefined","Card"],"build_version":"2020-12-22","purchased_purges":0,"victory":false,"max_hp_per_floor":[63,63,68,68,68,68,68,68,68,68,68,68,68,68,68,68,68,68,68,68,68,68,68,68,68,68],"relic_stats":{"Nunchaku":[9],"counters":[13,47],"Kunai":[10],"obtain_stats":[{"testmod-Fanaticism":17,"testmod-Muramasa":5,"Nunchaku":12,"AT_ATBox":0,"testmod-TestBox":0,"StoneCalendar":0,"Bag of Marbles":23,"Kunai":20,"AT_SunfireAegis":7,"Toxic Egg 2":11,"Ring of the Snake":0,"REME_ComplimentaryCards":0},{"testmod-Fanaticism":8,"testmod-Muramasa":2,"Nunchaku":6,"AT_ATBox":0,"testmod-TestBox":0,"StoneCalendar":0,"Bag of Marbles":11,"Kunai":9,"AT_SunfireAegis":3,"Toxic Egg 2":5,"Ring of the Snake":0,"REME_ComplimentaryCards":0},{"testmod-Fanaticism":30,"testmod-Muramasa":11,"Nunchaku":23,"AT_ATBox":0,"testmod-TestBox":0,"StoneCalendar":0,"Bag of Marbles":41,"Kunai":32,"AT_SunfireAegis":16,"Toxic Egg 2":22,"Ring of the Snake":0,"REME_ComplimentaryCards":0}]},"card_choices":[{"not_picked":["Bane","Flying Knee"],"picked":"All Out Attack","floor":1.0},{"not_picked":["Sucker Punch","PiercingWail"],"picked":"Reflex","floor":4.0},{"not_picked":["Cloak And Dagger","Reflex","Predator"],"picked":"SKIP","floor":7.0},{"not_picked":["Dagger Throw","AT_WindFlip"],"picked":"Reflex","floor":8.0},{"not_picked":["Cloak And Dagger","Flying Knee","Caltrops"],"picked":"SKIP","floor":10.0},{"not_picked":["Caltrops","Bane","Noxious Fumes"],"picked":"SKIP","floor":12.0},{"not_picked":["Blur+1","Deadly Poison+1"],"picked":"Calculated Gamble+1","floor":13.0},{"not_picked":["AT_WindFlip+1","Poisoned Stab"],"picked":"Deflect+1","floor":18.0},{"not_picked":["Prepared+1","Calculated Gamble+1"],"picked":"Slice+1","floor":21.0},{"not_picked":["Cloak And Dagger+1","Quick Slash+1","Caltrops+1"],"picked":"SKIP","floor":23.0},{"not_picked":["Unload","All Out Attack","Underhanded Strike+1"],"picked":"SKIP","floor":24}],"player_experience":292099,"relics_obtained":[{"floor":7.0,"key":"AT_SunfireAegis"},{"floor":12.0,"key":"Nunchaku"},{"floor":23.0,"key":"Bag of Marbles"}],"event_choices":[{"damage_healed":0.0,"max_hp_gain":0.0,"max_hp_loss":0.0,"gold_gain":300.0,"event_name":"恩洛斯的盘子","player_choice":"Sell","floor":2.0,"relics_lost":["StoneCalendar"],"gold_loss":0.0,"damage_taken":0.0},{"damage_healed":0.0,"max_hp_gain":5.0,"max_hp_loss":0.0,"gold_gain":0.0,"event_name":"Big Fish","player_choice":"Donut","floor":3.0,"gold_loss":0.0,"damage_taken":0.0},{"cards_removed":["Strike_G"],"damage_healed":0.0,"max_hp_gain":0.0,"max_hp_loss":0.0,"gold_gain":0.0,"event_name":"Living Wall","player_choice":"Forget","floor":14.0,"gold_loss":0.0,"damage_taken":0.0},{"cards_removed":["Strike_G"],"damage_healed":0.0,"max_hp_gain":0.0,"max_hp_loss":0.0,"gold_gain":0.0,"event_name":"Beggar","player_choice":"Gave Gold","floor":19.0,"gold_loss":75.0,"damage_taken":0.0},{"damage_healed":0.0,"max_hp_gain":0.0,"max_hp_loss":0.0,"gold_gain":0.0,"event_name":"给自己的盒子","player_choice":"Swap Relic","floor":20.0,"relics_lost":["Ring of the Snake"],"gold_loss":0.0,"damage_taken":0.0,"relics_obtained":["Kunai"]},{"damage_healed":22.0,"max_hp_gain":0.0,"max_hp_loss":0.0,"gold_gain":0.0,"event_name":"The Library","player_choice":"Heal","floor":22.0,"gold_loss":0.0,"damage_taken":0.0}],"is_beta":false,"boss_relics":[{"not_picked":["testmod-Recursion","Philosopher\u0027s Stone"],"picked":"testmod-Fanaticism"}],"items_purged_floors":[],"is_endless":false,"potions_floor_spawned":[4,7,10,12,13,21,23],"killed_by":"REME_1_Revenger","ascension_level":11}}