{"host":"f0gpob8hq9vgebej","time":1612168389,"event":{"mods":["AchievementEnabler","BaseMod","Minty Spire (QoL Compilation)","Quick Restart","SuperFastMode"],"gold_per_floor":[116,41,59,70,82,82,109,126,126,160,160,170,185,196,196,272,272,292,304,317,317,332,332,332,332],"floor_reached":24,"language":"KOR","playtime":621,"items_purged":["Doubt"],"score":375,"play_id":"ff876997-1c47-45d0-82f4-490a7e284e40","local_time":"20210201173309","is_ascension_mode":true,"campfire_choices":[{"data":"Phantasmal Killer","floor":6.0,"key":"SMITH"},{"floor":11,"key":"REST"},{"data":"Prepared","floor":15,"key":"SMITH"},{"floor":23,"key":"REST"}],"circlet_count":0,"master_deck":["AscendersBane","Strike_G","Strike_G","Strike_G","Strike_G","Strike_G","Defend_G","Defend_G","Defend_G","Defend_G","Defend_G","Survivor","Neutralize","Noxious Fumes","Deadly Poison","Prepared+1","Phantasmal Killer+1","Die Die Die","Blade Dance","Backflip+1","Escape Plan","Blade Dance","Wraith Form v2","Setup+1"],"relics":["Ring of the Snake","CaptainsWheel","Akabeko","Pocketwatch","Tingsha","Sozu"],"acts_visited":["Exordium","TheCity"],"potions_floor_usage":[10,16,18],"damage_taken":[{"damage":0.0,"enemies":"Jaw Worm","floor":1.0,"turns":6.0},{"damage":1.0,"enemies":"Cultist","floor":3.0,"turns":5.0},{"damage":1.0,"enemies":"Small Slimes","floor":4.0,"turns":4.0},{"damage":1.0,"enemies":"Looter","floor":5.0,"turns":4.0},{"damage":28.0,"enemies":"Lagavulin","floor":7.0,"turns":6.0},{"damage":0.0,"enemies":"Blue Slaver","floor":8.0,"turns":2.0},{"damage":14,"enemies":"Gremlin Nob","floor":10,"turns":4},{"damage":0,"enemies":"Exordium Thugs","floor":12,"turns":2},{"damage":0,"enemies":"2 Fungi Beasts","floor":13,"turns":1},{"damage":9,"enemies":"Exordium Wildlife","floor":14,"turns":3},{"damage":7,"enemies":"Hexaghost","floor":16,"turns":7},{"damage":3,"enemies":"2 Thieves","floor":18,"turns":2},{"damage":0,"enemies":"Spheric Guardian","floor":19,"turns":3},{"damage":21,"enemies":"Shelled Parasite and Fungi","floor":20,"turns":5},{"damage":11,"enemies":"Sentry and Sphere","floor":22,"turns":4},{"damage":13,"enemies":"Snecko","floor":24,"turns":6}],"seed_played":"173646158669450023","potions_obtained":[{"floor":4.0,"key":"CultistPotion"},{"floor":7.0,"key":"DistilledChaos"},{"floor":13,"key":"Explosive Potion"}],"is_trial":false,"path_per_floor":["M","$","M","M","M","R","E","M","T","E","R","M","M","M","R","B",null,"M","M","M","?","M","R","M"],"character_chosen":"THE_SILENT","items_purchased":[],"campfire_rested":2,"item_purchase_floors":[],"current_hp_per_floor":[59,59,58,57,56,56,28,28,28,14,33,33,33,24,24,17,54,51,51,30,30,19,38,25,25],"gold":332,"neow_bonus":"ONE_RARE_RELIC","is_daily":false,"chose_seed":false,"campfire_upgraded":2,"win_rate":0.0,"timestamp":1612168389,"path_taken":["M","$","M","M","M","R","E","M","T","E","R","M","M","M","R","BOSS","M","M","M","?","?","R","M"],"items_purchased_type":[],"build_version":"2020-12-22","purchased_purges":1,"victory":false,"max_hp_per_floor":[66,66,66,66,66,66,66,66,66,66,66,66,66,66,66,66,66,66,66,66,66,66,66,66,66],"card_choices":[{"not_picked":["Slice","Escape Plan"],"picked":"Noxious Fumes","floor":1.0},{"not_picked":["Acrobatics","Masterful Stab"],"picked":"Deadly Poison","floor":3.0},{"not_picked":["All Out Attack","Outmaneuver"],"picked":"Prepared","floor":4.0},{"not_picked":["Prepared","Blade Dance"],"picked":"Phantasmal Killer","floor":5.0},{"not_picked":["Escape Plan","Caltrops"],"picked":"Die Die Die","floor":7.0},{"not_picked":["Prepared","Poisoned Stab"],"picked":"Blade Dance","floor":8.0},{"not_picked":["Dagger Spray","Outmaneuver"],"picked":"Backflip","floor":10},{"not_picked":["Underhanded Strike","Quick Slash"],"picked":"Escape Plan","floor":12},{"not_picked":["Backflip","Choke"],"picked":"Blade Dance","floor":13},{"not_picked":["Flechettes","Dagger Throw","PiercingWail"],"picked":"SKIP","floor":14},{"not_picked":["A Thousand Cuts","Malaise"],"picked":"Wraith Form v2","floor":16},{"not_picked":["Prepared","Poisoned Stab","Dagger Spray+1"],"picked":"SKIP","floor":18},{"not_picked":["Setup+1","Quick Slash","Backstab"],"picked":"SKIP","floor":19},{"not_picked":["Quick Slash","Backstab"],"picked":"Setup+1","floor":19},{"not_picked":["Quick Slash","Dagger Throw","Slice"],"picked":"SKIP","floor":20},{"not_picked":["Caltrops","Bouncing Flask","Cloak And Dagger"],"picked":"SKIP","floor":22}],"player_experience":343308,"relics_obtained":[{"floor":7.0,"key":"Akabeko"},{"floor":9.0,"key":"Pocketwatch"},{"floor":10,"key":"Tingsha"}],"event_choices":[{"damage_healed":0,"gold_gain":0,"player_choice":"Upgraded","damage_taken":0,"max_hp_gain":0,"max_hp_loss":0,"event_name":"Upgrade Shrine","floor":21,"gold_loss":0,"cards_upgraded":["Backflip"]}],"is_beta":false,"boss_relics":[{"not_picked":["Philosopher\u0027s Stone","Busted Crown"],"picked":"Sozu"}],"items_purged_floors":[2],"is_endless":false,"potions_floor_spawned":[4,7,8,13,22],"killed_by":"Snecko","ascension_level":15}}