{"host":"rb2p2z6v6vieend5","time":1612203994,"event":{"mods":["BaseMod","Block Reminder","Colored Map","DeckTracker","Highlight Path","Minty Spire (QoL Compilation)","Random Character Button","Relic Stats"],"gold_per_floor":[112,129,79,79,91,117,117,78,78,91,105,105,105,105],"floor_reached":13,"language":"ENG","playtime":470,"items_purged":[],"score":115,"play_id":"0aa372ae-97a8-465c-9cd3-8dc163826a6b","local_time":"20210201192634","is_ascension_mode":true,"campfire_choices":[{"data":"Zap","floor":7,"key":"SMITH"}],"circlet_count":0,"master_deck":["Strike_B","Strike_B","Strike_B","Strike_B","Defend_B","Defend_B","Defend_B","Zap+1","Dualcast","Conserve Battery","Consume","Static Discharge","BootSequence+1","Loop","Cold Snap","Sweeping Beam"],"relics":["Cracked Core","Turnip","Toxic Egg 2","Du-Vu Doll","Smiling Mask"],"acts_visited":["Exordium"],"potions_floor_usage":[11,11],"damage_taken":[{"damage":0,"enemies":"Small Slimes","floor":1,"turns":2},{"damage":3,"enemies":"Jaw Worm","floor":2,"turns":4},{"damage":0,"enemies":"Cultist","floor":5,"turns":3},{"damage":35,"enemies":"Lagavulin","floor":6,"turns":6},{"damage":13,"enemies":"Large Slime","floor":10,"turns":5},{"damage":2,"enemies":"3 Louse","floor":11,"turns":3},{"damage":10,"enemies":"3 Sentries","floor":13,"turns":2}],"seed_played":"4993381925835532075","potions_obtained":[{"floor":2,"key":"FearPotion"},{"floor":10,"key":"LiquidMemories"}],"is_trial":false,"path_per_floor":["M","M","?","?","M","E","R","$","T","M","M","?","E"],"character_chosen":"DEFECT","items_purchased":["Loop"],"campfire_rested":0,"item_purchase_floors":[8],"current_hp_per_floor":[68,65,65,58,58,23,23,23,23,10,8,8,0,0],"gold":105,"neow_bonus":"ONE_RARE_RELIC","is_daily":false,"chose_seed":false,"campfire_upgraded":1,"win_rate":0.0,"timestamp":1612203994,"path_taken":["M","M","?","?","?","E","R","?","T","M","M","?","E"],"items_purchased_type":["Card"],"build_version":"2020-12-22","purchased_purges":0,"victory":false,"max_hp_per_floor":[68,68,68,68,68,68,68,68,68,68,68,68,68,68],"relic_stats":{"counters":[7,24],"Turnip":[1],"Smiling Mask":0,"obtain_stats":[{"Du-Vu Doll":6,"Turnip":0,"Toxic Egg 2":4,"Cracked Core":0,"Smiling Mask":9},{"Du-Vu Doll":4,"Turnip":0,"Toxic Egg 2":2,"Cracked Core":0,"Smiling Mask":4},{"Du-Vu Doll":15,"Turnip":0,"Toxic Egg 2":6,"Cracked Core":0,"Smiling Mask":15}]},"card_choices":[{"not_picked":["Chill","Chaos"],"picked":"Conserve Battery","floor":1},{"not_picked":["Aggregate","Beam Cell"],"picked":"Consume","floor":2},{"not_picked":["Go for the Eyes","Double Energy+1"],"picked":"Static Discharge","floor":5},{"not_picked":["Double Energy+1","Barrage"],"picked":"BootSequence+1","floor":6},{"not_picked":["Gash","Static Discharge"],"picked":"Cold Snap","floor":10},{"not_picked":["Rip and Tear","Rebound"],"picked":"Sweeping Beam","floor":11}],"player_experience":664334,"relics_obtained":[{"floor":6,"key":"Du-Vu Doll"},{"floor":9,"key":"Smiling Mask"}],"event_choices":[{"cards_removed":["Defend_B"],"damage_healed":0,"gold_gain":0,"player_choice":"Card Removal","damage_taken":0,"max_hp_gain":0,"max_hp_loss":0,"event_name":"The Cleric","floor":3,"gold_loss":50},{"damage_healed":0,"gold_gain":0,"player_choice":"Success","damage_taken":7,"relics_obtained":["Toxic Egg 2"],"max_hp_gain":0,"max_hp_loss":0,"event_name":"Scrap Ooze","floor":4,"gold_loss":0},{"damage_healed":0,"gold_gain":0,"player_choice":"Searched \u00270\u0027 times","damage_taken":0,"max_hp_gain":0,"max_hp_loss":0,"event_name":"Dead Adventurer","floor":12,"gold_loss":0}],"is_beta":false,"boss_relics":[],"items_purged_floors":[],"is_endless":false,"potions_floor_spawned":[2,10],"killed_by":"3 Sentries","ascension_level":7}}