{"host":"1nniobf0g4s2td4e","time":1612205448,"event":{"mods":["2.2 Compatiblity","BaseMod","Minty Spire (QoL Compilation)","StSLib","SuperFastMode"],"gold_per_floor":[112,112,180,204,225,263,263,288,288,331,350,390,159,109,109,228,228,244,244,263,263,109,134,175,175,175,175,50,50,94,119,119,238,238,252,270,293,308,327,327,358,358,382,423,324,324,324,261,261,261,261,261,4,35,35],"floor_reached":56,"language":"ENG","playtime":1480,"items_purged":["Strike_R","Defend_R","Strike_R"],"score":1488,"play_id":"16b65db2-f8ff-408f-a6d6-2cefc268f80e","local_time":"20210201125048","is_ascension_mode":false,"campfire_choices":[{"data":"Searing Blow+5","floor":15.0,"key":"SMITH"},{"data":"Searing Blow+6","floor":25,"key":"SMITH"},{"data":"Searing Blow+7","floor":27,"key":"SMITH"},{"data":"Searing Blow+8","floor":29,"key":"SMITH"},{"data":"Searing Blow+9","floor":32,"key":"SMITH"},{"data":"Searing Blow+10","floor":40,"key":"SMITH"},{"data":"Searing Blow+11","floor":42,"key":"SMITH"},{"data":"Searing Blow+12","floor":47,"key":"SMITH"},{"floor":49,"key":"RECALL"},{"data":"Searing Blow+13","floor":52,"key":"SMITH"}],"circlet_count":0,"master_deck":["Strike_R","Defend_R","Defend_R","Defend_R","Bash","Searing Blow+14","True Grit","Headbutt","Ghostly Armor","Adrenaline","Adrenaline","Shrug It Off","Escape Plan","SpiritShield","Blur","Protect","Hologram+1","Reboot","Finesse","Apotheosis+1"],"relics":["Burning Blood","Golden Idol","Mummified Hand","Paper Frog","Bird Faced Urn","Bag of Marbles","Blood Vial","PrismaticShard","Black Star","Mercury Hourglass","Eternal Feather","The Courier","Membership Card","Membership Card","HandDrill","Oddly Smooth Stone","Meat on the Bone","Runic Dome","Frozen Egg 2","InkBottle","Omamori","StoneCalendar","Toy Ornithopter","ClockworkSouvenir","Bottled Flame","Bottled Lightning","Bronze Scales","Strawberry","Champion Belt"],"acts_visited":["Exordium","TheCity","TheBeyond","TheEnding"],"potions_floor_usage":[55,55,55],"damage_taken":[{"damage":6.0,"enemies":"Jaw Worm","floor":1.0,"turns":2.0},{"damage":2.0,"enemies":"2 Louse","floor":4.0,"turns":3.0},{"damage":0.0,"enemies":"Small Slimes","floor":5.0,"turns":2.0},{"damage":14.0,"enemies":"Gremlin Nob","floor":6.0,"turns":3.0},{"damage":17.0,"enemies":"3 Louse","floor":8.0,"turns":4.0},{"damage":0.0,"enemies":"Lagavulin","floor":10.0,"turns":8.0},{"damage":0.0,"enemies":"Lots of Slimes","floor":11.0,"turns":1.0},{"damage":17.0,"enemies":"3 Sentries","floor":12.0,"turns":5.0},{"damage":39.0,"enemies":"Hexaghost","floor":16.0,"turns":6.0},{"damage":0.0,"enemies":"Spheric Guardian","floor":18.0,"turns":1.0},{"damage":18,"enemies":"Shell Parasite","floor":20,"turns":3},{"damage":0,"enemies":"Snake Plant","floor":23,"turns":1},{"damage":9,"enemies":"Book of Stabbing","floor":24,"turns":2},{"damage":6,"enemies":"Slavers","floor":30,"turns":5},{"damage":2,"enemies":"3 Cultists","floor":31,"turns":4},{"damage":0,"enemies":"Collector","floor":33,"turns":3},{"damage":13,"enemies":"3 Shapes","floor":35,"turns":6},{"damage":0,"enemies":"3 Darklings","floor":36,"turns":2},{"damage":0,"enemies":"Sphere and 2 Shapes","floor":37,"turns":3},{"damage":30,"enemies":"Transient","floor":38,"turns":5},{"damage":0,"enemies":"Writhing Mass","floor":39,"turns":1},{"damage":0,"enemies":"Reptomancer","floor":41,"turns":1},{"damage":0,"enemies":"Giant Head","floor":44,"turns":1},{"damage":16,"enemies":"Donu and Deca","floor":50,"turns":6},{"damage":0,"enemies":"Shield and Spear","floor":54,"turns":3},{"damage":44,"enemies":"The Heart","floor":55,"turns":6}],"seed_played":"3578832269733508868","potions_obtained":[{"floor":1.0,"key":"DistilledChaos"},{"floor":5.0,"key":"Ancient Potion"},{"floor":16.0,"key":"AttackPotion"},{"floor":37,"key":"DistilledChaos"}],"is_trial":false,"path_per_floor":["M","?","?","M","M","E","T","M","T","E","M","E","$","?","R","B",null,"M","?","M","?","$","M","E","R","T","R","$","R","E","M","R","B",null,"M","M","M","M","M","R","E","R","T","E","$","?","R","$","R","B",null,"R","$","E","B",null],"character_chosen":"IRONCLAD","items_purchased":["PrismaticShard","Shrug It Off","HandDrill","Finesse","ClockworkSouvenir","Bottled Flame","Bottled Lightning","Bronze Scales"],"campfire_rested":0,"item_purchase_floors":[13,22,28,45,48,53,53,53],"current_hp_per_floor":[88,66,66,70,76,68,68,57,57,63,69,58,58,58,58,27,88,88,88,76,76,76,84,83,88,88,88,88,88,88,88,88,88,88,81,88,88,64,72,81,88,88,88,88,88,88,88,88,88,78,88,88,88,95,60],"gold":35,"neow_bonus":"TEN_PERCENT_HP_BONUS","is_daily":false,"chose_seed":false,"campfire_upgraded":9,"win_rate":0.0,"timestamp":1612205448,"path_taken":["M","?","?","M","M","E","?","M","T","E","M","E","?","?","R","BOSS","M","?","M","?","$","M","E","R","T","R","$","R","E","M","R","BOSS","M","M","M","M","M","R","E","R","T","E","?","?","R","$","R","BOSS","R","$","E","BOSS"],"items_purchased_type":["Relic","Card","Relic","Card","Relic","Relic","Relic","Relic"],"build_version":"2020-12-22","purchased_purges":3,"victory":true,"max_hp_per_floor":[88,88,88,88,88,88,88,88,88,88,88,88,88,88,88,88,88,88,88,88,88,88,88,88,88,88,88,88,88,88,88,88,88,88,88,88,88,88,88,88,88,88,88,88,88,88,88,88,88,88,88,88,88,95,95],"card_choices":[{"not_picked":["Whirlwind","Pummel"],"picked":"True Grit","floor":1.0},{"not_picked":["Clothesline","Sword Boomerang","Clash"],"picked":"SKIP","floor":4.0},{"not_picked":["Wild Strike","Sever Soul","Anger"],"picked":"SKIP","floor":5.0},{"not_picked":["Berserk","Dark Embrace","Sword Boomerang"],"picked":"SKIP","floor":6.0},{"not_picked":["Twin Strike","Warcry","Rampage"],"picked":"SKIP","floor":8.0},{"not_picked":["Twin Strike","Sever Soul","Wild Strike"],"picked":"SKIP","floor":10.0},{"not_picked":["Wild Strike","Inflame"],"picked":"Headbutt","floor":11.0},{"not_picked":["Metallicize","Clothesline"],"picked":"Ghostly Armor","floor":12.0},{"not_picked":["Chrysalis","Feed"],"picked":"Adrenaline","floor":16.0},{"not_picked":["Cloak And Dagger","Lockon","Steam"],"picked":"SKIP","floor":18.0},{"not_picked":["Dodge and Roll","Slice","SashWhip"],"picked":"SKIP","floor":20},{"not_picked":["Sword Boomerang","Static Discharge+1"],"picked":"Escape Plan","floor":23},{"not_picked":["Burning Pact","Stack","Flying Knee+1"],"picked":"SKIP","floor":24},{"not_picked":["Stack","Reflex+1","Envenom"],"picked":"SKIP","floor":30},{"not_picked":["Redo+1","Poisoned Stab+1","Underhanded Strike+1"],"picked":"SKIP","floor":31},{"not_picked":["Immolate","Berserk"],"picked":"SpiritShield","floor":33},{"not_picked":["Ball Lightning","Stack+1"],"picked":"Blur","floor":35},{"not_picked":["Iron Wave+1","Heavy Blade+1"],"picked":"Protect","floor":36},{"not_picked":["Turbo","CrushJoints+1","JustLucky+1"],"picked":"SKIP","floor":37},{"not_picked":["Dark Shackles+1","Clash+1","Dodge and Roll"],"picked":"SKIP","floor":38},{"not_picked":["Tempest","PathToVictory+1"],"picked":"Hologram+1","floor":39},{"not_picked":["Rebound+1","Hyperbeam"],"picked":"Reboot","floor":41},{"not_picked":["Sucker Punch+1","Warcry","Anger"],"picked":"SKIP","floor":44},{"not_picked":["Turbo+1","Vault","SignatureMove"],"picked":"SKIP","floor":54}],"player_experience":730139,"relics_obtained":[{"floor":6.0,"key":"Mummified Hand"},{"floor":9.0,"key":"Paper Frog"},{"floor":10.0,"key":"Bird Faced Urn"},{"floor":12.0,"key":"Blood Vial"},{"floor":24,"key":"Mercury Hourglass"},{"floor":24,"key":"Eternal Feather"},{"floor":26,"key":"The Courier"},{"floor":30,"key":"Oddly Smooth Stone"},{"floor":30,"key":"Meat on the Bone"},{"floor":41,"key":"Frozen Egg 2"},{"floor":41,"key":"InkBottle"},{"floor":43,"key":"Omamori"},{"floor":44,"key":"StoneCalendar"},{"floor":44,"key":"Toy Ornithopter"},{"floor":54,"key":"Strawberry"},{"floor":54,"key":"Champion Belt"}],"event_choices":[{"damage_healed":0.0,"max_hp_gain":0.0,"max_hp_loss":0.0,"gold_gain":0.0,"event_name":"Golden Idol","player_choice":"Take Damage","floor":2.0,"gold_loss":0.0,"damage_taken":22.0,"relics_obtained":["Golden Idol"]},{"damage_healed":0.0,"max_hp_gain":0.0,"max_hp_loss":0.0,"gold_gain":68.0,"event_name":"Golden Wing","player_choice":"Gained Gold","floor":3.0,"gold_loss":0.0,"damage_taken":0.0},{"cards_removed":["Strike_R"],"damage_healed":0.0,"max_hp_gain":0.0,"max_hp_loss":0.0,"gold_gain":0.0,"event_name":"The Cleric","player_choice":"Card Removal","floor":14.0,"gold_loss":50.0,"damage_taken":0.0},{"damage_healed":0,"gold_gain":0,"player_choice":"Ignored","damage_taken":0,"max_hp_gain":0,"max_hp_loss":0,"event_name":"The Mausoleum","floor":19,"gold_loss":0},{"damage_healed":0,"gold_gain":0,"player_choice":"Copied","damage_taken":0,"max_hp_gain":0,"max_hp_loss":0,"event_name":"Duplicator","floor":21,"gold_loss":0,"cards_obtained":["Adrenaline"]},{"cards_removed":["Strike_R"],"damage_healed":0,"gold_gain":0,"player_choice":"Removed Attack","damage_taken":0,"max_hp_gain":0,"max_hp_loss":0,"event_name":"Falling","floor":46,"gold_loss":0}],"is_beta":false,"boss_relics":[{"not_picked":["Mark of Pain","Empty Cage"],"picked":"Black Star"},{"not_picked":["Pandora\u0027s Box","Snecko Eye"],"picked":"Runic Dome"}],"items_purged_floors":[13,22,45],"is_endless":false,"potions_floor_spawned":[1,5,16,20,23,24,31,37,44],"ascension_level":0}}