{"host":"2se5dq1do2gp0x9k","time":1612160020,"event":{"mods":["AchievementEnabler","BaseMod","Block Reminder","Colored Map","Colored Powertips","Minty Spire (QoL Compilation)","Relic Stats","StSLib","SuperFastMode"],"gold_per_floor":[110,130,130,143,153,153,172,172,172,172,222,242,256,157,157,236,236,252,270,270,270,270,270],"floor_reached":22,"language":"ENG","playtime":483,"items_purged":["Strike_B"],"score":456,"play_id":"536a7358-79e6-4440-837e-0dcf220d493e","local_time":"20210131221340","is_ascension_mode":true,"campfire_choices":[{"data":"Reprogram","floor":6.0,"key":"SMITH"},{"data":"Streamline","floor":8.0,"key":"SMITH"},{"data":"Leap","floor":10.0,"key":"SMITH"},{"data":"Beam Cell","floor":15.0,"key":"SMITH"}],"circlet_count":0,"master_deck":["AscendersBane","Strike_B","Defend_B","Defend_B","Defend_B","Defend_B","Dualcast","Reprogram+1","Leap+1","Streamline+1","Leap","FTL","Beam Cell+1","All For One","BootSequence","Rebound","Decay","Doom and Gloom","Streamline"],"relics":["Cracked Core","NeowsBlessing","HornCleat","Runic Pyramid"],"acts_visited":["Exordium","TheCity"],"potions_floor_usage":[16,16],"damage_taken":[{"damage":0.0,"enemies":"Cultist","floor":1.0,"turns":1.0},{"damage":0.0,"enemies":"Small Slimes","floor":2.0,"turns":1.0},{"damage":0.0,"enemies":"Jaw Worm","floor":4.0,"turns":1.0},{"damage":9.0,"enemies":"Red Slaver","floor":5.0,"turns":6.0},{"damage":22.0,"enemies":"Exordium Thugs","floor":7.0,"turns":5.0},{"damage":11.0,"enemies":"Looter","floor":12.0,"turns":2.0},{"damage":0.0,"enemies":"Large Slime","floor":13.0,"turns":7.0},{"damage":0,"enemies":"Hexaghost","floor":16,"turns":9},{"damage":16,"enemies":"3 Byrds","floor":18,"turns":5},{"damage":13,"enemies":"2 Thieves","floor":19,"turns":5}],"seed_played":"5172582600402392786","potions_obtained":[{"floor":1.0,"key":"GamblersBrew"},{"floor":2.0,"key":"Strength Potion"},{"floor":12.0,"key":"AttackPotion"},{"floor":16,"key":"DuplicationPotion"},{"floor":19,"key":"GamblersBrew"}],"is_trial":false,"path_per_floor":["M","M","?","M","M","R","M","R","T","R","?","M","M","$","R","B",null,"M","M","?","?","$"],"character_chosen":"DEFECT","items_purchased":["Beam Cell"],"campfire_rested":0,"item_purchase_floors":[14],"current_hp_per_floor":[64,64,64,64,55,55,33,33,33,33,26,15,15,15,15,15,57,41,28,28,28,28,28],"gold":270,"neow_bonus":"THREE_ENEMY_KILL","is_daily":false,"chose_seed":false,"campfire_upgraded":4,"win_rate":0.0,"timestamp":1612160020,"path_taken":["M","?","?","M","M","R","?","R","T","R","?","?","M","$","R","BOSS","M","M","?","?","$"],"items_purchased_type":["Card"],"build_version":"2020-12-22","purchased_purges":1,"victory":false,"max_hp_per_floor":[71,71,71,71,71,71,71,71,71,71,71,71,71,71,71,71,71,71,71,71,71,71,71],"relic_stats":{"counters":[10,42],"obtain_stats":[{"HornCleat":9,"NeowsBlessing":0,"Cracked Core":0,"Runic Pyramid":17},{"HornCleat":5,"NeowsBlessing":0,"Cracked Core":0,"Runic Pyramid":8},{"HornCleat":14,"NeowsBlessing":0,"Cracked Core":0,"Runic Pyramid":32}]},"card_choices":[{"not_picked":["Skim","Redo"],"picked":"Reprogram","floor":1.0},{"not_picked":["Coolheaded","Compile Driver","Heatsinks"],"picked":"SKIP","floor":2.0},{"not_picked":["Steam","Compile Driver"],"picked":"Leap","floor":4.0},{"not_picked":["Stack","Aggregate"],"picked":"Streamline","floor":5.0},{"not_picked":["Hologram","Cold Snap"],"picked":"Leap","floor":7.0},{"not_picked":["Turbo","Thunder Strike"],"picked":"FTL","floor":12.0},{"not_picked":["Leap","Turbo","Barrage"],"picked":"SKIP","floor":13.0},{"not_picked":["Reboot","Creative AI"],"picked":"All For One","floor":16},{"not_picked":["Compile Driver","Force Field"],"picked":"BootSequence","floor":18},{"not_picked":["Cold Snap","FTL"],"picked":"Rebound","floor":19}],"player_experience":4039790,"relics_obtained":[{"floor":9.0,"key":"HornCleat"}],"event_choices":[{"cards_removed":["Zap"],"damage_healed":0.0,"max_hp_gain":0.0,"max_hp_loss":0.0,"gold_gain":0.0,"event_name":"Purifier","player_choice":"Purged","floor":3.0,"gold_loss":0.0,"damage_taken":0.0},{"damage_healed":0.0,"max_hp_gain":0.0,"max_hp_loss":0.0,"gold_gain":50.0,"event_name":"FaceTrader","player_choice":"Touch","floor":11.0,"gold_loss":0.0,"damage_taken":7.0},{"damage_healed":0,"gold_gain":0,"player_choice":"Smashed Altar","damage_taken":0,"max_hp_gain":0,"max_hp_loss":0,"event_name":"Forgotten Altar","floor":20,"gold_loss":0,"cards_obtained":["Decay"]},{"damage_healed":0,"gold_gain":0,"cards_transformed":["Strike_B","Strike_B"],"player_choice":"Became Test Subject","damage_taken":0,"max_hp_gain":0,"max_hp_loss":0,"event_name":"Drug Dealer","floor":21,"gold_loss":0,"cards_obtained":["Doom and Gloom","Streamline"]}],"is_beta":false,"boss_relics":[{"not_picked":["Busted Crown","Inserter"],"picked":"Runic Pyramid"}],"items_purged_floors":[14],"is_endless":false,"potions_floor_spawned":[1,2,4,12,13,16,19],"ascension_level":20}}