{"host":"11728qvdvolffudn","time":1612202668,"event":{"mods":["BaseMod","Block Reminder","Colored Powertips","Curses Come First","Custom Start","Displayed Cursed Tome","Highlight Path","Minty Spire (QoL Compilation)","Permanent Neow","Quick Restart","Rare Cards Sparkle","Relic Stats","StSLib"],"gold_per_floor":[110,35,52,127,145,145,208,220,232,244,256,293,322,344,356,463,475,507,434,366,384,384,417,107,107,153,153,172,197,212,34,34,136,436,452,466,215,232,243,243,271,271,295,395,428,438,78,91,91,91],"floor_reached":51,"language":"ENG","playtime":2929,"items_purged":["Strike_R","Strike_R","Strike_R","Spot Weakness","Dropkick+1","Bash+1"],"score":780,"play_id":"faef2e09-8b91-4ce8-b4c0-8a4d2f69bdd5","local_time":"20210201180428","is_ascension_mode":true,"campfire_choices":[{"data":"Whirlwind","floor":6,"key":"SMITH"},{"data":"Whirlwind","floor":8,"key":"SMITH"},{"data":"Flex","floor":11,"key":"SMITH"},{"data":"Flex","floor":15,"key":"SMITH"},{"data":"Demon Form","floor":25,"key":"SMITH"},{"data":"Defend_R","floor":27,"key":"SMITH"},{"data":"Limit Break","floor":32,"key":"SMITH"},{"data":"Defend_R","floor":40,"key":"SMITH"},{"floor":42,"key":"REST"},{"floor":49,"key":"REST"}],"circlet_count":0,"master_deck":["Defend_R+1","Defend_R","Defend_R+1","Defend_R+1","Whirlwind+1","Flex+1","Whirlwind+1","Flex+1","Demon Form+1","Shrug It Off+1","Flex","Limit Break+1","CurseOfTheBell","Double Tap","Shrug It Off+1"],"relics":["Burning Blood","MawBank","Blood Vial","The Courier","Black Star","PreservedInsect","Ice Cream","Bronze Scales","Kunai","War Paint","Whetstone","HornCleat","Calling Bell","Happy Flower","Mercury Hourglass","Old Coin","Omamori","Gambling Chip","Oddly Smooth Stone","Lizard Tail","Self Forming Clay"],"acts_visited":["Exordium","TheCity","TheBeyond"],"potions_floor_usage":[7,12,12,12,18,18,28,36,39,47,50,50],"damage_taken":[{"damage":12,"enemies":"Small Slimes","floor":1,"turns":3},{"damage":0,"enemies":"2 Louse","floor":3,"turns":1},{"damage":1,"enemies":"Cultist","floor":5,"turns":4},{"damage":9,"enemies":"3 Sentries","floor":7,"turns":2},{"damage":19,"enemies":"Lagavulin","floor":12,"turns":4},{"damage":6,"enemies":"Large Slime","floor":13,"turns":3},{"damage":0,"enemies":"2 Fungi Beasts","floor":14,"turns":2},{"damage":7,"enemies":"Slime Boss","floor":16,"turns":6},{"damage":37,"enemies":"Shell Parasite","floor":18,"turns":5},{"damage":0,"enemies":"3 Byrds","floor":21,"turns":2},{"damage":10,"enemies":"Gremlin Leader","floor":23,"turns":4},{"damage":31,"enemies":"Cultist and Chosen","floor":28,"turns":7},{"damage":7,"enemies":"Slavers","floor":29,"turns":2},{"damage":0,"enemies":"3 Cultists","floor":30,"turns":2},{"damage":33,"enemies":"Collector","floor":33,"turns":6},{"damage":0,"enemies":"3 Shapes","floor":35,"turns":2},{"damage":7,"enemies":"3 Darklings","floor":36,"turns":3},{"damage":0,"enemies":"Jaw Worm Horde","floor":38,"turns":1},{"damage":27,"enemies":"Transient","floor":39,"turns":5},{"damage":55,"enemies":"Giant Head","floor":41,"turns":8},{"damage":22,"enemies":"Nemesis","floor":45,"turns":3},{"damage":7,"enemies":"Maw","floor":46,"turns":7},{"damage":0,"enemies":"3 Darklings","floor":48,"turns":1},{"damage":52,"enemies":"Awakened One","floor":50,"turns":11}],"seed_played":"-8211204734986849313","potions_obtained":[{"floor":3,"key":"Swift Potion"},{"floor":5,"key":"SneckoOil"},{"floor":10,"key":"Block Potion"},{"floor":10,"key":"LiquidBronze"},{"floor":10,"key":"ColorlessPotion"},{"floor":12,"key":"Block Potion"},{"floor":16,"key":"SteroidPotion"},{"floor":18,"key":"Weak Potion"},{"floor":33,"key":"HeartOfIron"},{"floor":35,"key":"BlessingOfTheForge"},{"floor":38,"key":"Regen Potion"},{"floor":45,"key":"GamblersBrew"}],"is_trial":false,"path_per_floor":["M","$","M","?","M","R","?","R","T","?","R","E","M","M","R","B",null,"M","?","$","M","?","E","$","R","T","R","M","E","M","$","R","B",null,"M","M","$","M","M","R","E","R","T","?","E","M","$","M","R","B",null],"character_chosen":"IRONCLAD","items_purchased":["Kunai","Limit Break","Double Tap","FairyPotion","Fruit Juice","PowerPotion"],"campfire_rested":2,"item_purchase_floors":[24,31,37,47,47,47],"current_hp_per_floor":[74,74,80,69,74,74,71,71,71,71,71,60,62,70,70,71,80,49,49,49,57,57,55,55,55,55,55,32,33,41,41,41,16,80,80,79,79,80,69,69,22,46,46,46,32,33,38,46,71,27],"gold":91,"neow_bonus":"TRANSFORM_CARD","is_daily":false,"chose_seed":false,"campfire_upgraded":8,"win_rate":0.0,"timestamp":1612202668,"path_taken":["M","$","M","?","M","R","?","R","T","?","R","E","?","M","R","BOSS","M","?","$","M","?","E","$","R","T","R","M","E","?","$","R","BOSS","M","M","?","M","M","R","E","R","T","?","E","?","$","M","R","BOSS"],"items_purchased_type":["Relic","Card","Card","Potion","Potion","Potion"],"build_version":"2020-12-22","purchased_purges":6,"victory":true,"max_hp_per_floor":[80,80,80,80,80,80,80,80,80,80,80,80,80,80,80,80,80,80,80,80,80,80,80,80,80,80,80,80,80,80,80,80,80,80,80,80,80,80,80,80,80,80,80,80,80,80,85,85,85,85],"relic_stats":{"Happy Flower":[13],"counters":[24,94],"Self Forming Clay":[18],"PreservedInsect":257,"Whetstone":["Bash","Dropkick"],"War Paint":["Shrug It Off","Defend_R"],"MawBank":156,"Burning Blood":132,"Mercury Hourglass":[169],"Blood Vial":31,"Lizard Tail":0,"Bronze Scales":[170],"Gambling Chip":[10],"Black Star":4,"Kunai":[1],"obtain_stats":[{"Ice Cream":23,"Happy Flower":34,"Self Forming Clay":45,"Oddly Smooth Stone":43,"The Courier":12,"PreservedInsect":19,"Omamori":41,"Whetstone":29,"War Paint":26,"MawBank":7,"Burning Blood":0,"Mercury Hourglass":34,"Old Coin":34,"Blood Vial":9,"Calling Bell":34,"Lizard Tail":45,"HornCleat":29,"Bronze Scales":23,"Gambling Chip":41,"Black Star":17,"Kunai":24},{"Ice Cream":11,"Happy Flower":15,"Self Forming Clay":21,"Oddly Smooth Stone":20,"The Courier":5,"PreservedInsect":9,"Omamori":20,"Whetstone":13,"War Paint":11,"MawBank":4,"Burning Blood":0,"Mercury Hourglass":15,"Old Coin":15,"Blood Vial":4,"Calling Bell":15,"Lizard Tail":21,"HornCleat":13,"Bronze Scales":11,"Gambling Chip":20,"Black Star":8,"Kunai":11},{"Ice Cream":36,"Happy Flower":53,"Self Forming Clay":75,"Oddly Smooth Stone":72,"The Courier":14,"PreservedInsect":30,"Omamori":72,"Whetstone":45,"War Paint":36,"MawBank":10,"Burning Blood":0,"Mercury Hourglass":53,"Old Coin":53,"Blood Vial":10,"Calling Bell":53,"Lizard Tail":75,"HornCleat":45,"Bronze Scales":36,"Gambling Chip":72,"Black Star":25,"Kunai":36}]},"card_choices":[{"not_picked":["Perfected Strike","Power Through"],"picked":"Flex","floor":1},{"not_picked":["Clash","Sentinel"],"picked":"Dropkick","floor":3},{"not_picked":["Seeing Red","Anger"],"picked":"Whirlwind","floor":5},{"not_picked":["Second Wind","Searing Blow"],"picked":"Spot Weakness","floor":12},{"not_picked":["Clothesline","Feel No Pain","True Grit"],"picked":"SKIP","floor":13},{"not_picked":["Clash","Power Through"],"picked":"Flex","floor":14},{"not_picked":["Exhume","Berserk"],"picked":"Demon Form","floor":16},{"not_picked":["Body Slam","Shrug It Off","Iron Wave"],"picked":"SKIP","floor":18},{"not_picked":["Clothesline","Dropkick"],"picked":"Shrug It Off","floor":21},{"not_picked":["Impervious","Metallicize+1"],"picked":"Flex","floor":23},{"not_picked":["Armaments","Wild Strike","Perfected Strike"],"picked":"SKIP","floor":28},{"not_picked":["Clothesline","Armaments+1","Thunderclap"],"picked":"SKIP","floor":29},{"not_picked":["Flame Barrier","Havoc","Body Slam"],"picked":"SKIP","floor":30},{"not_picked":["Sword Boomerang","Spot Weakness","Havoc+1"],"picked":"SKIP","floor":35},{"not_picked":["Combust+1","Pummel","Searing Blow+1"],"picked":"SKIP","floor":36},{"not_picked":["Clothesline+1","Seeing Red+1"],"picked":"Shrug It Off+1","floor":38},{"not_picked":["True Grit+1","Rage+1","Corruption"],"picked":"SKIP","floor":39},{"not_picked":["Thunderclap","Reckless Charge+1","Iron Wave"],"picked":"SKIP","floor":41},{"not_picked":["Heavy Blade","Flame Barrier","Power Through+1"],"picked":"SKIP","floor":45},{"not_picked":["Anger+1","Shrug It Off","Havoc"],"picked":"SKIP","floor":46},{"not_picked":["Havoc","Twin Strike","Anger"],"picked":"SKIP","floor":48}],"player_experience":167091,"relics_obtained":[{"floor":7,"key":"MawBank"},{"floor":9,"key":"Blood Vial"},{"floor":12,"key":"The Courier"},{"floor":23,"key":"Ice Cream"},{"floor":23,"key":"Bronze Scales"},{"floor":26,"key":"War Paint"},{"floor":29,"key":"Whetstone"},{"floor":29,"key":"HornCleat"},{"floor":34,"key":"Happy Flower"},{"floor":34,"key":"Mercury Hourglass"},{"floor":34,"key":"Old Coin"},{"floor":41,"key":"Omamori"},{"floor":41,"key":"Gambling Chip"},{"floor":43,"key":"Oddly Smooth Stone"},{"floor":45,"key":"Lizard Tail"},{"floor":45,"key":"Self Forming Clay"}],"event_choices":[{"damage_healed":0,"gold_gain":75,"player_choice":"Gather Gold","damage_taken":11,"max_hp_gain":0,"max_hp_loss":0,"event_name":"World of Goop","floor":4,"gold_loss":0},{"damage_healed":0,"gold_gain":30,"player_choice":"Searched \u00273\u0027 times","damage_taken":0,"max_hp_gain":0,"max_hp_loss":0,"event_name":"Dead Adventurer","floor":7,"gold_loss":0},{"damage_healed":0,"gold_gain":0,"player_choice":"Got Potions","damage_taken":0,"max_hp_gain":0,"max_hp_loss":0,"event_name":"Lab","floor":10,"gold_loss":0},{"damage_healed":0,"gold_gain":0,"player_choice":"Obtained Relic","damage_taken":0,"relics_obtained":["PreservedInsect"],"max_hp_gain":0,"max_hp_loss":0,"event_name":"Addict","floor":19,"gold_loss":85},{"cards_removed":["Strike_R"],"damage_healed":0,"gold_gain":0,"player_choice":"Purged","damage_taken":0,"max_hp_gain":0,"max_hp_loss":0,"event_name":"Purifier","floor":22,"gold_loss":0},{"damage_healed":0,"gold_gain":100,"player_choice":"Pray","damage_taken":0,"max_hp_gain":0,"max_hp_loss":0,"event_name":"Golden Shrine","floor":44,"gold_loss":0}],"is_beta":false,"boss_relics":[{"not_picked":["Fusion Hammer","Cursed Key"],"picked":"Black Star"},{"not_picked":["Astrolabe","Runic Dome"],"picked":"Calling Bell"}],"items_purged_floors":[2,20,24,31,37,47],"is_endless":false,"potions_floor_spawned":[3,5,12,16,18,33,35,38,45,48],"ascension_level":1}}