{"host":"vca5odlxycr7xk6d","time":1612191354,"event":{"mods":["Act Like it!","Arknights","BaseMod","Better Note","BetterRewards","Gensokyo","GungeonMod","Hermit","Hubris","Infinite Spire","Marisa????????","Minty Spire (QoL Compilation)","Morshu Shopkeeper","Reimu??????","Replay The Spire","Shop Mod","Spire Arcade","StSLib","The Animator","The Cursed","The Fake Hero","The Poker Player"],"gold_per_floor":[109,109,125,141,141,141,175,175,175,175,175,175],"floor_reached":11,"language":"ENG","playtime":381,"items_purged":[],"score":75,"play_id":"d78b07d0-b3f2-4014-8c0f-52dc34fec538","local_time":"20210201215554","is_ascension_mode":true,"campfire_choices":[{"data":"ats:Emotion Absorption","floor":6,"key":"SMITH"},{"data":"ats:Neurotoxin","floor":10,"key":"SMITH"}],"circlet_count":0,"master_deck":["ats:Strike C","ats:Strike G","ats:Strike S","ats:Strike V","ats:Armor Crushing Shot","ats:Defend","ats:Defend","ats:Defend","ats:Defend","ats:Emotion Absorption+1","ats:Assault Order","ats:Magnetic Hammer","ats:Song Of Battle","ats:Neurotoxin+1","Gensokyo:AllTheWorldsEvil","ats:Shell Defense"],"relics":["ats:Sanity","DemoMod:Orange","hubris:DisguiseKit","DemoMod:GlassGuonStoneRelic","ats:Originium","CeramicFish","Ring of Fangs","Ring of Panic","hubris:PeanutButter"],"acts_visited":["Exordium"],"potions_floor_usage":[],"damage_taken":[{"damage":5,"enemies":"Small Slimes","floor":1,"turns":5},{"damage":4,"enemies":"2 Louse","floor":3,"turns":3},{"damage":8,"enemies":"Cultist","floor":4,"turns":5},{"damage":53,"enemies":"Gremlin Nob","floor":7,"turns":5},{"damage":24,"enemies":"Lagavulin","floor":11,"turns":5}],"seed_played":"-1640664160677338227","potions_obtained":[{"floor":3,"key":"Elixir"},{"floor":4,"key":"SkillPotion"}],"is_trial":false,"path_per_floor":["M","?","M","M","?","R","E","?","T","R","E"],"character_chosen":"DOCTOR_CLASS","items_purchased":[],"campfire_rested":0,"item_purchase_floors":[],"current_hp_per_floor":[67,76,72,64,64,64,11,11,11,11,0,0],"gold":175,"neow_bonus":"THREE_CARDS","is_daily":false,"chose_seed":false,"campfire_upgraded":2,"win_rate":0.0,"timestamp":1612191354,"path_taken":["M","?","M","M","?","R","E","?","T","R","E"],"items_purchased_type":[],"build_version":"2020-12-22","purchased_purges":0,"victory":false,"max_hp_per_floor":[72,84,84,84,84,84,84,84,84,84,84,84],"card_choices":[{"not_picked":["ats:Revitalization","ats:Ignite"],"picked":"ats:Assault Order","floor":0},{"not_picked":["ats:Flame Of Heaven","ats:Poison Spread"],"picked":"ats:Magnetic Hammer","floor":1},{"not_picked":["ats:Cat Scratch","ats:Magnetic Hammer"],"picked":"ats:Song Of Battle","floor":3},{"not_picked":["ats:Flame Of Heaven","ats:Cat Scratch"],"picked":"ats:Neurotoxin","floor":4},{"not_picked":["ats:Cat Scratch","ats:Hook Shot","hermit:WideOpen"],"picked":"ats:Shell Defense","floor":7}],"player_experience":545468,"relics_obtained":[{"floor":7,"key":"ats:Originium"},{"floor":7,"key":"CeramicFish"},{"floor":8,"key":"Ring of Fangs"},{"floor":8,"key":"Ring of Panic"},{"floor":9,"key":"hubris:PeanutButter"}],"event_choices":[{"damage_healed":0,"gold_gain":0,"player_choice":"Success","damage_taken":3,"relics_obtained":["DemoMod:Orange"],"max_hp_gain":0,"max_hp_loss":0,"event_name":"Scrap Ooze","floor":2,"gold_loss":0}],"is_beta":false,"boss_relics":[],"items_purged_floors":[],"is_endless":false,"potions_floor_spawned":[3,4],"killed_by":"Lagavulin","ascension_level":1}}