{"host":"vex7walpoxzv48nx","time":1612197418,"event":{"mods":["AchievementEnabler","BaseMod","Bestiary","Minty Spire (QoL Compilation)","Permanent Neow","Quick Restart","Relic Stats","UnlockEverythingMod"],"gold_per_floor":[361,378,134,144,144,170,196,196,223,223,263,263,297,325,325,413,413,434,456,476,47,47,47,72,110,158,196,121,121,159,185,185,272,272,293,321,348,12,12,12,46,80,132,141,141,15,38,58,58,58,58],"floor_reached":52,"language":"ENG","playtime":6705,"items_purged":["Strike_G","Strike_G","Strike_G"],"score":1941,"play_id":"d05dedce-44be-409a-88c6-503ad7afaaec","local_time":"20210201173658","is_ascension_mode":true,"campfire_choices":[{"data":"Neutralize","floor":8,"key":"SMITH"},{"data":"Noxious Fumes","floor":10,"key":"SMITH"},{"floor":12,"key":"REST"},{"data":"Bouncing Flask","floor":15,"key":"SMITH"},{"floor":23,"key":"REST"},{"floor":29,"key":"REST"},{"data":"Crippling Poison","floor":32,"key":"SMITH"},{"data":"Wraith Form v2","floor":40,"key":"SMITH"},{"floor":45,"key":"REST"},{"data":"Calculated Gamble","floor":49,"key":"SMITH"}],"circlet_count":0,"master_deck":["AscendersBane","Strike_G","Defend_G","Defend_G","Defend_G","Defend_G","Defend_G","Survivor","Neutralize+1","Poisoned Stab","Slice","Noxious Fumes+1","Backstab","Leg Sweep","Quick Slash","Bouncing Flask+1","Bane","Wraith Form v2+1","Poisoned Stab","Quick Slash","Calculated Gamble+1","Predator","PiercingWail+1","Crippling Poison+1","Footwork","Malaise","Dodge and Roll+1","Backstab","Skewer","Deflect","Dash+1","Finesse","Terror+1","Footwork+1"],"relics":["Ring of the Snake","CeramicFish","PreservedInsect","Orichalcum","Bronze Scales","Sozu","Snake Skull","Ancient Tea Set","Smiling Mask","Question Card","Oddly Smooth Stone","Dead Branch","Runic Pyramid","Shuriken","Girya","Bottled Tornado","Blood Vial","Pantograph"],"acts_visited":["Exordium","TheCity","TheBeyond"],"potions_floor_usage":[6,6,11,13,13],"damage_taken":[{"damage":1.0,"enemies":"Cultist","floor":1.0,"turns":4.0},{"damage":11,"enemies":"Jaw Worm","floor":2,"turns":4},{"damage":0,"enemies":"2 Louse","floor":4,"turns":2},{"damage":12,"enemies":"3 Sentries","floor":6,"turns":10},{"damage":6,"enemies":"Looter","floor":7,"turns":3},{"damage":6,"enemies":"Gremlin Nob","floor":11,"turns":3},{"damage":12,"enemies":"Lagavulin","floor":13,"turns":5},{"damage":1,"enemies":"3 Louse","floor":14,"turns":3},{"damage":3,"enemies":"The Guardian","floor":16,"turns":8},{"damage":14,"enemies":"Spheric Guardian","floor":18,"turns":4},{"damage":14,"enemies":"Shell Parasite","floor":19,"turns":5},{"damage":8,"enemies":"Snecko","floor":20,"turns":4},{"damage":11,"enemies":"Book of Stabbing","floor":25,"turns":4},{"damage":21,"enemies":"Gremlin Leader","floor":27,"turns":4},{"damage":0,"enemies":"Slavers","floor":30,"turns":4},{"damage":9,"enemies":"Shelled Parasite and Fungi","floor":31,"turns":5},{"damage":11,"enemies":"Champ","floor":33,"turns":11},{"damage":0,"enemies":"3 Darklings","floor":35,"turns":4},{"damage":3,"enemies":"Orb Walker","floor":36,"turns":4},{"damage":0,"enemies":"Maw","floor":37,"turns":7},{"damage":0,"enemies":"Mind Bloom Boss Battle","floor":41,"turns":5},{"damage":36,"enemies":"Reptomancer","floor":42,"turns":5},{"damage":0,"enemies":"4 Shapes","floor":47,"turns":4},{"damage":6,"enemies":"Writhing Mass","floor":48,"turns":5},{"damage":28,"enemies":"Donu and Deca","floor":50,"turns":8},{"damage":57,"enemies":"Awakened One","floor":51,"turns":16}],"seed_played":"-8468823081323743632","potions_obtained":[{"floor":4,"key":"Fruit Juice"},{"floor":6,"key":"BlessingOfTheForge"},{"floor":7,"key":"BlessingOfTheForge"},{"floor":11,"key":"ColorlessPotion"}],"is_trial":false,"path_per_floor":["M","M","$","M","?","E","M","R","T","R","E","R","E","M","R","B",null,"M","M","M","$","?","R","T","E","T","E","?","R","E","M","R","B",null,"M","M","M","$","?","R","?","E","T","?","R","?","M","M","R","B","B",null],"character_chosen":"THE_SILENT","items_purchased":["Noxious Fumes","Backstab","Fire Potion","Snake Skull","Ancient Tea Set","Shuriken"],"campfire_rested":4,"item_purchase_floors":[3,3,3,21,21,38],"current_hp_per_floor":[58,47,47,47,47,40,34,34,34,34,28,47,35,34,34,31,57,43,29,21,21,34,53,53,42,42,21,21,40,40,31,31,20,54,54,51,51,51,51,51,51,15,15,15,34,34,36,32,32,31,1],"gold":58,"neow_bonus":"TWO_FIFTY_GOLD","is_daily":false,"chose_seed":false,"campfire_upgraded":6,"win_rate":0.0,"timestamp":1612197418,"path_taken":["M","M","$","M","?","E","?","R","T","R","E","R","E","M","R","BOSS","M","M","?","$","?","R","?","E","T","E","?","R","E","M","R","BOSS","M","M","M","$","?","R","?","E","T","?","R","?","M","M","R","BOSS","BOSS"],"items_purchased_type":["Card","Card","Potion","Relic","Relic","Relic"],"build_version":"2020-12-22","purchased_purges":3,"victory":true,"max_hp_per_floor":[60,60,60,60,60,65,65,65,65,65,65,65,65,65,65,65,65,65,65,65,65,65,65,65,65,65,65,65,65,65,65,65,65,65,65,65,65,65,65,65,65,65,65,65,65,65,65,65,65,65,65],"relic_stats":{"counters":[26,141],"CeramicFish":180,"Dead Branch":[86],"PreservedInsect":245,"Snake Skull":[170],"Orichalcum":[312],"Smiling Mask":75,"Question Card":12,"Sozu":6,"Blood Vial":8,"Shuriken":[13],"Bronze Scales":[355],"Pantograph":50,"obtain_stats":[{"Girya":41,"CeramicFish":6,"Dead Branch":30,"Oddly Smooth Stone":27,"PreservedInsect":9,"Snake Skull":21,"Orichalcum":11,"Bottled Tornado":42,"Ancient Tea Set":21,"Smiling Mask":24,"Question Card":25,"Sozu":17,"Blood Vial":43,"Shuriken":38,"Bronze Scales":13,"Pantograph":46,"Ring of the Snake":0,"Runic Pyramid":34},{"Girya":21,"CeramicFish":4,"Dead Branch":15,"Oddly Smooth Stone":14,"PreservedInsect":5,"Snake Skull":12,"Orichalcum":6,"Bottled Tornado":22,"Ancient Tea Set":12,"Smiling Mask":12,"Question Card":13,"Sozu":9,"Blood Vial":22,"Shuriken":20,"Bronze Scales":7,"Pantograph":22,"Ring of the Snake":0,"Runic Pyramid":17},{"Girya":103,"CeramicFish":20,"Dead Branch":67,"Oddly Smooth Stone":63,"PreservedInsect":23,"Snake Skull":55,"Orichalcum":26,"Bottled Tornado":108,"Ancient Tea Set":55,"Smiling Mask":55,"Question Card":59,"Sozu":42,"Blood Vial":108,"Shuriken":98,"Bronze Scales":31,"Pantograph":108,"Ring of the Snake":0,"Runic Pyramid":83}],"Ring of the Snake":[52]},"card_choices":[{"not_picked":["Leg Sweep","Bane"],"picked":"Poisoned Stab","floor":1.0},{"not_picked":["All Out Attack","Dodge and Roll"],"picked":"Slice","floor":2},{"not_picked":["Underhanded Strike","Quick Slash"],"picked":"Well Laid Plans","floor":4},{"not_picked":["Slice","Cloak And Dagger","Prepared"],"picked":"SKIP","floor":6},{"not_picked":["Acrobatics","Slice"],"picked":"Quick Slash","floor":7},{"not_picked":["Outmaneuver","Tools of the Trade"],"picked":"Bouncing Flask","floor":11},{"not_picked":["Choke","Concentrate","Distraction"],"picked":"SKIP","floor":13},{"not_picked":["Endless Agony","Underhanded Strike"],"picked":"Bane","floor":14},{"not_picked":["Venomology","Storm of Steel"],"picked":"Wraith Form v2","floor":16},{"not_picked":["Acrobatics","Outmaneuver"],"picked":"Poisoned Stab","floor":18},{"not_picked":["Reflex","Flying Knee"],"picked":"Quick Slash","floor":19},{"not_picked":["Well Laid Plans","Underhanded Strike"],"picked":"Calculated Gamble","floor":20},{"not_picked":["Outmaneuver","Sucker Punch+1"],"picked":"Predator","floor":25},{"not_picked":["Blur","Deadly Poison","Finisher"],"picked":"PiercingWail+1","floor":27},{"not_picked":["Leg Sweep","Bane","Outmaneuver"],"picked":"Crippling Poison","floor":30},{"not_picked":["Quick Slash","Prepared+1","Choke"],"picked":"Footwork","floor":31},{"not_picked":["Phantasmal Killer","Doppelganger","Grand Finale"],"picked":"Malaise","floor":33},{"not_picked":["Heel Hook+1","Sucker Punch+1","Leg Sweep"],"picked":"Dodge and Roll+1","floor":35},{"not_picked":["Accuracy","Flying Knee","Eviscerate+1"],"picked":"Backstab","floor":36},{"not_picked":["Blade Dance","Bane","Outmaneuver"],"picked":"Skewer","floor":37},{"not_picked":["Flechettes","Prepared","Accuracy"],"picked":"Deflect","floor":41},{"not_picked":["Dagger Spray","Quick Slash","Glass Knife"],"picked":"Dash+1","floor":42},{"not_picked":["PanicButton","Discovery","HandOfGreed"],"picked":"Finesse","floor":44},{"not_picked":["Slice","Caltrops","Distraction"],"picked":"Terror+1","floor":47},{"not_picked":["Bane","Caltrops","Underhanded Strike"],"picked":"Footwork+1","floor":48}],"player_experience":243449,"relics_obtained":[{"floor":6,"key":"CeramicFish"},{"floor":9,"key":"PreservedInsect"},{"floor":11,"key":"Orichalcum"},{"floor":13,"key":"Bronze Scales"},{"floor":24,"key":"Smiling Mask"},{"floor":25,"key":"Question Card"},{"floor":27,"key":"Oddly Smooth Stone"},{"floor":30,"key":"Dead Branch"},{"floor":41,"key":"Girya"},{"floor":42,"key":"Bottled Tornado"},{"floor":43,"key":"Blood Vial"}],"event_choices":[{"damage_healed":0,"gold_gain":0,"player_choice":"1 cards matched","damage_taken":0,"max_hp_gain":0,"max_hp_loss":0,"event_name":"Match and Keep!","floor":5,"gold_loss":0,"cards_obtained":["Leg Sweep"]},{"damage_healed":13,"gold_gain":0,"player_choice":"Heal","damage_taken":0,"max_hp_gain":0,"max_hp_loss":0,"event_name":"The Library","floor":22,"gold_loss":0},{"cards_removed":["Strike_G"],"damage_healed":0,"gold_gain":0,"player_choice":"Gave Gold","damage_taken":0,"max_hp_gain":0,"max_hp_loss":0,"event_name":"Beggar","floor":28,"gold_loss":75},{"cards_removed":["Well Laid Plans"],"damage_healed":0,"gold_gain":0,"player_choice":"Removed Power","damage_taken":0,"max_hp_gain":0,"max_hp_loss":0,"event_name":"Falling","floor":39,"gold_loss":0},{"damage_healed":0,"gold_gain":0,"player_choice":"Fight","damage_taken":0,"max_hp_gain":0,"max_hp_loss":0,"event_name":"MindBloom","floor":41,"gold_loss":0},{"damage_healed":0,"gold_gain":0,"player_choice":"Memory 1","damage_taken":0,"max_hp_gain":0,"max_hp_loss":0,"event_name":"SensoryStone","floor":44,"gold_loss":0},{"damage_healed":0,"gold_gain":0,"player_choice":"Paid Gold","damage_taken":0,"relics_obtained":["Pantograph"],"max_hp_gain":0,"max_hp_loss":0,"event_name":"WeMeetAgain","floor":46,"gold_loss":126}],"is_beta":false,"boss_relics":[{"not_picked":["Runic Dome","Ring of the Serpent"],"picked":"Sozu"},{"not_picked":["Philosopher\u0027s Stone","SacredBark"],"picked":"Runic Pyramid"}],"items_purged_floors":[3,21,38],"is_endless":false,"potions_floor_spawned":[4,6,7,11,19,27,30,31,37,41],"ascension_level":20}}