{"host":"vb6wt0mawj2xz8v4","time":1612137682,"event":{"mods":["AchievementEnabler","Aspiration","BaseMod","Conspire","Hermit","Highlight Path","Hubris","Jorbs\u0027s Wanderer Trilogy","Minty Spire (QoL Compilation)","Quick Restart","Replay The Spire","Shop Mod","StSLib","SuperFastMode","The Cursed","The Disciple","The Hierophant","The Jungle","The Runesmith"],"gold_per_floor":[113,6,6,6,17,192,192,219,219,231,231,1,34,50,50,148,148,164,164,164,17,17,49,49,66,135,165,182,212,61,61,61,158,158,176,194,99,110,20,20,51,51,78,89,89,89,114,114,114,42],"floor_reached":51,"language":"ENG","playtime":5747,"items_purged":["Doubt","Writhe"],"score":700,"play_id":"26cda146-0b56-41b3-8c7f-31bff6b5ae44","local_time":"20210131190122","is_ascension_mode":true,"campfire_choices":[{"data":"Runesmith:MetallurgicalResearch","floor":7,"key":"SMITH"},{"data":"Runesmith:HammerThrow","floor":11,"key":"SMITH"},{"data":"Runesmith:CraftFirestone","floor":15,"key":"SMITH"},{"data":"Runesmith:Fortify","floor":24,"key":"SMITH"},{"floor":32,"key":"REST"},{"floor":40,"key":"REST"},{"floor":45,"key":"DIG"},{"floor":49,"key":"REST"}],"circlet_count":0,"master_deck":["Runesmith:Defend_RS","Runesmith:Defend_RS","Runesmith:Defend_RS","Runesmith:CraftFirestone+1","Runesmith:Fortify+1","Runesmith:BackupBattery","Runesmith:MetallurgicalResearch+1","Runesmith:CraftIncendium","Runesmith:PerfectChisel","Runesmith:HammerThrow+1","Runesmith:ChargedHammer","Runesmith:MakeshiftArmor","Runesmith:ReplicatingBarrier","Runesmith:PerfectChisel","Runesmith:HeatExchange","Runesmith:EnergizedChisel+1","Runesmith:Overpower","Runesmith:CraftSpiculum","Runesmith:EnergizedChisel","Runesmith:CraftMedicinae+1","Runesmith:CraftVitae+1","Runesmith:LithiumIon+1","Runesmith:EnergizedChisel+1","Runesmith:HeatedChisel+1","Runesmith:HammerAndChisel+1","Runesmith:Terraform+1","Runesmith:Malloc"],"relics":["Runesmith:BrokenRuby","aspiration:Nostalgia","hierophant:PropheticMaskRelic","Calipers","Blue Candle","hubris:SlimyHat","Vajra","Ancient Tea Set","aspiration:PoetsPen_weak","theJungle:SpiritDisease","Bag of Preparation","Replay:Wax Seal","Spirit Poop","hubris:ToyBattleship","ReplayTheSpireMod:TigerMarble","Sling","Shovel","Replay:Bronze Core","Toolbox","aspiration:HummingbirdHeart","Blood Vial","Mummified Hand","Replay:Bandana"],"acts_visited":["Exordium","Exordium","TheBeyond"],"potions_floor_usage":[8,13,16,29,50,50],"damage_taken":[{"damage":0,"enemies":"2 Louse","floor":1,"turns":2},{"damage":0,"enemies":"Jaw Worm","floor":5,"turns":5},{"damage":4,"enemies":"Lagavulin","floor":8,"turns":5},{"damage":1,"enemies":"Cultist","floor":10,"turns":3},{"damage":9,"enemies":"3 Sentries","floor":13,"turns":4},{"damage":10,"enemies":"Looter","floor":14,"turns":2},{"damage":16,"enemies":"Hexaghost","floor":16,"turns":6},{"damage":14,"enemies":"theJungle:5_Spyders","floor":18,"turns":8},{"damage":0,"enemies":"theJungle:Cassacara","floor":23,"turns":5},{"damage":7,"enemies":"theJungle:MUSHROOMGANG","floor":25,"turns":3},{"damage":6,"enemies":"theJungle:MamaSnecko","floor":27,"turns":5},{"damage":9,"enemies":"theJungle:Snecko_Cultist_And_Trap","floor":28,"turns":3},{"damage":17,"enemies":"theJungle:2_Phrogs","floor":29,"turns":4},{"damage":1,"enemies":"theJungle:QueenSpyder","floor":33,"turns":7},{"damage":36,"enemies":"3 Darklings","floor":35,"turns":6},{"damage":1,"enemies":"3 Shapes","floor":36,"turns":2},{"damage":1,"enemies":"3 Darklings","floor":38,"turns":5},{"damage":4,"enemies":"Spire Growth","floor":39,"turns":5},{"damage":2,"enemies":"Giant Head","floor":41,"turns":6},{"damage":0,"enemies":"Transient","floor":44,"turns":5},{"damage":7,"enemies":"R_Hoarder","floor":47,"turns":5},{"damage":19,"enemies":"Replay:Hell Engine","floor":50,"turns":10}],"seed_played":"7038198459650837940","potions_obtained":[{"floor":5,"key":"PowerPotion"},{"floor":10,"key":"Strength Potion"},{"floor":13,"key":"Block Potion"},{"floor":14,"key":"Fire Potion"},{"floor":18,"key":"SkillPotion"},{"floor":23,"key":"PowerPotion"},{"floor":29,"key":"Weak Potion"}],"is_trial":false,"path_per_floor":["M","?","$","?","M","?","R","E","T","M","R","$","E","M","R","B",null,"M","?","?","$","?","E","R","M","T","E","M","E","$","?","R","B",null,"M","M","$","M","M","R","E","?","T","M","R","?","E","?","R","B",null],"character_chosen":"RUNESMITH_CLASS","items_purchased":["Vajra","Bag of Preparation","Sling","Toolbox","Runesmith:LithiumIon+1"],"campfire_rested":3,"item_purchase_floors":[12,21,30,37,37],"current_hp_per_floor":[70,70,70,70,70,70,70,66,66,65,65,65,56,46,46,30,70,56,56,56,56,58,58,58,51,51,45,36,19,19,19,40,39,70,36,35,35,34,30,51,49,49,49,51,51,51,46,46,67,50],"gold":42,"neow_bonus":"NOSTALGIA","is_daily":false,"chose_seed":false,"campfire_upgraded":4,"win_rate":0.0,"timestamp":1612137682,"path_taken":["M","?","?","?","?","?","R","E","T","M","R","$","E","M","R","BOSS","M","?","?","?","?","E","R","M","T","E","M","E","$","?","R","BOSS","M","M","$","M","M","R","E","?","T","?","R","?","E","?","R","BOSS"],"items_purchased_type":["Relic","Relic","Relic","Relic","Card"],"build_version":"2020-12-22","purchased_purges":2,"victory":true,"max_hp_per_floor":[70,70,70,70,70,70,70,70,70,70,70,70,70,70,70,70,70,70,70,70,70,70,70,70,70,70,70,70,70,70,70,70,70,70,70,70,70,70,70,70,70,70,70,70,70,70,70,70,70,70],"card_choices":[{"not_picked":["Runesmith:CraftProtectio","Runesmith:Repurpose"],"picked":"Runesmith:BackupBattery","floor":1},{"not_picked":["Runesmith:Empowerment","Runesmith:RuneHurl"],"picked":"Runesmith:CraftIncendium","floor":5},{"not_picked":["Runesmith:WhiteBalance","Runesmith:Discharge"],"picked":"Runesmith:PerfectChisel","floor":8},{"not_picked":["Runesmith:CraftVitae","Runesmith:Repurpose"],"picked":"Runesmith:HammerThrow","floor":10},{"not_picked":["Runesmith:LastStand","Runesmith:CraftProtectio"],"picked":"Runesmith:ChargedHammer","floor":13},{"not_picked":["Runesmith:HammerThrow","Runesmith:EarthShield"],"picked":"Runesmith:MakeshiftArmor","floor":14},{"not_picked":["Runesmith:ArcReactor","Runesmith:Supernova"],"picked":"Runesmith:ReplicatingBarrier","floor":16},{"not_picked":["Runesmith:HammerThrow","Runesmith:RuneHurl"],"picked":"Runesmith:PerfectChisel","floor":18},{"not_picked":["Runesmith:StaticCage","Runesmith:ArcReactor"],"picked":"Runesmith:HeatExchange","floor":23},{"not_picked":["Runesmith:HeatExchange","Runesmith:BackupBattery+1"],"picked":"Runesmith:EnergizedChisel+1","floor":25},{"not_picked":["Runesmith:CraftReservo","Runesmith:RuneHurl"],"picked":"Runesmith:Overpower","floor":27},{"not_picked":["aspiration:UnbridledHammer","Runesmith:Superposition"],"picked":"Runesmith:CraftSpiculum","floor":28},{"not_picked":["Runesmith:RunicBlueprint","Runesmith:GoWithTheFlow"],"picked":"Runesmith:EnergizedChisel","floor":29},{"not_picked":["Runesmith:FissionHammer","Runesmith:UnlimitedPower"],"picked":"Runesmith:CraftMedicinae","floor":33},{"not_picked":["Runesmith:Grindstone+1","Runesmith:Prism+1"],"picked":"Runesmith:CraftVitae+1","floor":35},{"not_picked":["Runesmith:Overpower","Runesmith:MakeshiftArmor","Runesmith:RuneHurl"],"picked":"SKIP","floor":36},{"not_picked":["aspiration:UnbridledHammer","Runesmith:Empowerment"],"picked":"Runesmith:EnergizedChisel+1","floor":38},{"not_picked":["Runesmith:HeatExchange+1","Runesmith:UnstableHammer"],"picked":"Runesmith:HeatedChisel+1","floor":39},{"not_picked":["Runesmith:Superposition","Runesmith:RuneHurl","Runesmith:BackupBattery"],"picked":"SKIP","floor":41},{"not_picked":["Runesmith:Empowerment+1","Runesmith:Firewall"],"picked":"Runesmith:HammerAndChisel+1","floor":44},{"not_picked":["Runesmith:HammerThrow","Runesmith:Augment+1"],"picked":"Runesmith:Terraform+1","floor":47}],"player_experience":460927,"relics_obtained":[{"floor":8,"key":"Blue Candle"},{"floor":9,"key":"hubris:SlimyHat"},{"floor":13,"key":"Ancient Tea Set"},{"floor":23,"key":"Replay:Wax Seal"},{"floor":26,"key":"Spirit Poop"},{"floor":27,"key":"hubris:ToyBattleship"},{"floor":29,"key":"ReplayTheSpireMod:TigerMarble"},{"floor":41,"key":"aspiration:HummingbirdHeart"},{"floor":43,"key":"Blood Vial"},{"floor":45,"key":"Mummified Hand"},{"floor":47,"key":"Replay:Bandana"}],"event_choices":[{"damage_healed":0,"gold_gain":0,"player_choice":"Paid Gold","damage_taken":0,"relics_obtained":["Calipers"],"max_hp_gain":0,"max_hp_loss":0,"event_name":"WeMeetAgain","floor":2,"gold_loss":107},{"damage_healed":0,"gold_gain":0,"cards_transformed":["Runesmith:Strike_RS"],"player_choice":"Transformed","damage_taken":0,"max_hp_gain":0,"max_hp_loss":0,"event_name":"Transmorgrifier","floor":4,"gold_loss":0,"cards_obtained":["Runesmith:MetallurgicalResearch"]},{"damage_healed":0,"gold_gain":175,"player_choice":"AGREE","damage_taken":0,"max_hp_gain":0,"max_hp_loss":0,"event_name":"Liars Game","floor":6,"gold_loss":0,"cards_obtained":["Doubt"]},{"damage_healed":0,"gold_gain":0,"player_choice":"Forge","damage_taken":0,"max_hp_gain":0,"max_hp_loss":0,"event_name":"Accursed Blacksmith","floor":42,"gold_loss":0,"cards_upgraded":["Runesmith:CraftMedicinae"]},{"damage_healed":0,"gold_gain":0,"player_choice":"Leave","damage_taken":0,"max_hp_gain":0,"max_hp_loss":0,"event_name":"conspire:Investor","floor":46,"gold_loss":0},{"damage_healed":0,"gold_gain":0,"cards_transformed":["Runesmith:Strike_RS"],"player_choice":"Transformed","damage_taken":0,"max_hp_gain":0,"max_hp_loss":0,"event_name":"Transmorgrifier","floor":48,"gold_loss":0,"cards_obtained":["Runesmith:Malloc"]}],"is_beta":false,"boss_relics":[{"not_picked":["conspire:RoyalGoblet","Fusion Hammer"],"picked":"aspiration:PoetsPen_weak"},{"not_picked":["conspire:SlowCooker","Replay:Wanted Poster"],"picked":"Replay:Bronze Core"}],"items_purged_floors":[12,37],"is_endless":false,"potions_floor_spawned":[5,10,13,14,18,23,25,29,38],"ascension_level":1}}