{"host":"jhy70w0yh8dayqay","time":1612190221,"event":{"mods":["AchievementEnabler","BaseMod","Colored Map","Colored Powertips","DeckTracker","Minty Spire (QoL Compilation)","Permanent Neow","SuperFastMode"],"gold_per_floor":[113,113,133,151,166,191,191,203,203,203,214,214,226,240,240,240,240],"floor_reached":16,"language":"KOR","playtime":644,"items_purged":[],"score":164,"play_id":"bde7a6ad-bc20-4ad5-baac-21ea54b6781d","local_time":"20210201233701","is_ascension_mode":true,"campfire_choices":[{"data":"Zap","floor":7,"key":"SMITH"},{"data":"Auto Shields","floor":15,"key":"SMITH"}],"circlet_count":0,"master_deck":["AscendersBane","Strike_B","Strike_B","Strike_B","Strike_B","Defend_B","Defend_B","Defend_B","Defend_B","Zap+1","Dualcast","Coolheaded","Skim","Sweeping Beam","Leap","Gash","Go for the Eyes","Echo Form","Auto Shields+1","Ball Lightning"],"relics":["Cracked Core","Vajra","Blood Vial","Matryoshka"],"acts_visited":["Exordium"],"potions_floor_usage":[6,14,16],"damage_taken":[{"damage":2,"enemies":"2 Louse","floor":1,"turns":3},{"damage":0,"enemies":"Cultist","floor":3,"turns":4},{"damage":10,"enemies":"Small Slimes","floor":4,"turns":3},{"damage":2,"enemies":"Blue Slaver","floor":5,"turns":6},{"damage":19,"enemies":"Lagavulin","floor":6,"turns":9},{"damage":0,"enemies":"2 Fungi Beasts","floor":8,"turns":2},{"damage":11,"enemies":"3 Louse","floor":11,"turns":3},{"damage":12,"enemies":"Exordium Thugs","floor":13,"turns":4},{"damage":19,"enemies":"Exordium Wildlife","floor":14,"turns":4},{"damage":30,"enemies":"Hexaghost","floor":16,"turns":11}],"seed_played":"-179859745814541614","potions_obtained":[{"floor":1,"key":"SteroidPotion"},{"floor":4,"key":"PotionOfCapacity"},{"floor":11,"key":"Swift Potion"},{"floor":13,"key":"Strength Potion"},{"floor":14,"key":"Block Potion"}],"is_trial":false,"path_per_floor":["M","?","M","M","M","E","R","M","T","?","M","?","M","M","R","B"],"character_chosen":"DEFECT","items_purchased":[],"campfire_rested":0,"item_purchase_floors":[],"current_hp_per_floor":[66,66,66,56,54,35,35,37,37,62,53,53,43,26,26,0,0],"gold":240,"neow_bonus":"RANDOM_COMMON_RELIC","is_daily":false,"chose_seed":false,"campfire_upgraded":2,"win_rate":0.0,"timestamp":1612190221,"path_taken":["M","?","M","M","M","E","R","?","T","?","M","?","M","M","R","BOSS"],"items_purchased_type":[],"build_version":"2020-12-22","purchased_purges":0,"victory":false,"max_hp_per_floor":[75,75,75,75,75,75,75,75,75,75,75,75,75,75,75,75,75],"card_choices":[{"not_picked":["Tempest","Fusion"],"picked":"Coolheaded","floor":1},{"not_picked":["Recycle","Darkness"],"picked":"Sweeping Beam","floor":3},{"not_picked":["Undo","Tempest"],"picked":"Leap","floor":4},{"not_picked":["Hologram","Leap"],"picked":"Gash","floor":5},{"not_picked":["Stack","Machine Learning"],"picked":"Go for the Eyes","floor":6},{"not_picked":["Sweeping Beam","Darkness","Force Field"],"picked":"SKIP","floor":8},{"not_picked":["Go for the Eyes","Steam Power"],"picked":"Echo Form","floor":11},{"not_picked":["Consume","Heatsinks"],"picked":"Auto Shields","floor":13},{"not_picked":["Heatsinks","Sweeping Beam"],"picked":"Ball Lightning","floor":14}],"player_experience":473987,"relics_obtained":[{"floor":6,"key":"Blood Vial"},{"floor":9,"key":"Matryoshka"}],"event_choices":[{"damage_healed":0,"gold_gain":0,"player_choice":"1 cards matched","damage_taken":0,"max_hp_gain":0,"max_hp_loss":0,"event_name":"Match and Keep!","floor":2,"gold_loss":0,"cards_obtained":["Skim"]},{"damage_healed":25,"gold_gain":0,"player_choice":"Banana","damage_taken":0,"max_hp_gain":0,"max_hp_loss":0,"event_name":"Big Fish","floor":10,"gold_loss":0},{"damage_healed":0,"gold_gain":0,"player_choice":"Ignored","damage_taken":0,"max_hp_gain":0,"max_hp_loss":0,"event_name":"Shining Light","floor":12,"gold_loss":0}],"is_beta":false,"boss_relics":[],"items_purged_floors":[],"is_endless":false,"potions_floor_spawned":[1,4,11,13,14],"killed_by":"Hexaghost","ascension_level":11}}