{"host":"qgrlfjrqk9z96gfi","time":1612148177,"event":{"mods":["BaseMod","Block Reminder","Colored Map","Custom Start","DeckTracker","Minty Spire (QoL Compilation)"],"gold_per_floor":[129,185,185,260,18,18,95,95,146,181,14,14,14,50,50,122,122,140,55,105,105,144,172,185,185,185,22,22,35,65,84,84,155,155,191,233,247,267,267,267],"floor_reached":39,"language":"ENG","playtime":1228,"items_purged":["Regret"],"score":892,"play_id":"6d273ef6-3605-40cc-99d7-ae30f8f67b07","local_time":"20210131165617","is_ascension_mode":true,"campfire_choices":[{"data":"HandOfGreed","floor":6.0,"key":"SMITH"},{"floor":8.0,"key":"REST"},{"data":"Bouncing Flask","floor":12.0,"key":"SMITH"},{"data":"Footwork","floor":15.0,"key":"SMITH"},{"data":"Adrenaline","floor":25,"key":"SMITH"},{"data":"Catalyst","floor":28,"key":"SMITH"},{"floor":32,"key":"REST"}],"circlet_count":0,"master_deck":["AscendersBane","Strike_G","Strike_G","Strike_G","Strike_G","Strike_G","Defend_G","Defend_G","Defend_G","Defend_G","Defend_G","Survivor","Neutralize","HandOfGreed+1","Poisoned Stab","All Out Attack","Blade Dance","Footwork+1","Malaise","Bouncing Flask+1","Adrenaline+1","Night Terror","PiercingWail","Corpse Explosion","Backstab","Catalyst+1","Footwork","Deadly Poison","Wraith Form v2","Backflip+1","Cloak And Dagger","Leg Sweep"],"relics":["Ring of the Snake","Lantern","PreservedInsect","Omamori","Cursed Key","Meat on the Bone","Potion Belt","Kunai","Regal Pillow","Black Star"],"acts_visited":["Exordium","TheCity","TheBeyond"],"potions_floor_usage":[23,23,30,35],"damage_taken":[{"damage":4.0,"enemies":"Cultist","floor":1.0,"turns":4.0},{"damage":3.0,"enemies":"2 Louse","floor":2.0,"turns":4.0},{"damage":25.0,"enemies":"3 Sentries","floor":7.0,"turns":7.0},{"damage":2.0,"enemies":"Jaw Worm","floor":10.0,"turns":4.0},{"damage":1.0,"enemies":"Looter","floor":14.0,"turns":3.0},{"damage":4.0,"enemies":"Hexaghost","floor":16.0,"turns":11.0},{"damage":19.0,"enemies":"Spheric Guardian","floor":18.0,"turns":5.0},{"damage":6.0,"enemies":"Shell Parasite","floor":22.0,"turns":6.0},{"damage":17,"enemies":"Book of Stabbing","floor":23,"turns":3},{"damage":10,"enemies":"3 Cultists","floor":24,"turns":3},{"damage":27,"enemies":"Centurion and Healer","floor":29,"turns":5},{"damage":20,"enemies":"Slavers","floor":30,"turns":2},{"damage":7,"enemies":"Snecko","floor":31,"turns":4},{"damage":52,"enemies":"Automaton","floor":33,"turns":12},{"damage":25,"enemies":"Orb Walker","floor":35,"turns":6},{"damage":0,"enemies":"3 Shapes","floor":36,"turns":4},{"damage":12,"enemies":"Maw","floor":37,"turns":3},{"damage":33,"enemies":"Jaw Worm Horde","floor":38,"turns":3},{"damage":24,"enemies":"Sphere and 2 Shapes","floor":39,"turns":2}],"seed_played":"-9100321027754139285","potions_obtained":[{"floor":2.0,"key":"AttackPotion"},{"floor":7.0,"key":"EssenceOfSteel"},{"floor":14.0,"key":"Strength Potion"},{"floor":18.0,"key":"SkillPotion"},{"floor":23,"key":"Dexterity Potion"},{"floor":29,"key":"Dexterity Potion"},{"floor":33,"key":"Block Potion"},{"floor":35,"key":"Strength Potion"}],"is_trial":false,"path_per_floor":["M","M","?","?","$","R","E","R","T","M","$","R","$","M","R","B",null,"M","?","?","?","M","E","M","R","T","$","R","M","E","M","R","B",null,"M","M","M","M","M"],"character_chosen":"THE_SILENT","items_purchased":["Lantern","Malaise","Bouncing Flask","Catalyst","Footwork"],"campfire_rested":2,"item_purchase_floors":[5,11,11,27,27],"current_hp_per_floor":[55,52,52,41,41,41,16,35,35,33,33,33,33,32,32,28,57,38,38,38,38,44,39,41,41,41,41,41,26,18,23,57,17,54,41,41,41,20,0,0],"gold":267,"neow_bonus":"RANDOM_COLORLESS_2","is_daily":false,"chose_seed":false,"campfire_upgraded":5,"win_rate":0.0,"timestamp":1612148177,"path_taken":["M","M","?","?","$","R","E","R","T","M","$","R","?","M","R","BOSS","M","?","?","?","M","E","M","R","T","$","R","M","E","?","R","BOSS","M","M","M","M","M"],"items_purchased_type":["Relic","Card","Card","Card","Card"],"build_version":"2020-12-22","purchased_purges":1,"victory":false,"max_hp_per_floor":[66,66,66,66,66,66,66,66,66,66,66,66,66,66,66,66,66,66,66,66,66,66,66,66,66,66,66,66,66,66,66,66,66,66,66,66,66,66,66,66],"card_choices":[{"not_picked":["Secret Weapon","Metamorphosis"],"picked":"HandOfGreed","floor":0.0},{"not_picked":["Eviscerate","Expertise"],"picked":"Poisoned Stab","floor":1.0},{"not_picked":["PiercingWail","Outmaneuver"],"picked":"All Out Attack","floor":2.0},{"not_picked":["Deadly Poison","Flying Knee"],"picked":"Blade Dance","floor":7.0},{"not_picked":["Dagger Spray","Outmaneuver"],"picked":"Footwork","floor":10.0},{"not_picked":["Well Laid Plans","Dagger Spray"],"picked":"Adrenaline","floor":14.0},{"not_picked":["Doppelganger","A Thousand Cuts"],"picked":"Night Terror","floor":16.0},{"not_picked":["Dagger Throw","Eviscerate"],"picked":"PiercingWail","floor":18.0},{"not_picked":["Quick Slash","Flechettes"],"picked":"Backstab","floor":22.0},{"not_picked":["Dagger Throw","Glass Knife","Cloak And Dagger"],"picked":"SKIP","floor":23},{"not_picked":["Heel Hook","Blade Dance","PiercingWail"],"picked":"SKIP","floor":24},{"not_picked":["Bouncing Flask","Backstab","Outmaneuver"],"picked":"SKIP","floor":29},{"not_picked":["Masterful Stab","Bouncing Flask"],"picked":"Deadly Poison","floor":30},{"not_picked":["Flying Knee+1","Prepared","Dagger Spray"],"picked":"SKIP","floor":31},{"not_picked":["Venomology","Glass Knife"],"picked":"Wraith Form v2","floor":33},{"not_picked":["Deflect","Poisoned Stab","Dagger Throw"],"picked":"SKIP","floor":35},{"not_picked":["Cloak And Dagger","Deflect"],"picked":"Backflip+1","floor":36},{"not_picked":["Blade Dance","Bouncing Flask"],"picked":"Cloak And Dagger","floor":37},{"not_picked":["Outmaneuver","Dash"],"picked":"Leg Sweep","floor":38}],"player_experience":1098695,"relics_obtained":[{"floor":7.0,"key":"PreservedInsect"},{"floor":9.0,"key":"Omamori"},{"floor":23,"key":"Potion Belt"},{"floor":26,"key":"Kunai"},{"floor":30,"key":"Regal Pillow"}],"event_choices":[{"damage_healed":0.0,"max_hp_gain":0.0,"max_hp_loss":0.0,"gold_gain":0.0,"event_name":"Liars Game","player_choice":"Ignored","floor":3.0,"gold_loss":0.0,"damage_taken":0.0},{"damage_healed":0.0,"max_hp_gain":0.0,"max_hp_loss":0.0,"gold_gain":75.0,"event_name":"World of Goop","player_choice":"Gather Gold","floor":4.0,"gold_loss":0.0,"damage_taken":11.0},{"damage_healed":0.0,"max_hp_gain":0.0,"max_hp_loss":0.0,"gold_gain":0.0,"event_name":"Addict","player_choice":"Obtained Relic","floor":19.0,"gold_loss":85.0,"damage_taken":0.0,"relics_obtained":["Meat on the Bone"]},{"damage_healed":0.0,"max_hp_gain":0.0,"max_hp_loss":0.0,"gold_gain":50.0,"event_name":"Nest","player_choice":"Stole From Cult","floor":20.0,"gold_loss":0.0,"damage_taken":0.0},{"damage_healed":0.0,"max_hp_gain":0.0,"max_hp_loss":0.0,"gold_gain":0.0,"event_name":"Match and Keep!","player_choice":"1 cards matched","floor":21.0,"gold_loss":0.0,"damage_taken":0.0,"cards_obtained":["Corpse Explosion"]}],"is_beta":false,"boss_relics":[{"not_picked":["WristBlade","Busted Crown"],"picked":"Cursed Key"},{"not_picked":["SlaversCollar","Velvet Choker"],"picked":"Black Star"}],"items_purged_floors":[5],"is_endless":false,"potions_floor_spawned":[2,7,14,18,23,29,33,35],"killed_by":"Sphere and 2 Shapes","ascension_level":20}}