{"host":"noo4i9da5rqp3a2i","time":1612207461,"event":{"mods":["AchievementEnabler","Aspiration","Bard","BaseMod","Beaked The Cultist","Better Altar","Better Match","Better Note","Better Sensory Stone","Better Skull","Better Third Choice","BetterRewards","CCEM2","Card Forge","Colored Map","Conspire","Custom Start","GifTheSpireLib","Googly Eyes","Halation","Highlight Path","Hubris","Infinite Spire","Jedi Mod","Jorbs\u0027s Wanderer Trilogy","Mad Scientist","Mari Mod (Legacy)","Mari\u0027s V1 Patch","Mimic Mod","Minty Spire (QoL Compilation)","Permanent Neow","Replay The Spire","Shop Mod","StSLib","Stuff the Spire","The Administrix","The Blackbeard","The Construct","The Gatherer","The Jungle","The Necromancer","The Servant 0.9.4","Unceasing Turn Reminder"],"gold_per_floor":[475,96,96,96,180,310,434,534,560,609,621,750,810,978,990,1117,1179,1224,707,707,707,707,707,839,876,876,876,1012,1012,182,226,226,343,343,425,425],"floor_reached":35,"language":"ENG","playtime":2905,"items_purged":[],"score":751,"play_id":"f0788576-c0c3-48c4-bd01-f7cb79c804c8","local_time":"20210201202421","daily_mods":["Allstar","Flight","DeadlyEvents","Elite Swarm"],"is_ascension_mode":false,"campfire_choices":[{"data":"1","floor":8,"key":"LIFT"},{"floor":11,"key":"DIG"},{"floor":15,"key":"DIG"},{"floor":23,"key":"DIG"},{"floor":27,"key":"RECALL"},{"floor":29,"key":"DIG"},{"floor":32,"key":"DIG"}],"circlet_count":0,"master_deck":["Strike_B","Strike_B","Strike_B+1","Defend_B+1","Defend_B+1","Defend_B","Defend_B+1","Zap","Dualcast+1","BasicCrystalCard+1","jedi:hex+1","Leap+2","Leap+1","jedi:blockon+1","jedi:forcepull+1","ReplayTheSpireMod:Dual Polarity+1","Aggregate+1","Electrodynamics+1","Mirror Shield+1","StuffTheSpire:Plugnplay+1","BootSequence+1","hubris:SpecializedCircuitry+1","Redo+1","Rainbow+1","Panacea+1","Reboot+1","ReplayTheSpireMod:Private Reserves+1","Cold Snap+1","Loop+1","White Noise+1","conspire:SharedLibrary+1","Self Repair+1","StuffTheSpire:Synthwave+1","Discovery+1","StuffTheSpire:FreeRealEstate+1","Buffer+1","Turbo+1","Hologram+1","StuffTheSpire:ShieldGenerator+1","Self Repair+1","StuffTheSpire:LoadUp+1","Chrysalis+1","ReplaySolidLightProjector+1","Crystallizer+1","Crystallizer+1","hubris:PowerSurge+1","Conserve Battery+1","StuffTheSpire:Plugnplay+1","Echo Form+1"],"relics":["Cracked Core","Hammer of Thor","Seething Fire","Anvil of the Gods","replay:Trail_Library","hubris:64BitClover","Replay:Arrowhead","hubris:BallOfYels","Black Star","Replay:Bandana","jedi:cryingmask","StuffTheSpire:DarkSteelAnvil","aspiration:EnhancedActuators","aspiration:FaultyCoupler","StuffTheSpire:Saxophone","Replay:Frozen Program","Girya","conspire:IceCreamScoop","CCEMRelics:Icicle","halation:IllGainedPizza","conspire:InfiniteJournal","Inserter","Magic Flower","blackbeard:MagicalCauldron","Membership Card","hubris:MobiusCoin","Old Coin","jedi:paperfaux","hubris:PeanutButter","Potion Belt","Prayer Wheel","PreservedInsect","halation:PromiseList","Replay:Purple Gloves","Question Card","Replay:Ringing Soul","construct:RocketBooster","Runic Capacitor","SacredBark","beaked:SacredNecklace","Shovel","hubris:SlimyHat","hubris:SoftwareUpdate","Solar Panel","infinitespire:SolderingIron","Strange Spoon","Blue Doll","The Courier","StuffTheSpire:TintedRock","aspiration:TomeofQuesting","halation:Toothbrush","blackbeard:TreasureChest","conspire:TreasureMap","Replay:Wax Seal","White Beast Statue","infinitespire:WardingShard","Toxic Egg 2","Smiling Mask","Quantum Egg","halation:PenCase","Molten Egg 2","MealTicket","Golden Egg","AdministrixMod:GoldenChickadee","Frozen Egg 2","Frozen Eye","infinitespire:FocusingShard","infinitespire:EmpoweringShard","Chemical X","CCEMRelics:DarkMatter","Darkstone Periapt","Gatherer:FloralEgg","infinitespire:ShieldingShard","SlaversCollar","Sling","conspire:SpecialSausage","MerchantsRug","CCEMRelics:LagavulinClaw","StuffTheSpire:Barrel","Pondfish Scales","Golden Egg","aspiration:HiddenCompartment","Eternal Feather","MawBank","Frozen Egg 2","halation:OrihimeAndHikoboshiSamaAndTears","CCEMRelics:TeddyBear","War Paint","CCEMRelics:OrganicArmor","CCEMRelics:FestiveHat","DataDisk","HandDrill","halation:BlackBeret","infinitespire:Lychee Nut","jedi:kaleidoscope","HornCleat","construct:FoamFinger","jedi:Pinwheel","ReplayTheSpireMod:Lightbulb","Boot","infinitespire:Freezer","Medical Kit","Oddly Smooth Stone","hubris:FunFungus","FossilizedHelix","StuffTheSpire:Rhapsscallions","hubris:TenFootPole","Pet Ghost","CCEMRelics:PorcelainBowl","Cables","hubris:BundleOfHerbs","SacredBark"],"acts_visited":["Exordium","TheCity","TheBeyond"],"potions_floor_usage":[],"damage_taken":[{"damage":0,"enemies":"Cultist","floor":1,"turns":2},{"damage":0,"enemies":"Small Slimes","floor":5,"turns":2},{"damage":0,"enemies":"Replay:BlueRogue","floor":6,"turns":2},{"damage":0,"enemies":"3 Sentries","floor":7,"turns":3},{"damage":0,"enemies":"2 Louse","floor":10,"turns":2},{"damage":0,"enemies":"Lagavulin","floor":12,"turns":1},{"damage":0,"enemies":"Exordium Wildlife","floor":13,"turns":2},{"damage":0,"enemies":"Replay:BlueRogue","floor":14,"turns":2},{"damage":0,"enemies":"Slime Boss","floor":16,"turns":2},{"damage":0,"enemies":"Spheric Guardian","floor":18,"turns":2},{"damage":0,"enemies":"Replay:Snechameleon","floor":24,"turns":2},{"damage":0,"enemies":"2 Thieves","floor":25,"turns":1},{"damage":0,"enemies":"Snecko","floor":28,"turns":3},{"damage":0,"enemies":"Centurion and Healer","floor":31,"turns":2},{"damage":0,"enemies":"Collector","floor":33,"turns":1},{"damage":0,"enemies":"3 Shapes","floor":35,"turns":2}],"seed_played":"-897162204373241506","potions_obtained":[{"floor":1,"key":"LifebloodPotion"},{"floor":5,"key":"Energy Potion"},{"floor":24,"key":"Block Potion"},{"floor":25,"key":"Explosive Potion"}],"is_trial":true,"path_per_floor":["M","$","T","?","M","E","E","R","T","M","R","E","MIM","E","R_BF","B",null,"M","$","?","HB","?","R","E","M","T","R","M","R","$","M","R_BF","B",null,"M"],"character_chosen":"DEFECT","items_purchased":["MerchantsRug","CCEMRelics:LagavulinClaw","StuffTheSpire:Barrel","Pondfish Scales","Leap+1","White Noise+1","conspire:SharedLibrary+1","Self Repair+1","StuffTheSpire:Synthwave+1","Discovery+1","DataDisk","HandDrill","halation:BlackBeret","infinitespire:Lychee Nut","jedi:kaleidoscope","Medical Kit","Oddly Smooth Stone","hubris:FunFungus","Chrysalis+1","FossilizedHelix","ReplaySolidLightProjector+1","StuffTheSpire:Rhapsscallions","hubris:TenFootPole","Pet Ghost","CCEMRelics:PorcelainBowl","Cables","Crystallizer+1","hubris:PowerSurge+1"],"campfire_rested":0,"item_purchase_floors":[2,2,2,2,2,19,19,19,19,19,19,19,19,19,19,30,30,30,30,30,30,30,30,30,30,30,30,30],"current_hp_per_floor":[78,81,81,84,87,90,93,93,93,96,96,99,102,105,105,108,108,111,85,85,43,43,43,46,49,49,52,55,55,62,65,65,68,68,68,68],"gold":425,"neow_bonus":"","is_daily":false,"chose_seed":false,"campfire_upgraded":0,"win_rate":0.0,"timestamp":1612207461,"path_taken":["M","$","?","?","?","E","E","R","T","M","R","E","?","E","R_BF","BOSS","M","$","?","HB","?","R","E","?","T","R","?","R","?","M","R_BF","BOSS","M"],"items_purchased_type":["Relic","Relic","Relic","Relic","Card","Card","Card","Card","Card","Card","Relic","Relic","Relic","Relic","Relic","Relic","Relic","Relic","Card","Relic","Card","Relic","Relic","Relic","Relic","Relic","Card","Card"],"build_version":"2020-12-22","purchased_purges":0,"victory":false,"max_hp_per_floor":[78,81,81,84,87,90,93,93,93,96,96,99,102,105,105,108,108,111,85,85,43,43,43,46,49,49,52,55,55,62,65,65,68,68,68,68],"card_choices":[{"not_picked":["Streamline+1","Steam+1","jedi:BurstFrost+1"],"picked":"BasicCrystalCard+1","floor":1},{"not_picked":["Hologram+1","jedi:darknesscall+1","Cold Snap+1"],"picked":"jedi:hex+1","floor":1},{"not_picked":["Impatience+1","Dramatic Entrance+1","Flash of Steel+1"],"picked":"jedi:forcepull+1","floor":4},{"not_picked":["Panic Button+1","Undo+1","jedi:BurstLightning+1"],"picked":"ReplayTheSpireMod:Dual Polarity+1","floor":5},{"not_picked":["StuffTheSpire:Rend+1","jedi:reiji+1","Panic Button+1"],"picked":"Aggregate+1","floor":5},{"not_picked":["StuffTheSpire:LaunchingStrike+1","Thunder Strike+1","hubris:Prefetch+1"],"picked":"Electrodynamics+1","floor":6},{"not_picked":["hubris:Prefetch+1","jedi:BurstDark+1","StuffTheSpire:EventHorizon+1"],"picked":"Mirror Shield+1","floor":7},{"not_picked":["jedi:BurstLightning+1","jedi:blockon+1","Panic Button+1"],"picked":"StuffTheSpire:Plugnplay+1","floor":10},{"not_picked":["jedi:BurstLightning+1","StuffTheSpire:Plugnplay+1","Amplify+1"],"picked":"BootSequence+1","floor":10},{"not_picked":["jedi:darknesscall+1","jedi:readyaimfire+1","jedi:bruteforce+1"],"picked":"hubris:SpecializedCircuitry+1","floor":12},{"not_picked":["Steam+1","Rip and Tear+1","Leap+1"],"picked":"Redo+1","floor":13},{"not_picked":["Hyperbeam+1","Mirror Shield+1","jedi:bruteforce+1"],"picked":"Rainbow+1","floor":14},{"not_picked":["ReplayTheSpireMod:Trickstab+1","ReplayUltimateDefense+1","Replay:Sssssssssstrike+1"],"picked":"Panacea+1","floor":16},{"not_picked":["Mirror Shield+1","hubris:DoWhile+1","StuffTheSpire:ForEach+1"],"picked":"Reboot+1","floor":16},{"not_picked":["Midas Touch+1","Flash of Steel+1","Forethought+1"],"picked":"ReplayTheSpireMod:Private Reserves+1","floor":18},{"not_picked":["StuffTheSpire:LoadUp+1","Compile Driver+1","Leap+1"],"picked":"Cold Snap+1","floor":18},{"not_picked":["BasicCrystalCard+1","Cold Snap+1","StuffTheSpire:LoadUp+1"],"picked":"Loop+1","floor":18},{"not_picked":["Mind Blast+1","Replay:BasicMightCard+1","Deep Breath+1"],"picked":"StuffTheSpire:FreeRealEstate+1","floor":24},{"not_picked":["All For One+1","hubris:Prefetch+1","jedi:darknesscall+1"],"picked":"Buffer+1","floor":24},{"not_picked":["Gash+1","Streamline+1","Glacier+1"],"picked":"Turbo+1","floor":25},{"not_picked":["Steam+1","conspire:SharedLibrary+1","Melter+1"],"picked":"Hologram+1","floor":25},{"not_picked":["Ball Lightning+1","ReplayTheSpireMod:Omega Cannon+1","Stack+1"],"picked":"Self Repair+1","floor":28},{"not_picked":["hubris:Ukulele+1","Beam Cell+1","Cold Snap+1"],"picked":"StuffTheSpire:LoadUp+1","floor":28},{"not_picked":["Barrage+1","Ball Lightning+1","StuffTheSpire:LoadUp+1"],"picked":"Conserve Battery+1","floor":31},{"not_picked":["Barrage+1","jedi:BurstFrost+1","Stack+1"],"picked":"StuffTheSpire:Plugnplay+1","floor":31},{"not_picked":["jedi:meditation+1","hubris:SpecializedCircuitry+1","jedi:BurstDark+1"],"picked":"Echo Form+1","floor":33}],"player_experience":260217,"relics_obtained":[{"floor":6,"key":"Golden Egg"},{"floor":6,"key":"aspiration:HiddenCompartment"},{"floor":7,"key":"Eternal Feather"},{"floor":9,"key":"MawBank"},{"floor":12,"key":"Frozen Egg 2"},{"floor":12,"key":"halation:OrihimeAndHikoboshiSamaAndTears"},{"floor":13,"key":"CCEMRelics:TeddyBear"},{"floor":14,"key":"War Paint"},{"floor":14,"key":"CCEMRelics:OrganicArmor"},{"floor":15,"key":"CCEMRelics:FestiveHat"},{"floor":23,"key":"HornCleat"},{"floor":24,"key":"construct:FoamFinger"},{"floor":24,"key":"jedi:Pinwheel"},{"floor":26,"key":"ReplayTheSpireMod:Lightbulb"},{"floor":28,"key":"Boot"},{"floor":29,"key":"infinitespire:Freezer"},{"floor":32,"key":"hubris:BundleOfHerbs"}],"event_choices":[{"damage_healed":0,"gold_gain":1,"player_choice":"1","damage_taken":0,"max_hp_gain":0,"max_hp_loss":0,"event_name":"betterStone:BetterStone","floor":4,"gold_loss":0},{"damage_healed":0,"gold_gain":0,"player_choice":"Ignored","damage_taken":0,"max_hp_gain":0,"max_hp_loss":0,"event_name":"Purifier","floor":22,"gold_loss":0}],"is_beta":false,"boss_relics":[{"not_picked":["aspiration:PoetsPen_weak","aspiration:FutureDiary","Abe\u0027s Treasure"]},{"not_picked":["StuffTheSpire:Kangaroo","aspiration:RunicSpoon"],"picked":"SacredBark"}],"items_purged_floors":[],"is_endless":false,"potions_floor_spawned":[1,5,6,7,10,12,13,14,16,18,24,25,28,31,33,35],"killed_by":"3 Shapes","ascension_level":0}}