{"host":"yecadp3kwkksam5a","time":1612192765,"event":{"mods":["100% Spire Juice","Arknights","BaseMod","Minty Spire (QoL Compilation)","Replay The Spire","StSLib","SuperFastMode","The Cursed","WarShipGirlsR/??á´Ò³R mod"],"gold_per_floor":[116,41,57,57,57,88,113,113,113],"floor_reached":8,"language":"KOR","playtime":375,"items_purged":["Dagger Throw"],"score":178,"play_id":"04ff5b96-75c1-4554-b996-851cfd6a2ad6","local_time":"20210202001925","daily_mods":["Draft","Flight"],"is_ascension_mode":true,"campfire_choices":[],"circlet_count":0,"master_deck":["Toxin Wave","Caltrops","Footwork","PiercingWail","Eviscerate","Endless Agony","Crippling Poison","Backflip","Prepared","PiercingWail","Backflip","Tactician","Underhanded Strike","Acrobatics","ReplayTheSpireMod:The Works","TheCursedMod:Dregs","Burst"],"relics":["Ring of the Snake","Replay:Baseball"],"acts_visited":["Exordium"],"potions_floor_usage":[],"damage_taken":[{"damage":0.0,"enemies":"Cultist","floor":1.0,"turns":3.0},{"damage":1.0,"enemies":"Jaw Worm","floor":3.0,"turns":2.0},{"damage":0,"enemies":"Gremlin Nob","floor":6,"turns":3},{"damage":10,"enemies":"Lagavulin","floor":7,"turns":3},{"damage":0,"enemies":"Gremlin Nob","floor":8,"turns":2}],"seed_played":"3125483510911844324","potions_obtained":[{"floor":1.0,"key":"AttackPotion"},{"floor":7,"key":"SkillPotion"}],"is_trial":true,"path_per_floor":["M","$","M","?","?","E","E","E"],"character_chosen":"THE_SILENT","items_purchased":[],"campfire_rested":0,"item_purchase_floors":[],"current_hp_per_floor":[59,59,58,58,58,58,48,48,48],"gold":113,"neow_bonus":"","is_daily":false,"chose_seed":false,"campfire_upgraded":0,"win_rate":0.0,"timestamp":1612192765,"path_taken":["M","$","?","?","?","E","E","E"],"items_purchased_type":[],"build_version":"2020-12-22","purchased_purges":1,"victory":false,"max_hp_per_floor":[66,66,66,66,66,66,66,66,66],"card_choices":[{"not_picked":["Quick Slash","Heel Hook"],"picked":"Toxin Wave","floor":0.0},{"not_picked":["Slice","Flying Knee"],"picked":"Caltrops","floor":0.0},{"not_picked":["Cloak And Dagger","Terror"],"picked":"Footwork","floor":0.0},{"not_picked":["Eviscerate","Flying Knee"],"picked":"PiercingWail","floor":0.0},{"not_picked":["Distraction","Slice"],"picked":"Eviscerate","floor":0.0},{"not_picked":["Dagger Spray","Deadly Poison"],"picked":"Endless Agony","floor":0.0},{"not_picked":["Deadly Poison","Blade Dance"],"picked":"Crippling Poison","floor":0.0},{"not_picked":["Expertise","Eviscerate"],"picked":"Backflip","floor":0.0},{"not_picked":["Dodge and Roll","Heel Hook"],"picked":"Prepared","floor":0.0},{"not_picked":["Outmaneuver","ReplayTheSpireMod:Scrap Shanks"],"picked":"PiercingWail","floor":0.0},{"not_picked":["Dagger Throw","Quick Slash"],"picked":"Backflip","floor":0.0},{"not_picked":["Hidden Blade","Cloak And Dagger"],"picked":"Dagger Throw","floor":0.0},{"not_picked":["Poisoned Stab","Deflect"],"picked":"Tactician","floor":0.0},{"not_picked":["Dash","Sucker Punch"],"picked":"Underhanded Strike","floor":0.0},{"not_picked":["Dodge and Roll","Backstab"],"picked":"Acrobatics","floor":0.0},{"not_picked":["Bouncing Flask","Dagger Spray"],"picked":"ReplayTheSpireMod:The Works","floor":1.0},{"not_picked":["Concentrate","Poisoned Stab","Backstab"],"picked":"SKIP","floor":3.0},{"not_picked":["Heel Hook","Deadly Poison","Bane"],"picked":"SKIP","floor":6},{"not_picked":["Distraction","Backflip"],"picked":"Burst","floor":7}],"player_experience":583968,"relics_obtained":[{"floor":6,"key":"Replay:Baseball"}],"event_choices":[],"is_beta":false,"boss_relics":[],"items_purged_floors":[2],"is_endless":false,"potions_floor_spawned":[1,7],"killed_by":"Gremlin Nob","ascension_level":20}}