{"host":"n605f8gctjc87d7h","time":1612161938,"event":{"mods":["Aspiration","Bard","BaseMod","Better Match","Better Note","Better Skull","Better Third Choice","Conspire","Downfall","Halation","Hermit","Infinite Spire","Minty Spire (QoL Compilation)","Replay The Spire","Retaliation","Shade Mod","Spicy Shops","StSLib","The IronCluck","The Jungle"],"gold_per_floor":[113,188,188,250,262,262,290,290,359,359,141,159,159,175,175,175,175],"floor_reached":16,"language":"ENG","playtime":914,"items_purged":["Defend_R"],"score":167,"play_id":"1d177623-8450-472a-8007-4d4b9958ea3c","local_time":"20210131224538","is_ascension_mode":true,"campfire_choices":[{"floor":6,"key":"REST"},{"floor":8,"key":"REST"},{"data":"Rage","floor":10,"key":"SMITH"},{"data":"Body Slam","floor":13,"key":"SMITH"},{"data":"Metamorphosis","floor":15,"key":"SMITH"}],"circlet_count":0,"master_deck":["AscendersBane","Strike_R","Strike_R+1","Strike_R","Strike_R+1","Strike_R","Defend_R","Defend_R","Defend_R+1","Bash","Defend_P+1","Defend_G","Metamorphosis+1","Rage+1","Reckless Charge","Body Slam+1"],"relics":["Burning Blood","aspiration:ChemicalBlood","Another Sword","conspire:BottledYoYo","War Paint"],"acts_visited":["Exordium"],"potions_floor_usage":[7,16,16,16],"damage_taken":[{"damage":3,"enemies":"Jaw Worm","floor":1,"turns":4},{"damage":0,"enemies":"conspire:RoseBush","floor":5,"turns":3},{"damage":20,"enemies":"Lagavulin","floor":7,"turns":6},{"damage":0,"enemies":"Small Slimes","floor":12,"turns":3},{"damage":13,"enemies":"Blue Slaver","floor":14,"turns":3},{"damage":51,"enemies":"The Guardian","floor":16,"turns":11}],"seed_played":"386141156656999938","potions_obtained":[{"floor":4,"key":"GamblersBrew"},{"floor":4,"key":"sneckomod:MuddlingPotion"},{"floor":16,"key":"Elixir"}],"is_trial":false,"path_per_floor":["M","?","?","?","M","R","E","R","T","R","$","M","R","M","R","B"],"character_chosen":"IRONCLAD","items_purchased":["War Paint"],"campfire_rested":2,"item_purchase_floors":[11],"current_hp_per_floor":[71,60,45,15,21,43,29,51,51,51,51,57,57,50,50,0,0],"gold":175,"neow_bonus":"RANDOM_COLORLESS_2","is_daily":false,"chose_seed":false,"campfire_upgraded":3,"win_rate":0.0,"timestamp":1612161938,"path_taken":["M","?","?","?","M","R","E","R","T","R","$","M","R","M","R","BOSS"],"items_purchased_type":["Relic"],"build_version":"2020-12-22","purchased_purges":1,"victory":false,"max_hp_per_floor":[75,75,75,75,75,75,75,75,75,75,75,75,75,75,75,75,75],"card_choices":[{"not_picked":["HandOfGreed","Violence"],"picked":"Metamorphosis","floor":0},{"not_picked":["Pummel","Thunderclap"],"picked":"Rage","floor":1},{"not_picked":["Perfected Strike","Life Link"],"picked":"Reckless Charge","floor":5},{"not_picked":["Shockwave","Metallicize","Armaments"],"picked":"SKIP","floor":7},{"not_picked":["Armaments","Flex"],"picked":"Body Slam","floor":12},{"not_picked":["Entrench","Hemogenesis","Sword Boomerang"],"picked":"SKIP","floor":14},{"not_picked":["Entrench","Hemogenesis","Sword Boomerang"],"picked":"SKIP","floor":14}],"player_experience":794021,"relics_obtained":[{"floor":4,"key":"aspiration:ChemicalBlood"},{"floor":7,"key":"Another Sword"},{"floor":9,"key":"conspire:BottledYoYo"}],"event_choices":[{"damage_healed":0,"gold_gain":75,"player_choice":"Gold","damage_taken":11,"max_hp_gain":0,"max_hp_loss":0,"event_name":"betterThird:BetterGoop","floor":2,"gold_loss":0},{"damage_healed":60,"gold_gain":0,"player_choice":"Upgrade","damage_taken":15,"max_hp_gain":0,"max_hp_loss":75,"event_name":"betterThird:BetterShining","floor":3,"gold_loss":0,"cards_upgraded":["Strike_R","Strike_R"]}],"is_beta":false,"boss_relics":[],"items_purged_floors":[11],"is_endless":false,"potions_floor_spawned":[14],"killed_by":"The Guardian","ascension_level":14}}