{"host":"a5v7x5tmlr5iccdt","time":1612198895,"event":{"mods":["100% Spire Juice","Act Like it!","Aspiration","BaseMod","ChefMod","Colored Map","Colored Powertips","Conspire","Downfall","Energized Spire","Gensokyo","Hallownest","Highlight Path","HornydragonMod","Minty Spire (QoL Compilation)","Quick Restart","Remilia£®¿Ÿ√◊¿Ú—«£©","Replay The Spire","Robot Space Explorer","StSLib","The Bug Knight","Youmu£®ªÍ∆«—˝√Œ£©"],"gold_per_floor":[86,86,116,116,128,160,160,193,272,300,310,310,310,320,320,421,521,539,555,569,569,582,582,612,631,631,731,741,761,761,792,792,894,894,906,906,919,938,938,938],"floor_reached":41,"language":"ZHS","playtime":1643,"items_purged":[],"score":828,"play_id":"1cfa321a-5e45-4fc9-ae7d-743eb43a2812","local_time":"20210202010135","is_ascension_mode":false,"campfire_choices":[{"data":"BloodyMary","floor":7,"key":"SMITH"},{"data":"Beer","floor":12,"key":"SMITH"},{"data":"Vodka","floor":15,"key":"SMITH"},{"data":"GetWldd","floor":23,"key":"SMITH"},{"data":"PowerGlove","floor":30,"key":"SMITH"},{"data":"Caffeine","floor":32,"key":"SMITH"}],"circlet_count":0,"master_deck":["Strike_HD","Strike_HD","Strike_HD","DrunkenFist","Defend_HD","Defend_HD","AlcoholBarrier","BreakDrink","BloodyMary+1","Caffeine+1","ChickenAttack","Icecream","KingRound","Beer+1","Vodka+1","Metabolism","Distracted","Conch","GetWldd+1","Blue","Metabolism","Beer","ChickenAttack+1","Fly","BirdAttack+1","Scp500","BloodyMary","PowerGlove+1","GasterBlaster","Hallucinations","CommonCold","Gensokyo:AllTheWorldsEvil","GetToilet+1","Madness","Madness","AlcoholHeal+1"],"relics":["WineBottle","NeowsBlessing","Pet Ghost","Vajra","MoneyPower","Iron Hammer","Replay:Wanted Poster","Bag of Preparation","Mercury Hourglass","Torii","conspire:Dentures","Peace Pipe","Replay:Ancient Bell","Potion Belt","Letter Opener","Turnip"],"acts_visited":["Exordium","TheCity","TheBeyond"],"potions_floor_usage":[27,33,40,40,40],"damage_taken":[{"damage":0,"enemies":"2 Louse","floor":1,"turns":2},{"damage":0,"enemies":"Jaw Worm","floor":5,"turns":1},{"damage":0,"enemies":"Replay:BlueRogue","floor":6,"turns":1},{"damage":12,"enemies":"3 Sentries","floor":8,"turns":7},{"damage":0,"enemies":"Lagavulin","floor":10,"turns":4},{"damage":0,"enemies":"Small Slimes","floor":11,"turns":1},{"damage":0,"enemies":"3 Louse","floor":14,"turns":2},{"damage":0,"enemies":"Slime Boss","floor":16,"turns":3},{"damage":0,"enemies":"Shell Parasite","floor":18,"turns":3},{"damage":0,"enemies":"3 Byrds","floor":19,"turns":5},{"damage":0,"enemies":"Snecko","floor":20,"turns":3},{"damage":0,"enemies":"Sentry and Sphere","floor":22,"turns":3},{"damage":0,"enemies":"conspire:Head Lice","floor":24,"turns":2},{"damage":13,"enemies":"Centurion and Healer","floor":25,"turns":3},{"damage":7,"enemies":"Colosseum Slavers","floor":27,"turns":3},{"damage":0,"enemies":"Colosseum Nobs","floor":27,"turns":3},{"damage":0,"enemies":"Chosen and Byrds","floor":28,"turns":3},{"damage":0,"enemies":"Snake Plant","floor":29,"turns":1},{"damage":0,"enemies":"Gremlin Leader","floor":31,"turns":1},{"damage":1,"enemies":"Automaton","floor":33,"turns":6},{"damage":0,"enemies":"3 Shapes","floor":35,"turns":2},{"damage":1,"enemies":"Orb Walker","floor":37,"turns":3},{"damage":0,"enemies":"4 Shapes","floor":38,"turns":3},{"damage":45,"enemies":"Awakened One","floor":40,"turns":6}],"seed_played":"1356075205010135395","potions_obtained":[{"floor":1,"key":"PowerPotion"},{"floor":3,"key":"Flashbang"},{"floor":3,"key":"Languid Potion"},{"floor":16,"key":"CultistPotion"},{"floor":20,"key":"SpeedPotion"},{"floor":25,"key":"LifebloodPotion"},{"floor":31,"key":"SpeedPotion"},{"floor":33,"key":"Flashbang"},{"floor":35,"key":"Toxic Potion"}],"is_trial":false,"path_per_floor":["M","?","?","?","M","E","R","E","T","E","M","R","?","M","R","B",null,"M","M","M","$","M","R","E","M","T","?","M","M","R","E","R","B",null,"M","?","M","M","?","B",null],"character_chosen":"HORNYDRAGON","items_purchased":[],"campfire_rested":0,"item_purchase_floors":[],"current_hp_per_floor":[87,87,87,87,87,87,87,81,81,87,87,87,87,87,87,87,87,87,87,87,87,87,87,87,74,74,73,85,85,85,87,87,87,87,87,76,81,81,81,42],"gold":938,"neow_bonus":"THREE_ENEMY_KILL","is_daily":false,"chose_seed":false,"campfire_upgraded":6,"win_rate":0.0,"timestamp":1612198895,"path_taken":["M","?","?","?","?","E","R","E","T","E","M","R","?","M","R","BOSS","M","M","M","$","M","R","E","M","T","?","M","M","R","E","R","BOSS","M","?","M","M","?","BOSS"],"items_purchased_type":[],"build_version":"2020-12-22","purchased_purges":0,"victory":true,"max_hp_per_floor":[87,87,87,87,87,87,87,87,87,87,87,87,87,87,87,87,87,87,87,87,87,87,87,87,87,87,87,87,87,87,87,87,87,87,87,87,87,87,87,87],"card_choices":[{"not_picked":["DoNotDrink","ShrimpCocktail"],"picked":"BloodyMary","floor":1},{"not_picked":["AlcoholGun","Metabolism"],"picked":"Caffeine","floor":3},{"not_picked":["MemeAttack","Fbi"],"picked":"Icecream","floor":5},{"not_picked":["PayToPlay","StrangeSheild"],"picked":"KingRound","floor":6},{"not_picked":["ShrimpCocktail","Ocd"],"picked":"Beer","floor":8},{"not_picked":["Circle","GetAll"],"picked":"Vodka","floor":10},{"not_picked":["BreakDrink","BunnyJump"],"picked":"Metabolism","floor":11},{"not_picked":["ChickenAttack","BraveAlcohol"],"picked":"Conch","floor":14},{"not_picked":["Vomiting","Brimstone"],"picked":"GetWldd","floor":16},{"not_picked":["AlcoholAttack","DrunkardWalk"],"picked":"Blue","floor":18},{"not_picked":["Fury+1","Guppy"],"picked":"Metabolism","floor":19},{"not_picked":["BreakDrink","Guppy+1"],"picked":"Beer","floor":20},{"not_picked":["DrunkardWalk","CardDestruct"],"picked":"ChickenAttack+1","floor":22},{"not_picked":["Yeast","AlcoholBarrier+1"],"picked":"Fly","floor":24},{"not_picked":["ChickenAttack","Scp261+1"],"picked":"BirdAttack+1","floor":25},{"not_picked":["BreakDrink","DrunkenFist"],"picked":"Scp500","floor":27},{"not_picked":["Weed","Platelet"],"picked":"BloodyMary","floor":28},{"not_picked":["Scp261","BirdAttack"],"picked":"PowerGlove","floor":29},{"not_picked":["Yeast","KingRound","BunnyJump+1"],"picked":"SKIP","floor":31},{"not_picked":["JohnCena","Vodka"],"picked":"GasterBlaster","floor":33},{"not_picked":["Amnesia","ReplayTheSpireMod:Restless Dread"],"picked":"Hallucinations","floor":34},{"not_picked":["Flag","downfall:Icky"],"picked":"CommonCold","floor":34},{"not_picked":["Wrath_TH","Amnesia"],"picked":"Gensokyo:AllTheWorldsEvil","floor":34},{"not_picked":["RainbowAttack+1","DrunkenFist+1"],"picked":"GetToilet+1","floor":35},{"not_picked":["RainbowAttack","Trumpet","AlcoholBarrier+1"],"picked":"SKIP","floor":37},{"not_picked":["Margarita","LuckyCoin"],"picked":"AlcoholHeal+1","floor":38}],"player_experience":81307,"relics_obtained":[{"floor":6,"key":"Pet Ghost"},{"floor":8,"key":"Vajra"},{"floor":9,"key":"MoneyPower"},{"floor":10,"key":"Iron Hammer"},{"floor":24,"key":"Bag of Preparation"},{"floor":26,"key":"Mercury Hourglass"},{"floor":27,"key":"Torii"},{"floor":27,"key":"conspire:Dentures"},{"floor":31,"key":"Peace Pipe"}],"event_choices":[{"damage_healed":0,"gold_gain":0,"cards_transformed":["Strike_HD"],"player_choice":"Transformed","damage_taken":0,"max_hp_gain":0,"max_hp_loss":0,"event_name":"Transmorgrifier","floor":4,"gold_loss":0,"cards_obtained":["ChickenAttack"]},{"damage_healed":0,"gold_gain":0,"cards_transformed":["Defend_HD"],"player_choice":"Change","damage_taken":0,"max_hp_gain":0,"max_hp_loss":0,"event_name":"Living Wall","floor":13,"gold_loss":0,"cards_obtained":["Distracted"]},{"damage_healed":0,"gold_gain":0,"player_choice":"Fight","damage_taken":0,"max_hp_gain":0,"max_hp_loss":0,"event_name":"Colosseum","floor":27,"gold_loss":0},{"damage_healed":0,"gold_gain":0,"player_choice":"Fought Nobs","damage_taken":0,"max_hp_gain":0,"max_hp_loss":0,"event_name":"Colosseum","floor":27,"gold_loss":0},{"damage_healed":0,"gold_gain":0,"player_choice":"Embrace Madness","damage_taken":11,"max_hp_gain":0,"max_hp_loss":0,"event_name":"Winding Halls","floor":36,"gold_loss":0,"cards_obtained":["Madness","Madness"]},{"damage_healed":0,"gold_gain":0,"player_choice":"Took Portal","damage_taken":0,"max_hp_gain":0,"max_hp_loss":0,"event_name":"SecretPortal","floor":39,"gold_loss":0}],"is_beta":false,"boss_relics":[{"not_picked":["SacredBark","Black Star"],"picked":"Replay:Wanted Poster"},{"not_picked":["energizedSpire:StickyHand","Runic Pyramid"],"picked":"Replay:Ancient Bell"},{"not_picked":["Toy Ornithopter","Art of War"],"picked":"Potion Belt"},{"not_picked":["Replay:Bottled Eggs","Mirror"],"picked":"Letter Opener"},{"not_picked":["Replay:Multitool","Durian"],"picked":"Turnip"}],"items_purged_floors":[],"is_endless":false,"potions_floor_spawned":[1,6,16,19,20,25,27,31,33,35],"ascension_level":0}}