{"host":"5x08nt64u3vxxcfi","time":1612171216,"event":{"mods":["BaseMod","Minty Spire (QoL Compilation)","StSLib","SuperFastMode"],"gold_per_floor":[110,110,123,123,143,143,181,201,227,251,251,296,312,27,27,167,167,195,155,3,26,26,26,378,378,378,390,204,228,257,289,289,418,418,448,448,339,411,436,476,271,305,352,352,352,371,371,401,401,401],"floor_reached":51,"language":"KOR","playtime":804,"items_purged":[],"score":946,"play_id":"115b52a4-7eb1-4b77-abe6-b97d2c935923","local_time":"20210201182016","is_ascension_mode":true,"campfire_choices":[{"data":"Perfected Strike","floor":6.0,"key":"SMITH"},{"data":"Perfected Strike","floor":11.0,"key":"SMITH"},{"data":"Perfected Strike","floor":15.0,"key":"SMITH"},{"floor":23.0,"key":"DIG"},{"floor":25.0,"key":"DIG"},{"floor":27.0,"key":"DIG"},{"floor":32.0,"key":"DIG"},{"floor":45,"key":"REST"},{"floor":47,"key":"REST"},{"floor":49,"key":"DIG"}],"circlet_count":0,"master_deck":["Strike_R","Strike_R","Strike_R","Strike_R","Strike_R","Defend_R","Perfected Strike+1","Perfected Strike+1","Perfected Strike+1","Twin Strike","Perfected Strike+1","Intimidate","Thunderclap","Double Tap","Shrug It Off+1","Headbutt+1","Wild Strike+1","Apotheosis","Trip","Wild Strike","Second Wind","Battle Trance+1","Corruption","Perfected Strike+1","Mayhem","Bloodletting","Clothesline+1","Wild Strike","Enlightenment","Parasite","Warcry","Shrug It Off+1"],"relics":["Burning Blood","Golden Idol","Red Skull","CeramicFish","Lantern","Shovel","Empty Cage","Membership Card","Mango","Old Coin","Torii","MawBank","Oddly Smooth Stone","Lee\u0027s Waffle","War Paint","Velvet Choker","Thread and Needle","Juzu Bracelet","Anchor","Bronze Scales","Regal Pillow","Letter Opener"],"acts_visited":["Exordium","TheCity","TheBeyond"],"potions_floor_usage":[50],"damage_taken":[{"damage":7.0,"enemies":"Small Slimes","floor":1.0,"turns":3.0},{"damage":0.0,"enemies":"2 Louse","floor":3.0,"turns":2.0},{"damage":7.0,"enemies":"Jaw Worm","floor":5.0,"turns":2.0},{"damage":20.0,"enemies":"3 Sentries","floor":7.0,"turns":6.0},{"damage":0.0,"enemies":"Exordium Thugs","floor":8.0,"turns":3.0},{"damage":9.0,"enemies":"Red Slaver","floor":10.0,"turns":2.0},{"damage":15.0,"enemies":"Lagavulin","floor":12.0,"turns":4.0},{"damage":5.0,"enemies":"Gremlin Gang","floor":13.0,"turns":3.0},{"damage":30.0,"enemies":"Slime Boss","floor":16.0,"turns":7.0},{"damage":3.0,"enemies":"3 Byrds","floor":18.0,"turns":4.0},{"damage":4.0,"enemies":"Chosen","floor":21.0,"turns":3.0},{"damage":53.0,"enemies":"Book of Stabbing","floor":24.0,"turns":4.0},{"damage":10.0,"enemies":"Snecko","floor":29.0,"turns":3.0},{"damage":24.0,"enemies":"Snake Plant","floor":30.0,"turns":3.0},{"damage":0.0,"enemies":"Shelled Parasite and Fungi","floor":31.0,"turns":2.0},{"damage":74.0,"enemies":"Collector","floor":33.0,"turns":7.0},{"damage":18.0,"enemies":"3 Darklings","floor":35.0,"turns":4.0},{"damage":8.0,"enemies":"2 Orb Walkers","floor":38.0,"turns":3.0},{"damage":16.0,"enemies":"3 Shapes","floor":39.0,"turns":3.0},{"damage":45.0,"enemies":"Nemesis","floor":40.0,"turns":3.0},{"damage":1,"enemies":"Writhing Mass","floor":42,"turns":3},{"damage":16,"enemies":"4 Shapes","floor":46,"turns":3},{"damage":22,"enemies":"Jaw Worm Horde","floor":48,"turns":3},{"damage":70,"enemies":"Time Eater","floor":50,"turns":7}],"seed_played":"-2634452591153004074","potions_obtained":[{"floor":10.0,"key":"Dexterity Potion"},{"floor":16.0,"key":"DuplicationPotion"},{"floor":30.0,"key":"SkillPotion"},{"floor":39.0,"key":"FearPotion"},{"floor":40.0,"key":"FearPotion"},{"floor":44,"key":"FairyPotion"}],"is_trial":false,"path_per_floor":["M","?","M","?","M","R","E","M","T","M","R","E","M","$","R","B",null,"M","?","$","M","$","R","E","R","T","R","$","M","M","M","R","B",null,"M","?","$","?","M","E","$","M","T","?","R","M","R","M","R","B",null],"character_chosen":"IRONCLAD","items_purchased":["Shovel","Membership Card","Apotheosis","Lee\u0027s Waffle","Trip","Mayhem","Bloodletting","Wild Strike","Enlightenment","Anchor","Bronze Scales"],"campfire_rested":2,"item_purchase_floors":[14,20,28,28,28,37,37,41,41,41,41],"current_hp_per_floor":[79,59,65,58,57,57,43,49,49,46,46,37,38,38,38,14,64,67,67,67,69,69,83,36,36,36,36,101,97,79,85,85,17,80,68,68,68,66,56,17,17,22,22,22,67,57,101,85,85,21],"gold":401,"neow_bonus":"THREE_CARDS","is_daily":false,"chose_seed":false,"campfire_upgraded":3,"win_rate":0.0,"timestamp":1612171216,"path_taken":["M","?","M","?","M","R","E","M","T","M","R","E","M","$","R","BOSS","M","?","$","?","?","R","E","R","T","R","$","M","?","M","R","BOSS","M","?","$","?","M","E","$","M","T","?","R","M","R","M","R","BOSS"],"items_purchased_type":["Relic","Relic","Card","Relic","Card","Card","Card","Card","Card","Relic","Relic"],"build_version":"2020-12-22","purchased_purges":0,"victory":true,"max_hp_per_floor":[80,80,80,80,80,80,80,80,80,80,80,80,80,80,80,80,80,80,80,80,80,80,94,94,94,94,94,101,101,101,101,101,101,101,101,101,101,101,101,101,101,101,101,101,101,101,101,101,101,101],"card_choices":[{"not_picked":["Combust","Hemokinesis"],"picked":"Perfected Strike","floor":0.0},{"not_picked":["True Grit","Clash"],"picked":"Perfected Strike","floor":1.0},{"not_picked":["Armaments","Clothesline"],"picked":"Perfected Strike","floor":3.0},{"not_picked":["Burning Pact","Sword Boomerang","Heavy Blade"],"picked":"SKIP","floor":5.0},{"not_picked":["Feel No Pain","Feed"],"picked":"Twin Strike","floor":7.0},{"not_picked":["Iron Wave","Warcry"],"picked":"Perfected Strike","floor":8.0},{"not_picked":["Anger","Cleave"],"picked":"Intimidate","floor":10.0},{"not_picked":["Iron Wave","Exhume"],"picked":"Thunderclap","floor":12.0},{"not_picked":["Flex","Heavy Blade","Headbutt"],"picked":"SKIP","floor":13.0},{"not_picked":["Fiend Fire","Feed"],"picked":"Double Tap","floor":16.0},{"not_picked":["Ghostly Armor","Anger"],"picked":"Shrug It Off","floor":18.0},{"not_picked":["Dark Embrace","Anger"],"picked":"Headbutt+1","floor":21.0},{"not_picked":["Cleave+1","True Grit"],"picked":"Wild Strike+1","floor":24.0},{"not_picked":["Shrug It Off","Whirlwind"],"picked":"Wild Strike","floor":29.0},{"not_picked":["Entrench","Anger"],"picked":"Second Wind","floor":30.0},{"not_picked":["Heavy Blade","Pummel"],"picked":"Battle Trance","floor":31.0},{"not_picked":["Reaper","Exhume"],"picked":"Corruption","floor":33.0},{"not_picked":["Second Wind+1","Armaments+1"],"picked":"Perfected Strike+1","floor":35.0},{"not_picked":["Iron Wave","Cleave"],"picked":"Clothesline+1","floor":38.0},{"not_picked":["Whirlwind+1","Sword Boomerang","Cleave+1"],"picked":"SKIP","floor":39.0},{"not_picked":["Fire Breathing+1","Dark Embrace","Thunderclap"],"picked":"SKIP","floor":40.0},{"not_picked":["Reckless Charge+1","Body Slam"],"picked":"Warcry","floor":42},{"not_picked":["Sword Boomerang","Reaper","Flex+1"],"picked":"SKIP","floor":46},{"not_picked":["Iron Wave+1","Infernal Blade"],"picked":"Shrug It Off+1","floor":48}],"player_experience":126459,"relics_obtained":[{"floor":7.0,"key":"Red Skull"},{"floor":9.0,"key":"CeramicFish"},{"floor":12.0,"key":"Lantern"},{"floor":23.0,"key":"Mango"},{"floor":24.0,"key":"Old Coin"},{"floor":25.0,"key":"Torii"},{"floor":26.0,"key":"MawBank"},{"floor":27.0,"key":"Oddly Smooth Stone"},{"floor":32.0,"key":"War Paint"},{"floor":38.0,"key":"Thread and Needle"},{"floor":40.0,"key":"Juzu Bracelet"},{"floor":43,"key":"Regal Pillow"},{"floor":49,"key":"Letter Opener"}],"event_choices":[{"damage_healed":0.0,"max_hp_gain":0.0,"max_hp_loss":0.0,"gold_gain":0.0,"event_name":"Golden Idol","player_choice":"Take Damage","floor":2.0,"gold_loss":0.0,"damage_taken":20.0,"relics_obtained":["Golden Idol"]},{"cards_removed":["Defend_R"],"damage_healed":0.0,"max_hp_gain":0.0,"max_hp_loss":0.0,"gold_gain":0.0,"event_name":"Golden Wing","player_choice":"Card Removal","floor":4.0,"gold_loss":0.0,"damage_taken":7.0},{"damage_healed":0.0,"max_hp_gain":0.0,"max_hp_loss":0.0,"gold_gain":0.0,"event_name":"Designer","player_choice":"Upgrade","floor":19.0,"gold_loss":40.0,"damage_taken":0.0,"cards_upgraded":["Perfected Strike"]},{"cards_removed":["Bash"],"damage_healed":0.0,"max_hp_gain":0.0,"max_hp_loss":0.0,"gold_gain":0.0,"event_name":"Falling","player_choice":"Removed Attack","floor":36.0,"gold_loss":0.0,"damage_taken":0.0},{"damage_healed":0.0,"max_hp_gain":0.0,"max_hp_loss":0.0,"gold_gain":0.0,"event_name":"Mysterious Sphere","player_choice":"Fight","floor":38.0,"gold_loss":0.0,"damage_taken":0.0},{"damage_healed":0,"gold_gain":0,"player_choice":"Got Potions","damage_taken":0,"max_hp_gain":0,"max_hp_loss":0,"event_name":"Lab","floor":44,"gold_loss":0}],"is_beta":false,"boss_relics":[{"not_picked":["SacredBark","Black Blood"],"picked":"Empty Cage"},{"not_picked":["SlaversCollar","Runic Cube"],"picked":"Velvet Choker"}],"items_purged_floors":[],"is_endless":false,"potions_floor_spawned":[10,16,30,31,39,40,48],"ascension_level":5}}