{"host":"i4vlfbz13gs2xtdj","time":1612189668,"event":{"mods":["2.2 Compatiblity","AchievementEnabler","Act Like it!","Aspiration","BaseMod","Better Altar","Better Match","Better Note","Better Sensory Stone","Better Skull","Better Third Choice","BetterRewards","Colored Map","Elementarium","Energized Spire","Fox Events","Friendly Minions","GifTheSpireLib","Halation","Hubris","Infinite Spire","Jedi Mod","Minty Spire (QoL Compilation)","Pale of the Ancients","Potionbrewer","Replay The Spire","Shop Mod","Somnambulant","Spikes Relics","StSLib","Stuff the Spire","The Jungle","The Marked","The Sage","Trackpad"],"gold_per_floor":[30,30,30,30,17,17,52,52,52,52,67,88,113,133,133,252,252,268,282,282,282,302,316,352,28,28,84,84,147,191,212,212,378,428,444,444,600,635,651,651,727,727,752,752,752,786,477,490,490,490,505,505,634,307,307,331,331,6,6,6],"floor_reached":61,"language":"ENG","playtime":5297,"items_purged":["Injury","potionbrewer:PotionbrewerDefend","potionbrewer:PotionbrewerStrike","potionbrewer:PotionbrewerStrike","Voices","potionbrewer:PotionbrewerDefend"],"score":2218,"play_id":"297bc2ec-7993-49ab-92da-c273a78a6181","local_time":"20210201092748","is_ascension_mode":true,"campfire_choices":[{"floor":6.0,"key":"REST"},{"data":"potionbrewer:Experimentation","floor":8.0,"key":"SMITH"},{"floor":15.0,"key":"DIG"},{"data":"Flash of Steel","floor":28.0,"key":"SMITH"},{"data":"potionbrewer:TheFinalStraw","floor":32.0,"key":"SMITH"},{"data":"potionbrewer:DigDeep","floor":40.0,"key":"SMITH"},{"floor":49,"key":"DIG"},{"floor":55,"key":"RECALL"},{"data":"Master of Strategy","floor":57,"key":"SMITH"}],"circlet_count":0,"master_deck":["potionbrewer:PotionbrewerDefend","potionbrewer:Collect","potionbrewer:ChemicalSpill","potionbrewer:BrokenBeakers+1","potionbrewer:Experimentation+1","potionbrewer:ChainReaction","potionbrewer:CausticBarrier","potionbrewer:Contingency","potionbrewer:Hoarder+1","potionbrewer:Prototype","potionbrewer:WizBang","potionbrewer:DigDeep+1","potionbrewer:TheFinalStraw+1","Flash of Steel+1","potionbrewer:OneTwoPunch+1","potionbrewer:TwoForOne","potionbrewer:Brandish+1","potionbrewer:TestFormula+1","potionbrewer:ChemicalRage+1","Master of Strategy+1","potionbrewer:FuelCell","potionbrewer:Fuel+1","potionbrewer:FlareUp+1","Reforge","Finesse"],"relics":["potionbrewer:PotionKit","jedi:heavyjacket","MerchantsRug","halation:Sosunser","Mummified Hand","Replay:Mystery Machine","StuffTheSpire:NeowsTribute","Golden Idol","trackpad:CultistFigurine","Membership Card","jedi:HeartOfTheCards","aspiration:HatOfInfinitePower","halation:PeacePiece","jedi:paperlyon","halation:Toothbrush","hubris:ScarierMask","trackpad:PetRock","Vajra","Torii","trackpad:BottledShadow","Replay:Drink Me","ReplayTheSpireMod:Ring of Challenge","Replay:Kaleidoscope","White Beast Statue","Pet Ghost","RollingBoulder","StuffTheSpire:BottledEssence","paleoftheancients:Timepiece","paleoftheancients:KeyRelic","Oddly Smooth Stone","Ice Cream","Letter Opener","SpikesRelics:ToyHorsey","Strawberry","paleoftheancients:SoulOfTheShrineMaiden","Akabeko","hubris:MysteriousPyramids"],"acts_visited":["Exordium","TheCity","TheBeyond","paleoftheancients:PaleOfTheAncients"],"potions_floor_usage":[44,48,48,50,50,50,51,51,51,51,51,52,52,52,56,56,56,56,56,56,56,60,60,60,60,60,60,60],"damage_taken":[{"damage":0.0,"enemies":"Small Slimes","floor":1.0,"turns":3.0},{"damage":5.0,"enemies":"3 Sentries","floor":7.0,"turns":7.0},{"damage":0.0,"enemies":"2 Louse","floor":11.0,"turns":2.0},{"damage":0.0,"enemies":"Jaw Worm","floor":12.0,"turns":2.0},{"damage":0.0,"enemies":"Large Slime","floor":13.0,"turns":5.0},{"damage":0.0,"enemies":"Looter","floor":14.0,"turns":1.0},{"damage":3.0,"enemies":"The Guardian","floor":16.0,"turns":8.0},{"damage":0.0,"enemies":"Spheric Guardian","floor":18.0,"turns":5.0},{"damage":0.0,"enemies":"3 Byrds","floor":19.0,"turns":5.0},{"damage":0.0,"enemies":"Centurion and Healer","floor":22.0,"turns":4.0},{"damage":0.0,"enemies":"3 Cultists","floor":23.0,"turns":4.0},{"damage":0.0,"enemies":"Slavers","floor":24.0,"turns":5.0},{"damage":7.0,"enemies":"Replay:Snechameleon","floor":27.0,"turns":5.0},{"damage":0.0,"enemies":"Cultist and Chosen","floor":29.0,"turns":4.0},{"damage":0.0,"enemies":"Centurion and Healer","floor":30.0,"turns":4.0},{"damage":0.0,"enemies":"3 Cultists","floor":31.0,"turns":2.0},{"damage":22.0,"enemies":"hubris:MusketHawk","floor":33.0,"turns":8.0},{"damage":0.0,"enemies":"3 Darklings","floor":35.0,"turns":2.0},{"damage":0.0,"enemies":"2 Orb Walkers","floor":37.0,"turns":2.0},{"damage":22.0,"enemies":"3 Shapes","floor":38.0,"turns":2.0},{"damage":0.0,"enemies":"Jaw Worm Horde","floor":39.0,"turns":2.0},{"damage":0.0,"enemies":"R_Hoarder","floor":41.0,"turns":4.0},{"damage":0,"enemies":"Giant Head","floor":44,"turns":1},{"damage":0,"enemies":"Sphere and 2 Shapes","floor":46,"turns":1},{"damage":0,"enemies":"Maw","floor":48,"turns":4},{"damage":1,"enemies":"Donu and Deca","floor":50,"turns":4},{"damage":0,"enemies":"Donu and Deca","floor":51,"turns":4},{"damage":80,"enemies":"Donu and Deca","floor":52,"turns":2},{"damage":23,"enemies":"Donu and Deca","floor":56,"turns":7},{"damage":0,"enemies":"paleoftheancients:N","floor":60,"turns":5}],"seed_played":"-343185928281053808","potions_obtained":[{"floor":11.0,"key":"potionbrewer:AcidPotion"},{"floor":12.0,"key":"Explosive Potion"},{"floor":14.0,"key":"jedi:tentaclejuice"},{"floor":22.0,"key":"jedi:StrikingPotion"},{"floor":48,"key":"Fire Potion"},{"floor":51,"key":"potionbrewer:NoxiousPotion"},{"floor":56,"key":"Milkshake"}],"is_trial":false,"path_per_floor":["M","?","?","?","$","R","E","R","T","AVR","M","M","M","M","R_BF","B",null,"M","M","?","?","M","M","E","$","T","E","R","M","M","M","R","B",null,"M","?","?","M","M","R","E","?","T","E","AVR","M","$","M","R_BF","B","M","M","?","$","R","M","R","$","?","B",null],"character_chosen":"POTIONBREWER","items_purchased":["jedi:heavyjacket","Orrery","halation:QuantumPhysicsTextbook","MerchantsRug","halation:Sosunser","Mummified Hand","Replay:Mystery Machine","Dexterity Potion","FearPotion","Membership Card","potionbrewer:SalesContract","Vajra","Torii","Flash of Steel","Juzu Bracelet","RollingBoulder","StuffTheSpire:BottledEssence","Adrenaline Potion","jedi:tentaclejuice","potionbrewer:BoundlessPotion","Master of Strategy","SpikesRelics:ToyHorsey","Swift Potion","Reforge","SteroidPotion","Strawberry","BlessingOfTheForge","Akabeko","hubris:MysteriousPyramids","Finesse","Strength Potion"],"campfire_rested":1,"item_purchase_floors":[0,0,0,0,0,0,0,0,0,5,25,25,25,25,47,47,47,47,47,47,47,54,54,54,54,54,54,58,58,58,58],"current_hp_per_floor":[28,28,28,6,6,28,23,23,23,23,23,23,23,23,23,20,61,61,61,61,61,61,61,61,61,61,54,54,54,54,54,54,32,60,60,60,60,38,38,38,42,42,42,42,45,45,48,48,48,66,69,72,54,64,64,63,63,66,66,77],"gold":6,"neow_bonus":"","is_daily":false,"chose_seed":false,"campfire_upgraded":5,"win_rate":0.0,"timestamp":1612189668,"path_taken":["M","?","?","?","?","R","E","R","T","AVR","M","M","?","M","R_BF","BOSS","M","M","?","?","?","M","E","?","T","E","R","M","M","?","R","BOSS","M","?","?","M","M","R","E","?","T","E","AVR","M","$","M","R_BF","BOSS","M","M","?","$","R","M","R","$","?","BOSS"],"items_purchased_type":["Relic","Relic","Relic","Relic","Relic","Relic","Relic","Potion","Potion","Relic","Relic","Relic","Relic","Card","Relic","Relic","Relic","Potion","Potion","Potion","Card","Relic","Potion","Card","Potion","Relic","Potion","Relic","Relic","Card","Potion"],"build_version":"2020-12-22","purchased_purges":6,"victory":true,"max_hp_per_floor":[75,75,75,75,75,75,75,75,75,75,75,75,75,75,75,75,75,75,75,75,75,75,75,75,75,75,75,75,75,75,75,75,75,66,66,66,66,66,66,66,66,66,66,66,69,69,72,72,72,72,72,72,72,82,82,82,82,85,85,85],"card_choices":[{"not_picked":["potionbrewer:FortifiedSerum","potionbrewer:UnstableFormula"],"picked":"potionbrewer:BrokenBeakers","floor":0.0},{"not_picked":["potionbrewer:OneTwoPunch","potionbrewer:HazardousMaterials"],"picked":"potionbrewer:Experimentation","floor":0.0},{"not_picked":["potionbrewer:ChemicalWeapons","potionbrewer:BlindingMist"],"picked":"potionbrewer:ChainReaction","floor":0.0},{"not_picked":["potionbrewer:OneTwoPunch","potionbrewer:FortifiedSerum"],"picked":"potionbrewer:CausticBarrier","floor":0.0},{"not_picked":["potionbrewer:FortifiedSerum","potionbrewer:Smokescreen"],"picked":"potionbrewer:Contingency","floor":0.0},{"not_picked":["potionbrewer:Refill","potionbrewer:TimeBomb"],"picked":"potionbrewer:Hoarder","floor":1.0},{"not_picked":["potionbrewer:Shovel","potionbrewer:FlashPowder","potionbrewer:ChemicalWeapons"],"picked":"potionbrewer:Prototype","floor":7.0},{"not_picked":["potionbrewer:ChokingPowder","potionbrewer:FortifiedSerum"],"picked":"potionbrewer:WizBang","floor":11.0},{"not_picked":["potionbrewer:CausticBarrier","potionbrewer:TestFormula","potionbrewer:IronFist"],"picked":"SKIP","floor":12.0},{"not_picked":["potionbrewer:VolatileSolution","potionbrewer:Brandish","potionbrewer:AlchemistForm","potionbrewer:Prototype"],"picked":"SKIP","floor":13.0},{"not_picked":["potionbrewer:Backhand","potionbrewer:ChokingPowder","potionbrewer:Prototype"],"picked":"potionbrewer:DigDeep","floor":14.0},{"not_picked":["potionbrewer:ResearchResults","potionbrewer:Transmute","potionbrewer:Prototype"],"picked":"potionbrewer:TheFinalStraw","floor":16.0},{"not_picked":["potionbrewer:Biohazard+1","potionbrewer:IronFist","potionbrewer:Smack","potionbrewer:Prototype"],"picked":"SKIP","floor":18.0},{"not_picked":["potionbrewer:Brandish","potionbrewer:DigDeep","potionbrewer:FortifiedSerum","potionbrewer:Prototype"],"picked":"SKIP","floor":19.0},{"not_picked":["potionbrewer:DigDeep","potionbrewer:OneTwoPunch","potionbrewer:Smokescreen+1","potionbrewer:Prototype"],"picked":"SKIP","floor":22.0},{"not_picked":["potionbrewer:Smokescreen","potionbrewer:CausticBarrier","potionbrewer:Biohazard"],"picked":"SKIP","floor":23.0},{"not_picked":["potionbrewer:Toxicity","potionbrewer:Smokescreen","potionbrewer:HazardousWaste","potionbrewer:Prototype"],"picked":"SKIP","floor":24.0},{"not_picked":["potionbrewer:Smack","potionbrewer:OneTwoPunch","potionbrewer:FlashPowder","potionbrewer:Prototype"],"picked":"SKIP","floor":27.0},{"not_picked":["potionbrewer:QuickStep","potionbrewer:Spark","potionbrewer:Shovel"],"picked":"SKIP","floor":29.0},{"not_picked":["potionbrewer:Shovel","potionbrewer:QuickStep","potionbrewer:TimeBomb+1","potionbrewer:Prototype"],"picked":"SKIP","floor":30.0},{"not_picked":["potionbrewer:MicrobeSpray","potionbrewer:Toxicity","potionbrewer:Prototype"],"picked":"potionbrewer:OneTwoPunch+1","floor":31.0},{"not_picked":["potionbrewer:BrokenBeakers","potionbrewer:SpecialFormula","potionbrewer:Prototype"],"picked":"potionbrewer:TwoForOne","floor":33.0},{"not_picked":["potionbrewer:Contingency","potionbrewer:Biohazard"],"picked":"potionbrewer:Brandish+1","floor":35.0},{"not_picked":["potionbrewer:IronHeart+1","potionbrewer:TimeBomb"],"picked":"potionbrewer:TestFormula+1","floor":37.0},{"not_picked":["potionbrewer:VolatileSolution+1","potionbrewer:FlashPowder+1"],"picked":"potionbrewer:ChemicalRage+1","floor":38.0},{"not_picked":["potionbrewer:Experimentation","potionbrewer:FortifiedSerum","potionbrewer:OneTwoPunch+1"],"picked":"SKIP","floor":39.0},{"not_picked":["potionbrewer:Toxicity","potionbrewer:Discombobulate","potionbrewer:IronFist","potionbrewer:Prototype"],"picked":"SKIP","floor":41.0},{"not_picked":["potionbrewer:AnotherRound+1","potionbrewer:QuickStep","potionbrewer:Refill+1","potionbrewer:Prototype"],"picked":"SKIP","floor":46},{"not_picked":["potionbrewer:Brandish","potionbrewer:Experimentation","potionbrewer:Smack"],"picked":"SKIP","floor":48},{"not_picked":["potionbrewer:Biohazard+1","potionbrewer:Shovel","potionbrewer:Prototype"],"picked":"potionbrewer:FuelCell","floor":51},{"not_picked":["potionbrewer:UnstableFormula+1","potionbrewer:ChemicalRage+1"],"picked":"potionbrewer:Fuel+1","floor":53},{"not_picked":["potionbrewer:ChemicalShroud","potionbrewer:BlindingSpray"],"picked":"potionbrewer:FlareUp+1","floor":53},{"not_picked":["potionbrewer:TimeBomb","potionbrewer:ChemicalWeapons","potionbrewer:Shovel+1"],"picked":"SKIP","floor":56}],"player_experience":279872,"relics_obtained":[{"floor":7.0,"key":"jedi:HeartOfTheCards"},{"floor":9.0,"key":"aspiration:HatOfInfinitePower"},{"floor":15.0,"key":"halation:Toothbrush"},{"floor":24.0,"key":"trackpad:PetRock"},{"floor":26.0,"key":"hubris:MobiusCoin"},{"floor":27.0,"key":"trackpad:BottledShadow"},{"floor":36.0,"key":"ReplayTheSpireMod:Ring of Challenge"},{"floor":37.0,"key":"Replay:Kaleidoscope"},{"floor":41.0,"key":"White Beast Statue"},{"floor":43.0,"key":"Pet Ghost"},{"floor":49,"key":"Bag of Preparation"},{"floor":56,"key":"paleoftheancients:SoulOfTheShrineMaiden"}],"event_choices":[{"damage_healed":0.0,"max_hp_gain":0.0,"max_hp_loss":0.0,"gold_gain":0.0,"event_name":"Golden Idol","player_choice":"Take Wound","floor":3.0,"gold_loss":0.0,"damage_taken":0.0,"relics_obtained":["Golden Idol"],"cards_obtained":["Injury"]},{"damage_healed":0.0,"max_hp_gain":0.0,"max_hp_loss":0.0,"gold_gain":1.0,"event_name":"betterThird:BetterScrap","player_choice":"Relic ","floor":4.0,"gold_loss":0.0,"damage_taken":22.0,"cards_obtained":["Blur"]},{"cards_removed":["potionbrewer:BrokenBeakers"],"damage_healed":0.0,"max_hp_gain":0.0,"max_hp_loss":0.0,"gold_gain":0.0,"event_name":"betterNote:BetterNote","player_choice":"Give","floor":20.0,"gold_loss":0.0,"damage_taken":0.0,"cards_obtained":["None"]},{"damage_healed":0.0,"max_hp_gain":0.0,"max_hp_loss":0.0,"gold_gain":0.0,"event_name":"WeMeetAgain","player_choice":"Gave Potion","floor":21.0,"gold_loss":0.0,"damage_taken":0.0,"relics_obtained":["Smiling Mask"]},{"damage_healed":0.0,"max_hp_gain":0.0,"max_hp_loss":0.0,"gold_gain":0.0,"event_name":"Mysterious Sphere","player_choice":"Fight","floor":37.0,"gold_loss":0.0,"damage_taken":0.0}],"is_beta":false,"boss_relics":[{"not_picked":["Cursed Key","halation:Prosthetics"],"picked":"hubris:ScarierMask"},{"not_picked":["hubris:BlackHole","halation:Yufonium"],"picked":"Replay:Drink Me"}],"items_purged_floors":[5,10,45,47,54,58],"is_endless":false,"potions_floor_spawned":[11,12,14,22,27,29,30,33,38,41,44,46,48,51,52,56],"ascension_level":5}}