{"host":"o6rpelx2jpc8yies","time":1612149979,"event":{"mods":["BaseMod","Downfall","Minty Spire (QoL Compilation)","StSLib"],"gold_per_floor":[99,111,111,126,144,171,243,143,160,160,171,194,194,204,220,220,220,220],"floor_reached":16,"language":"ENG","playtime":717,"items_purged":[],"score":208,"play_id":"80e8df4d-dbbe-4404-a8e9-377cd687d717","local_time":"20210131202619","is_ascension_mode":true,"campfire_choices":[{"floor":1.0,"key":"RECALL"},{"floor":8,"key":"REST"},{"data":"bronze:Frontload","floor":10,"key":"SMITH"}],"circlet_count":0,"master_deck":["AscendersBane","bronze:Strike","bronze:Strike+1","bronze:Strike","bronze:Defend","bronze:Defend+1","bronze:Defend","bronze:Replicate","bronze:Goto+1","bronze:BronzeArmor","downfall:Malfunctioning","bronze:Separator","bronze:Frontload+1","bronze:Separator","bronze:Invalidate","bronze:ItsAFeature","bronze:Boost","bronze:Fortify"],"relics":["bronze:BronzeCore","Orichalcum","Shuriken","downfall:HeartBlessingRed","Juzu Bracelet","bronze:SilverBullet"],"acts_visited":["Exordium"],"potions_floor_usage":[6,14,14,16],"damage_taken":[{"damage":7.0,"enemies":"Small Slimes","floor":2.0,"turns":4.0},{"damage":12.0,"enemies":"Jaw Worm","floor":4.0,"turns":3.0},{"damage":0.0,"enemies":"Cultist","floor":5.0,"turns":3.0},{"damage":23,"enemies":"Gremlin Nob","floor":6,"turns":4},{"damage":6,"enemies":"2 Fungi Beasts","floor":9,"turns":4},{"damage":8,"enemies":"Exordium Wildlife","floor":11,"turns":5},{"damage":7,"enemies":"3 Louse","floor":14,"turns":5},{"damage":9,"enemies":"Exordium Thugs","floor":15,"turns":4},{"damage":18,"enemies":"DF_ARCHETYPE_STREAMLINE","floor":16,"turns":3}],"seed_played":"-8699869081181473645","potions_obtained":[{"floor":2.0,"key":"Swift Potion"},{"floor":6,"key":"hexamod:SoulburnPotion"},{"floor":9,"key":"Regen Potion"},{"floor":11,"key":"BlessingOfTheForge"},{"floor":14,"key":"Fruit Juice"}],"is_trial":false,"path_per_floor":["R","M","?","M","M","E","T","R","M","R","M","T","?","M","M","B"],"character_chosen":"THE_AUTOMATON","items_purchased":[],"campfire_rested":1,"item_purchase_floors":[],"current_hp_per_floor":[57,50,50,38,38,15,15,32,26,26,18,18,7,14,5,0,0,0],"gold":220,"neow_bonus":"REMOVE_TWO","is_daily":false,"chose_seed":false,"campfire_upgraded":1,"win_rate":0.0,"timestamp":1612149979,"path_taken":["R","M","?","M","M","E","T","R","M","R","M","?","?","M","M","BOSS"],"items_purchased_type":[],"build_version":"2020-12-22","purchased_purges":0,"victory":false,"max_hp_per_floor":[57,57,57,57,57,57,57,57,57,57,57,57,57,57,57,62,62,62],"card_choices":[{"not_picked":["bronze:DarkDash","bronze:Invalidate"],"picked":"bronze:BronzeArmor","floor":2.0},{"not_picked":["bronze:Boost","bronze:BronzeArmor"],"picked":"bronze:Separator","floor":4.0},{"not_picked":["bronze:Backtrace","bronze:Shield"],"picked":"bronze:Frontload","floor":5.0},{"not_picked":["bronze:BugBarrage","bronze:Deprecate"],"picked":"bronze:Separator","floor":6},{"not_picked":["bronze:Frontload","bronze:ForLoop"],"picked":"bronze:Invalidate","floor":9},{"not_picked":["bronze:BugBarrage","bronze:WhirlingStrike"],"picked":"bronze:ItsAFeature","floor":11},{"not_picked":["bronze:WhirlingStrike","bronze:Branch"],"picked":"bronze:Boost","floor":14},{"not_picked":["bronze:ClassDefault","bronze:Shell"],"picked":"bronze:Fortify","floor":15}],"player_experience":1909124,"relics_obtained":[{"floor":6,"key":"Orichalcum"},{"floor":7,"key":"Shuriken"},{"floor":12,"key":"Juzu Bracelet"}],"event_choices":[{"damage_healed":0,"gold_gain":0,"player_choice":"Success","damage_taken":11,"relics_obtained":["bronze:SilverBullet"],"max_hp_gain":0,"max_hp_loss":0,"event_name":"Scrap Ooze","floor":13,"gold_loss":0}],"is_beta":false,"boss_relics":[],"items_purged_floors":[],"is_endless":false,"potions_floor_spawned":[2,6,9,11,14],"killed_by":"DF_ARCHETYPE_STREAMLINE","ascension_level":20}}