{"host":"hka8b3f4pkvnp4ei","time":1612176909,"event":{"mods":["BaseMod","Minty Spire (QoL Compilation)","Quick Restart","Replay The Spire","StSLib"],"gold_per_floor":[116,116,41,41,52,81,81,92,138,176,187,7,46,46,46,46,46],"floor_reached":16,"language":"ZHS","playtime":476,"items_purged":["Strike_B","Strike_B"],"score":172,"play_id":"702136f5-d218-4ab2-9407-70eecd9aaddb","local_time":"20210201185509","is_ascension_mode":true,"campfire_choices":[{"data":"Dualcast","floor":7.0,"key":"SMITH"},{"data":"Recycle","floor":15.0,"key":"SMITH"}],"circlet_count":0,"master_deck":["Strike_B","Strike_B","Defend_B","Defend_B","Defend_B","Zap","Dualcast+1","Cold Snap","Ball Lightning","Recycle+1"],"relics":["Cracked Core","NeowsBlessing","CeramicFish","Lantern","Omamori","Replay:Wax Seal","Darkstone Periapt","Shuriken"],"acts_visited":["Exordium"],"potions_floor_usage":[16],"damage_taken":[{"damage":0.0,"enemies":"Small Slimes","floor":1.0,"turns":1.0},{"damage":0.0,"enemies":"Jaw Worm","floor":5.0,"turns":1.0},{"damage":0.0,"enemies":"Lagavulin","floor":6.0,"turns":1.0},{"damage":3.0,"enemies":"2 Louse","floor":8.0,"turns":2.0},{"damage":43.0,"enemies":"3 Sentries","floor":10.0,"turns":12.0},{"damage":0.0,"enemies":"Red Slaver","floor":11.0,"turns":4.0},{"damage":14.0,"enemies":"Gremlin Nob","floor":13.0,"turns":4.0},{"damage":9,"enemies":"The Guardian","floor":16,"turns":5}],"seed_played":"2055776181628713003","potions_obtained":[{"floor":5.0,"key":"Venom Potion"},{"floor":6.0,"key":"Swift Potion"},{"floor":11.0,"key":"DuplicationPotion"},{"floor":13.0,"key":"FearPotion"}],"is_trial":false,"path_per_floor":["M","?","$","?","M","E","R","M","T","E","M","$","E","T","R","B"],"character_chosen":"DEFECT","items_purchased":["Replay:Wax Seal"],"campfire_rested":0,"item_purchase_floors":[12],"current_hp_per_floor":[75,75,75,75,75,75,75,72,72,29,29,29,15,15,15,6,6],"gold":46,"neow_bonus":"THREE_ENEMY_KILL","is_daily":false,"chose_seed":false,"campfire_upgraded":2,"win_rate":0.0,"timestamp":1612176909,"path_taken":["M","?","$","?","M","E","R","M","T","E","M","?","E","?","R","BOSS"],"items_purchased_type":["Relic"],"build_version":"2020-12-22","purchased_purges":2,"victory":false,"max_hp_per_floor":[75,75,75,75,75,75,75,75,75,75,75,75,75,75,75,75,75],"card_choices":[{"not_picked":["BasicCrystalCard","Turbo","Sweeping Beam"],"picked":"SKIP","floor":1.0},{"not_picked":["Static Discharge","ReplayTheSpireMod:Reroute Power"],"picked":"Cold Snap","floor":5.0},{"not_picked":["ReplaySolidLightProjector","Rebound","Hologram"],"picked":"SKIP","floor":6.0},{"not_picked":["Stack","FIFO Queue","Tempest"],"picked":"SKIP","floor":8.0},{"not_picked":["ReplayRNGCard","Cold Snap"],"picked":"Ball Lightning","floor":10.0},{"not_picked":["Turbo","FTL","Redo"],"picked":"SKIP","floor":11.0},{"not_picked":["Conserve Battery","Fusion"],"picked":"Recycle","floor":13.0}],"player_experience":1073635,"relics_obtained":[{"floor":6.0,"key":"CeramicFish"},{"floor":9.0,"key":"Lantern"},{"floor":10.0,"key":"Omamori"},{"floor":13.0,"key":"Darkstone Periapt"},{"floor":14.0,"key":"Shuriken"}],"event_choices":[],"is_beta":false,"boss_relics":[],"items_purged_floors":[3,12],"is_endless":false,"potions_floor_spawned":[5,6,11,13],"killed_by":"The Guardian","ascension_level":4}}