{"host":"nwd160me4iqdtr8u","time":1612165666,"event":{"mods":["AchievementEnabler","Act Like it!","BaseMod","Colored Map","DeckTracker","Keyboard Shortcuts","Minty Spire (QoL Compilation)","Quick Restart","Rare Cards Sparkle","StSLib","SuperFastMode","everything is the same but u backflip on backflip"],"gold_per_floor":[109,122,122,47,47,80,80,96,120,133,133,151,151,165,165,165,165],"floor_reached":16,"language":"KOR","playtime":420,"items_purged":[],"score":248,"play_id":"155963de-c59a-4477-8d80-d568966d64a1","local_time":"20210201164746","is_ascension_mode":true,"campfire_choices":[{"data":"Crippling Poison","floor":7.0,"key":"SMITH"},{"data":"Footwork","floor":13.0,"key":"SMITH"},{"floor":15.0,"key":"REST"}],"circlet_count":0,"master_deck":["AscendersBane","Strike_G","Strike_G","Strike_G","Defend_G","Defend_G","Defend_G","Defend_G","Defend_G","Survivor","Neutralize","Finisher","Footwork+1","Crippling Poison+1","Slice","Backflip","Cloak And Dagger+1","Reflex+1"],"relics":["Ring of the Snake","NeowsBlessing","Snake Skull","Oddly Smooth Stone","Toxic Egg 2"],"acts_visited":["Exordium"],"potions_floor_usage":[16,16],"damage_taken":[{"damage":0.0,"enemies":"2 Louse","floor":1.0,"turns":1.0},{"damage":0.0,"enemies":"Jaw Worm","floor":2.0,"turns":1.0},{"damage":0.0,"enemies":"Lagavulin","floor":6.0,"turns":1.0},{"damage":5.0,"enemies":"Small Slimes","floor":8.0,"turns":4.0},{"damage":4.0,"enemies":"Exordium Wildlife","floor":10.0,"turns":4.0},{"damage":8.0,"enemies":"Large Slime","floor":12.0,"turns":8.0},{"damage":2.0,"enemies":"Looter","floor":14.0,"turns":3.0},{"damage":52,"enemies":"Hexaghost","floor":16,"turns":9}],"seed_played":"-5336023188900193116","potions_obtained":[{"floor":1.0,"key":"SpeedPotion"},{"floor":10.0,"key":"PowerPotion"},{"floor":12.0,"key":"CunningPotion"}],"is_trial":false,"path_per_floor":["M","M","?","?","$","E","R","M","T","M","T","M","R","M","R","B"],"character_chosen":"THE_SILENT","items_purchased":[],"campfire_rested":1,"item_purchase_floors":[],"current_hp_per_floor":[59,59,52,52,52,52,52,47,47,43,43,35,35,33,52,0,0],"gold":165,"neow_bonus":"THREE_ENEMY_KILL","is_daily":false,"chose_seed":false,"campfire_upgraded":2,"win_rate":0.0,"timestamp":1612165666,"path_taken":["M","M","?","?","$","E","R","M","T","M","?","M","R","M","R","BOSS"],"items_purchased_type":[],"build_version":"2020-12-22","purchased_purges":0,"victory":false,"max_hp_per_floor":[66,66,66,66,66,66,66,66,66,66,66,66,66,66,66,66,66],"card_choices":[{"not_picked":["Cloak And Dagger","Outmaneuver"],"picked":"Finisher","floor":1.0},{"not_picked":["PiercingWail","Dagger Spray"],"picked":"Footwork","floor":2.0},{"not_picked":["Sucker Punch","Dodge and Roll"],"picked":"Crippling Poison","floor":6.0},{"not_picked":["Prepared","Doppelganger"],"picked":"Slice","floor":8.0},{"not_picked":["Quick Slash","Skewer"],"picked":"Backflip","floor":10.0},{"not_picked":["Deflect+1","Backstab"],"picked":"Cloak And Dagger+1","floor":12.0},{"not_picked":["Backstab","Bane"],"picked":"Reflex+1","floor":14.0}],"player_experience":359054,"relics_obtained":[{"floor":6.0,"key":"Snake Skull"},{"floor":9.0,"key":"Oddly Smooth Stone"},{"floor":11.0,"key":"Toxic Egg 2"}],"event_choices":[{"cards_removed":["Strike_G"],"damage_healed":0.0,"max_hp_gain":0.0,"max_hp_loss":0.0,"gold_gain":0.0,"event_name":"Golden Wing","player_choice":"Card Removal","floor":3.0,"gold_loss":0.0,"damage_taken":7.0},{"cards_removed":["Strike_G"],"damage_healed":0.0,"max_hp_gain":0.0,"max_hp_loss":0.0,"gold_gain":0.0,"event_name":"The Cleric","player_choice":"Card Removal","floor":4.0,"gold_loss":75.0,"damage_taken":0.0}],"is_beta":false,"boss_relics":[],"items_purged_floors":[],"is_endless":false,"potions_floor_spawned":[1,10,12],"killed_by":"Hexaghost","ascension_level":19}}