{"host":"bxn2em57qlx5u4i0","time":1612150081,"event":{"mods":["BaseMod","Colored Map","Colored Powertips","Highlight Path","Minty Spire (QoL Compilation)","Random Character Button","Relic Sorter","Relic Stats","StSLib","SuperFastMode"],"gold_per_floor":[119,133,21,35,35,53,53,85,95,95,105,139,139,172,191,191,191,191],"floor_reached":17,"language":"ENG","playtime":444,"items_purged":["Strike_G"],"score":258,"play_id":"109c10a6-af99-4e90-9fcb-11713e4fdd7b","local_time":"20210131222801","is_ascension_mode":true,"campfire_choices":[{"data":"All Out Attack","floor":7.0,"key":"SMITH"},{"floor":16.0,"key":"REST"}],"circlet_count":0,"master_deck":["AscendersBane","Strike_G","Strike_G","Strike_G","Strike_G","Defend_G","Defend_G","Defend_G","Defend_G","Defend_G","Survivor","Neutralize","All Out Attack+1","PiercingWail","All Out Attack","Dash","Footwork","Infinite Blades","Reflex","A Thousand Cuts","Calculated Gamble"],"relics":["Ring of the Snake","Strawberry","Orichalcum","Snake Skull","MealTicket","Kunai"],"acts_visited":["Exordium"],"potions_floor_usage":[],"damage_taken":[{"damage":0.0,"enemies":"Cultist","floor":1.0,"turns":4.0},{"damage":0.0,"enemies":"2 Louse","floor":2.0,"turns":3.0},{"damage":0.0,"enemies":"Small Slimes","floor":4.0,"turns":2.0},{"damage":17.0,"enemies":"Large Slime","floor":6.0,"turns":9.0},{"damage":11.0,"enemies":"3 Sentries","floor":8.0,"turns":6.0},{"damage":0.0,"enemies":"Exordium Wildlife","floor":9.0,"turns":4.0},{"damage":5.0,"enemies":"Lots of Slimes","floor":11.0,"turns":3.0},{"damage":15.0,"enemies":"Lagavulin","floor":12.0,"turns":7.0},{"damage":13.0,"enemies":"3 Sentries","floor":14.0,"turns":6.0},{"damage":8.0,"enemies":"2 Fungi Beasts","floor":15.0,"turns":4.0},{"damage":32,"enemies":"Slime Boss","floor":17,"turns":8}],"seed_played":"-5476371320649169735","potions_obtained":[{"floor":2.0,"key":"Strength Potion"},{"floor":6.0,"key":"ColorlessPotion"},{"floor":11.0,"key":"Fruit Juice"},{"floor":12.0,"key":"Explosive Potion"}],"is_trial":false,"path_per_floor":["M","M","$","M","M","M","R","E","M","T","M","E","T","E","M","R","B"],"character_chosen":"THE_SILENT","items_purchased":["Dash"],"campfire_rested":1,"item_purchase_floors":[3],"current_hp_per_floor":[59,59,59,59,59,42,42,38,38,38,33,18,18,10,2,25,0,0],"gold":191,"neow_bonus":"THREE_CARDS","is_daily":false,"chose_seed":false,"campfire_upgraded":1,"win_rate":0.0,"timestamp":1612150081,"path_taken":["M","M","$","M","M","?","R","E","M","T","M","E","?","E","M","R","BOSS"],"items_purchased_type":["Card"],"build_version":"2020-12-22","purchased_purges":1,"victory":false,"max_hp_per_floor":[66,66,66,66,66,66,66,73,73,73,73,73,73,78,78,78,78,78],"relic_stats":{"counters":[11,56],"MealTicket":0,"Snake Skull":[0],"Kunai":[4],"Orichalcum":[78],"obtain_stats":[{"Strawberry":8,"MealTicket":13,"Snake Skull":12,"Kunai":14,"Orichalcum":10,"Ring of the Snake":0},{"Strawberry":5,"MealTicket":8,"Snake Skull":8,"Kunai":9,"Orichalcum":6,"Ring of the Snake":0},{"Strawberry":24,"MealTicket":38,"Snake Skull":38,"Kunai":44,"Orichalcum":28,"Ring of the Snake":0}],"Ring of the Snake":[22]},"card_choices":[{"not_picked":["Deflect","Dash"],"picked":"All Out Attack","floor":0.0},{"not_picked":["Setup","Acrobatics"],"picked":"PiercingWail","floor":1.0},{"not_picked":["Bane","Sucker Punch"],"picked":"All Out Attack","floor":2.0},{"not_picked":["Deflect","Cloak And Dagger"],"picked":"Footwork","floor":4.0},{"not_picked":["Choke","Eviscerate","Catalyst"],"picked":"SKIP","floor":6.0},{"not_picked":["Underhanded Strike","Catalyst"],"picked":"Infinite Blades","floor":8.0},{"not_picked":["Deadly Poison","Dodge and Roll"],"picked":"Reflex","floor":9.0},{"not_picked":["Outmaneuver","Cloak And Dagger","Flying Knee"],"picked":"SKIP","floor":11.0},{"not_picked":["Acrobatics","Flying Knee"],"picked":"A Thousand Cuts","floor":12.0},{"not_picked":["Distraction","Expertise"],"picked":"Calculated Gamble","floor":14.0},{"not_picked":["Outmaneuver","Underhanded Strike","Bane"],"picked":"SKIP","floor":15.0}],"player_experience":2979276,"relics_obtained":[{"floor":8.0,"key":"Strawberry"},{"floor":10.0,"key":"Orichalcum"},{"floor":12.0,"key":"Snake Skull"},{"floor":13.0,"key":"MealTicket"},{"floor":14.0,"key":"Kunai"}],"event_choices":[],"is_beta":false,"boss_relics":[],"items_purged_floors":[3],"is_endless":false,"potions_floor_spawned":[2,6,11,12],"killed_by":"Slime Boss","ascension_level":20}}