{"host":"u0qetpmu4y58k1tf","time":1612184848,"event":{"mods":["AchievementEnabler","BaseMod","Colored Map","Colored Powertips","Hermit","Marisa£¨Ùöéë¡¡Øª×âÞÞ£©","Minty Spire (QoL Compilation)","Replay The Spire","StSLib","SuperFastMode","The Bug Knight","The Cursed","The Hierophant","The Runesmith"],"gold_per_floor":[115,126,126,13,33,59,71,96,119,153,163,189,200,225,225,321,321,334,334,350,360,374,374,374],"floor_reached":23,"language":"KOR","playtime":1564,"items_purged":["Strike_G"],"score":270,"play_id":"530fc888-ba53-4a19-a337-2d5c214c2605","local_time":"20210201220728","is_ascension_mode":true,"campfire_choices":[{"floor":15,"key":"REST"}],"circlet_count":0,"master_deck":["Defend_G+1","Defend_G","Defend_G","Defend_G","Survivor","Neutralize","Blade Dance","Hidden Blade+1","Infinite Blades","Accuracy","Cloak And Dagger","Infinite Blades","ReplayTheSpireMod:Scrap Shanks","Acrobatics","Replay:Bag of Tricks","Slice","Cloak And Dagger","Deflect+1","Heel Hook"],"relics":["Ring of the Snake","Centennial Puzzle","ReplayTheSpireMod:Ring of Addiction","Chameleon Ring","Toy Ornithopter","Ring of Hypnosis","Pear","ReplayTheSpireMod:Lightbulb","Lantern","Omamori","Potion Belt","War Paint","Kintsugi","The Specimen"],"acts_visited":["Exordium","TheCity"],"potions_floor_usage":[6,8,11,12,12,14,20,23],"damage_taken":[{"damage":0,"enemies":"Jaw Worm","floor":1,"turns":4},{"damage":0,"enemies":"Small Slimes","floor":2,"turns":3},{"damage":0,"enemies":"Cultist","floor":5,"turns":3},{"damage":11,"enemies":"Replay:BlueRogue","floor":6,"turns":4},{"damage":0,"enemies":"Large Slime","floor":7,"turns":3},{"damage":15,"enemies":"HollowMod:MossKnight","floor":8,"turns":5},{"damage":15,"enemies":"Replay:BlueRogue","floor":10,"turns":4},{"damage":0,"enemies":"2 Fungi Beasts","floor":11,"turns":2},{"damage":2,"enemies":"Lagavulin","floor":12,"turns":3},{"damage":30,"enemies":"3 Louse","floor":13,"turns":3},{"damage":7,"enemies":"3 Sentries","floor":14,"turns":3},{"damage":26,"enemies":"Fading Forest","floor":16,"turns":11},{"damage":8,"enemies":"Shell Parasite","floor":18,"turns":3},{"damage":14,"enemies":"3 Byrds","floor":20,"turns":5},{"damage":26,"enemies":"Shelled Parasite and Fungi","floor":21,"turns":7},{"damage":28,"enemies":"Snake Plant","floor":22,"turns":6},{"damage":12,"enemies":"Book of Stabbing","floor":23,"turns":4}],"seed_played":"-1236492472057209805","potions_obtained":[{"floor":3,"key":"CultistPotion"},{"floor":3,"key":"Milkshake"},{"floor":3,"key":"Explosive Potion"},{"floor":5,"key":"Weak Potion"},{"floor":8,"key":"DuplicationPotion"},{"floor":10,"key":"SkillPotion"},{"floor":11,"key":"Toxic Potion"},{"floor":14,"key":"PowerPotion"},{"floor":16,"key":"Venom Potion"},{"floor":21,"key":"AttackPotion"}],"is_trial":false,"path_per_floor":["M","M","?","$","M","E","M","E","T","E","M","E","M","E","R","B",null,"M","?","M","M","M","E"],"character_chosen":"THE_SILENT","items_purchased":["Infinite Blades"],"campfire_rested":1,"item_purchase_floors":[4],"current_hp_per_floor":[70,70,70,70,70,69,69,59,59,44,49,57,27,25,49,35,80,70,70,61,35,7,0,0],"gold":374,"neow_bonus":"RANDOM_COMMON_RELIC","is_daily":false,"chose_seed":false,"campfire_upgraded":0,"win_rate":0.0,"timestamp":1612184848,"path_taken":["M","M","?","$","M","E","M","E","T","E","M","E","M","E","R","BOSS","M","?","?","?","M","E"],"items_purchased_type":["Card"],"build_version":"2020-12-22","purchased_purges":1,"victory":false,"max_hp_per_floor":[70,70,70,70,70,80,80,80,80,80,80,80,80,80,80,80,80,78,78,78,78,78,78,78],"card_choices":[{"not_picked":["Outmaneuver","Sucker Punch"],"picked":"Blade Dance","floor":1},{"not_picked":["Underhanded Strike","Deflect"],"picked":"Hidden Blade","floor":2},{"not_picked":["Expertise","Dagger Throw"],"picked":"Accuracy","floor":5},{"not_picked":["Dagger Spray","Flechettes"],"picked":"Cloak And Dagger","floor":6},{"not_picked":["Bane","Bouncing Flask"],"picked":"Infinite Blades","floor":7},{"not_picked":["Deadly Poison","Dash"],"picked":"ReplayTheSpireMod:Scrap Shanks","floor":8},{"not_picked":["Outmaneuver","Dagger Throw"],"picked":"Acrobatics","floor":10},{"not_picked":["Deadly Poison","Flying Knee","Backflip"],"picked":"SKIP","floor":11},{"not_picked":["Malaise","Bane","Outmaneuver"],"picked":"SKIP","floor":12},{"not_picked":["Bane","Acrobatics","Deadly Poison"],"picked":"SKIP","floor":13},{"not_picked":["ReplayTheSpireMod:Necrosis","Flechettes","Cloak And Dagger"],"picked":"SKIP","floor":14},{"not_picked":["Wraith Form v2","ReplayTheSpireMod:From All Sides"],"picked":"Replay:Bag of Tricks","floor":16},{"not_picked":["Dagger Throw","Riddle With Holes"],"picked":"Slice","floor":18},{"not_picked":["Hidden Blade","Acrobatics"],"picked":"Cloak And Dagger","floor":20},{"not_picked":["PiercingWail","ReplayTheSpireMod:Tripwire"],"picked":"Deflect+1","floor":21},{"not_picked":["Dagger Throw","Deadly Poison+1"],"picked":"Heel Hook","floor":22}],"player_experience":63084,"relics_obtained":[{"floor":3,"key":"ReplayTheSpireMod:Ring of Addiction"},{"floor":3,"key":"Chameleon Ring"},{"floor":3,"key":"Toy Ornithopter"},{"floor":3,"key":"Ring of Hypnosis"},{"floor":6,"key":"Pear"},{"floor":8,"key":"ReplayTheSpireMod:Lightbulb"},{"floor":9,"key":"Lantern"},{"floor":10,"key":"Omamori"},{"floor":12,"key":"Potion Belt"},{"floor":14,"key":"War Paint"}],"event_choices":[{"damage_healed":0,"gold_gain":0,"player_choice":"Gave Potion","damage_taken":0,"relics_obtained":["The Specimen"],"max_hp_gain":0,"max_hp_loss":0,"event_name":"WeMeetAgain","floor":19,"gold_loss":0}],"is_beta":false,"boss_relics":[{"not_picked":["Replay:Bronze Core","SacredBark"],"picked":"Kintsugi"}],"items_purged_floors":[4],"is_endless":false,"potions_floor_spawned":[5,8,10,11,14,16,21],"killed_by":"Book of Stabbing","ascension_level":3}}